<?xml version="1.0" encoding="UTF-8"?>
<!DOCTYPE html PUBLIC "-//W3C//DTD XHTML 1.0 Transitional//EN"
    "http://www.w3.org/TR/xhtml1/DTD/xhtml1-transitional.dtd">
<html xmlns="http://www.w3.org/1999/xhtml" xml:lang="en" lang="en">
 <head>
  <title>
</title>
<meta http-equiv="Content-Type" content="text/html;charset=utf-8" />
  <meta name='ocr-system' content='tesseract 3.04.00' />
  <meta name='ocr-capabilities' content='ocr_page ocr_carea ocr_par ocr_line ocrx_word'/>
</head>
<body>
  <div class='ocr_page' id='page_1' title='image "./qcurtiirufidege00zumpgoog_0086.png"; bbox 0 0 3214 5288; ppageno 0'>
   <div class='ocr_carea' id='block_1_1' title="bbox 522 333 1382 417">
    <p class='ocr_par' dir='ltr' id='par_1_1' title="bbox 522 333 1382 417">
     <span class='ocr_line' id='line_1_1' title="bbox 522 333 1382 417; baseline 0.006 -21"><span class='ocrx_word' id='word_1_1' title='bbox 522 346 573 397; x_wconf 84' lang='lat' dir='ltr'>ns</span> <span class='ocrx_word' id='word_1_2' title='bbox 599 343 728 398; x_wconf 81' lang='lat' dir='ltr'>ensrrs</span> <span class='ocrx_word' id='word_1_3' title='bbox 753 345 864 398; x_wconf 76' lang='lat' dir='ltr'>anax.</span> <span class='ocrx_word' id='word_1_4' title='bbox 890 347 943 417; x_wconf 91' lang='lat' dir='ltr'>m,</span> <span class='ocrx_word' id='word_1_5' title='bbox 969 345 1011 392; x_wconf 78' lang='lat' dir='ltr'>ar.</span> <span class='ocrx_word' id='word_1_6' title='bbox 1334 333 1382 404; x_wconf 79' lang='lat'>57</span> 
     </span>
    </p>
   </div>
   <div class='ocr_carea' id='block_1_2' title="bbox 11 501 1434 2712">
    <p class='ocr_par' dir='ltr' id='par_1_2' title="bbox 11 501 1434 2712">
     <span class='ocr_line' id='line_1_2' title="bbox 11 501 1384 613; baseline 0.002 -26"><span class='ocrx_word' id='word_1_7' title='bbox 11 547 13 552; x_wconf 96' lang='lat'>·</span> <span class='ocrx_word' id='word_1_8' title='bbox 127 515 201 588; x_wconf 90' lang='lat' dir='ltr'>nia</span> <span class='ocrx_word' id='word_1_9' title='bbox 227 511 407 613; x_wconf 88' lang='lat' dir='ltr'>stipendio</span> <span class='ocrx_word' id='word_1_10' title='bbox 433 513 570 612; x_wconf 76' lang='lat' dir='ltr'><strong>ingenti</strong></span> <span class='ocrx_word' id='word_1_11' title='bbox 594 513 747 586; x_wconf 89' lang='lat' dir='ltr'>rnilitum</span> <span class='ocrx_word' id='word_1_12' title='bbox 771 521 995 612; x_wconf 88' lang='lat' dir='ltr'>praeparata,</span> <span class='ocrx_word' id='word_1_13' title='bbox 1021 515 1080 589; x_wconf 90' lang='lat' dir='ltr'>ille</span> <span class='ocrx_word' id='word_1_14' title='bbox 1097 501 1213 589; x_wconf 74' lang='lat' dir='ltr'>cultris</span> <span class='ocrx_word' id='word_1_15' title='bbox 1239 527 1297 590; x_wconf 87' lang='lat' dir='ltr'>tot</span> <span class='ocrx_word' id='word_1_16' title='bbox 1321 543 1384 590; x_wconf 92' lang='lat' dir='ltr'>no·</span> 
     </span>
     <span class='ocr_line' id='line_1_3' title="bbox 128 623 1384 718; baseline 0.002 -20"><span class='ocrx_word' id='word_1_17' title='bbox 128 625 267 698; x_wconf 87' lang='lat' dir='ltr'>biliam</span> <span class='ocrx_word' id='word_1_18' title='bbox 291 623 461 715; x_wconf 87' lang='lat' dir='ltr'>virorum,</span> <span class='ocrx_word' id='word_1_19' title='bbox 495 634 553 697; x_wconf 88' lang='lat' dir='ltr'>tot</span> <span class='ocrx_word' id='word_1_20' title='bbox 577 623 768 698; x_wconf 74' lang='lat' dir='ltr'>illustrium</span> <span class='ocrx_word' id='word_1_21' title='bbox 793 625 1015 715; x_wconf 87' lang='lat' dir='ltr'>seminarum,</span> <span class='ocrx_word' id='word_1_22' title='bbox 1054 651 1164 700; x_wconf 90' lang='lat' dir='ltr'>aurea</span> <span class='ocrx_word' id='word_1_23' title='bbox 1193 652 1291 718; x_wconf 83' lang='lat' dir='ltr'>vasa,</span> <span class='ocrx_word' id='word_1_24' title='bbox 1324 653 1384 700; x_wconf 90' lang='lat' dir='ltr'>au·</span> 
     </span>
     <span class='ocr_line' id='line_1_4' title="bbox 78 733 1386 834; baseline 0.005 -30"><span class='ocrx_word' id='word_1_25' title='bbox 78 735 195 810; x_wconf 84' lang='lat' dir='ltr'>urei</span> <span class='ocrx_word' id='word_1_26' title='bbox 218 735 321 826; x_wconf 82' lang='lat' dir='ltr'>freni,</span> <span class='ocrx_word' id='word_1_27' title='bbox 346 733 579 814; x_wconf 85' lang='lat' dir='ltr'>tabemacula</span> <span class='ocrx_word' id='word_1_28' title='bbox 604 737 716 834; x_wconf 87' lang='lat' dir='ltr'>regali</span> <span class='ocrx_word' id='word_1_29' title='bbox 750 735 1014 833; x_wconf 88' lang='lat' dir='ltr'>magnificentia</span> <span class='ocrx_word' id='word_1_30' title='bbox 1049 747 1186 826; x_wconf 87' lang='lat' dir='ltr'>ornata,</span> <span class='ocrx_word' id='word_1_31' title='bbox 1221 738 1386 810; x_wconf 87' lang='lat' dir='ltr'>vehicula</span> 
     </span>
     <span class='ocr_line' id='line_1_5' title="bbox 130 844 1384 947; baseline 0.001 -26"><span class='ocrx_word' id='word_1_32' title='bbox 130 871 285 945; x_wconf 88' lang='lat' dir='ltr'>quoque</span> <span class='ocrx_word' id='word_1_33' title='bbox 320 870 344 917; x_wconf 89' lang='lat' dir='ltr'>a</span> <span class='ocrx_word' id='word_1_34' title='bbox 377 846 451 919; x_wconf 89' lang='lat' dir='ltr'>suis</span> <span class='ocrx_word' id='word_1_35' title='bbox 483 844 666 937; x_wconf 83' lang='lat' dir='ltr'>destituta,</span> <span class='ocrx_word' id='word_1_36' title='bbox 700 847 856 945; x_wconf 87' lang='lat' dir='ltr'>ingentis</span> <span class='ocrx_word' id='word_1_37' title='bbox 890 847 1094 944; x_wconf 81' lang='lat' dir='ltr'>opulentiae</span> <span class='ocrx_word' id='word_1_38' title='bbox 1128 849 1244 947; x_wconf 93' lang='lat' dir='ltr'>plena,</span> <span class='ocrx_word' id='word_1_39' title='bbox 1275 849 1384 922; x_wconf 87' lang='lat' dir='ltr'>facies</span> 
     </span>
     <span class='ocr_line' id='line_1_6' title="bbox 131 953 1383 1055; baseline 0 -23"><span class='ocrx_word' id='word_1_40' title='bbox 131 959 250 1032; x_wconf 88' lang='lat' dir='ltr'>etiam</span> <span class='ocrx_word' id='word_1_41' title='bbox 282 953 539 1055; x_wconf 72' lang='lat' dir='ltr'><strong>praedantibus</strong></span> <span class='ocrx_word' id='word_1_42' title='bbox 565 957 688 1048; x_wconf 87' lang='lat' dir='ltr'>tristis,</span> <span class='ocrx_word' id='word_1_43' title='bbox 723 958 754 1030; x_wconf 92' lang='lat' dir='ltr'>si</span> <span class='ocrx_word' id='word_1_44' title='bbox 780 981 852 1054; x_wconf 93' lang='lat' dir='ltr'>qua</span> <span class='ocrx_word' id='word_1_45' title='bbox 876 981 935 1031; x_wconf 91' lang='lat' dir='ltr'>res</span> <span class='ocrx_word' id='word_1_46' title='bbox 961 958 1149 1032; x_wconf 89' lang='lat' dir='ltr'>avaritiam</span> <span class='ocrx_word' id='word_1_47' title='bbox 1174 971 1383 1034; x_wconf 89' lang='lat' dir='ltr'>moraretur.</span> 
     </span>
     <span class='ocr_line' id='line_1_7' title="bbox 132 1065 1386 1166; baseline 0.002 -25"><span class='ocrx_word' id='word_1_48' title='bbox 132 1065 282 1166; x_wconf 81' lang='lat' dir='ltr'>Quippe</span> <span class='ocrx_word' id='word_1_49' title='bbox 307 1077 365 1142; x_wconf 89' lang='lat' dir='ltr'>tot</span> <span class='ocrx_word' id='word_1_50' title='bbox 390 1091 567 1142; x_wconf 91' lang='lat' dir='ltr'>annorum</span> <span class='ocrx_word' id='word_1_51' title='bbox 592 1066 790 1142; x_wconf 81' lang='lat' dir='ltr'>incredibili</span> <span class='ocrx_word' id='word_1_52' title='bbox 815 1078 853 1142; x_wconf 88' lang='lat' dir='ltr'>et</span> <span class='ocrx_word' id='word_1_53' title='bbox 877 1067 986 1142; x_wconf 89' lang='lat' dir='ltr'>fidem</span> <span class='ocrx_word' id='word_1_54' title='bbox 1016 1067 1215 1144; x_wconf 79' lang='lat' dir='ltr'>excedente</span> <span class='ocrx_word' id='word_1_55' title='bbox 1240 1070 1386 1144; x_wconf 88' lang='lat' dir='ltr'>fortuna</span> 
     </span>
     <span class='ocr_line' id='line_1_8' title="bbox 134 1177 1384 1276; baseline 0.002 -24"><span class='ocrx_word' id='word_1_56' title='bbox 134 1179 334 1270; x_wconf 85' lang='lat' dir='ltr'>cumulata,</span> <span class='ocrx_word' id='word_1_57' title='bbox 359 1188 447 1251; x_wconf 91' lang='lat' dir='ltr'>tunc</span> <span class='ocrx_word' id='word_1_58' title='bbox 472 1178 543 1252; x_wconf 89' lang='lat' dir='ltr'>alia</span> <span class='ocrx_word' id='word_1_59' title='bbox 568 1177 739 1276; x_wconf 82' lang='lat' dir='ltr'>stirpibus</span> <span class='ocrx_word' id='word_1_60' title='bbox 773 1178 939 1270; x_wconf 82' lang='lat' dir='ltr'>lacerata,</span> <span class='ocrx_word' id='word_1_61' title='bbox 972 1180 1042 1252; x_wconf 92' lang='lat' dir='ltr'>alia</span> <span class='ocrx_word' id='word_1_62' title='bbox 1072 1181 1110 1253; x_wconf 92' lang='lat' dir='ltr'>in</span> <span class='ocrx_word' id='word_1_63' title='bbox 1142 1205 1294 1254; x_wconf 88' lang='lat' dir='ltr'>coenum</span> <span class='ocrx_word' id='word_1_64' title='bbox 1325 1180 1384 1254; x_wconf 90' lang='lat' dir='ltr'>de·</span> 
     </span>
     <span class='ocr_line' id='line_1_9' title="bbox 132 1288 1383 1390; baseline 0.002 -28"><span class='ocrx_word' id='word_1_65' title='bbox 132 1314 260 1364; x_wconf 85' lang='lat' dir='ltr'>mersa</span> <span class='ocrx_word' id='word_1_66' title='bbox 298 1288 540 1366; x_wconf 85' lang='lat' dir='ltr'>eruebantru:</span> <span class='ocrx_word' id='word_1_67' title='bbox 587 1314 662 1362; x_wconf 91' lang='lat' dir='ltr'>non</span> <span class='ocrx_word' id='word_1_68' title='bbox 701 1288 927 1364; x_wconf 86' lang='lat' dir='ltr'>sufficiebant</span> <span class='ocrx_word' id='word_1_69' title='bbox 964 1289 1216 1390; x_wconf 77' lang='lat' dir='ltr'>praedantium</span> <span class='ocrx_word' id='word_1_70' title='bbox 1254 1317 1383 1366; x_wconf 89' lang='lat' dir='ltr'>manus</span> 
     </span>
     <span class='ocr_line' id='line_1_10' title="bbox 133 1399 1219 1500; baseline 0.006 -26"><span class='ocrx_word' id='word_1_71' title='bbox 133 1399 309 1500; x_wconf 86' lang='lat' dir='ltr'>praedae.</span> <span class='ocrx_word' id='word_1_72' title='bbox 1217 1472 1219 1480; x_wconf 84' lang='lat'>.</span> 
     </span>
     <span class='ocr_line' id='line_1_11' title="bbox 79 1510 1434 1610; baseline 0.009 -28"><span class='ocrx_word' id='word_1_73' title='bbox 79 1535 115 1583; x_wconf 85' lang='lat' dir='ltr'>ra</span> <span class='ocrx_word' id='word_1_74' title='bbox 246 1511 393 1609; x_wconf 88' lang='lat' dir='ltr'>Iamque</span> <span class='ocrx_word' id='word_1_75' title='bbox 420 1513 528 1584; x_wconf 89' lang='lat' dir='ltr'>etiam</span> <span class='ocrx_word' id='word_1_76' title='bbox 554 1510 602 1585; x_wconf 89' lang='lat' dir='ltr'>ad</span> <span class='ocrx_word' id='word_1_77' title='bbox 627 1535 700 1602; x_wconf 91' lang='lat' dir='ltr'>eos,</span> <span class='ocrx_word' id='word_1_78' title='bbox 727 1510 788 1608; x_wconf 88' lang='lat' dir='ltr'>qui</span> <span class='ocrx_word' id='word_1_79' title='bbox 800 1511 905 1610; x_wconf 90' lang='lat' dir='ltr'>primi</span> <span class='ocrx_word' id='word_1_80' title='bbox 922 1511 1099 1610; x_wconf 84' lang='lat' dir='ltr'>fugerant,</span> <span class='ocrx_word' id='word_1_81' title='bbox 1125 1523 1274 1586; x_wconf 89' lang='lat' dir='ltr'>ventum</span> <span class='ocrx_word' id='word_1_82' title='bbox 1288 1521 1434 1593; x_wconf 77' lang='lat' dir='ltr'>eratz35</span> 
     </span>
     <span class='ocr_line' id='line_1_12' title="bbox 133 1622 1385 1722; baseline 0.002 -26"><span class='ocrx_word' id='word_1_83' title='bbox 133 1623 294 1698; x_wconf 74' lang='lat' dir='ltr'>{eminae</span> <span class='ocrx_word' id='word_1_84' title='bbox 331 1624 523 1721; x_wconf 88' lang='lat' dir='ltr'>pleraeque</span> <span class='ocrx_word' id='word_1_85' title='bbox 561 1647 695 1722; x_wconf 90' lang='lat' dir='ltr'>parvos</span> <span class='ocrx_word' id='word_1_86' title='bbox 733 1622 917 1697; x_wconf 76' lang='lat' dir='ltr'>trahentes</span> <span class='ocrx_word' id='word_1_87' title='bbox 950 1624 1083 1698; x_wconf 87' lang='lat' dir='ltr'>liberos</span> <span class='ocrx_word' id='word_1_88' title='bbox 1124 1623 1234 1698; x_wconf 87' lang='lat' dir='ltr'>ibant.</span> <span class='ocrx_word' id='word_1_89' title='bbox 1286 1626 1385 1700; x_wconf 90' lang='lat' dir='ltr'>Inter</span> 
     </span>
     <span class='ocr_line' id='line_1_13' title="bbox 136 1729 1384 1834; baseline 0.002 -27"><span class='ocrx_word' id='word_1_90' title='bbox 136 1759 240 1832; x_wconf 40' lang='lat' dir='ltr'>quas,</span> <span class='ocrx_word' id='word_1_91' title='bbox 269 1734 370 1808; x_wconf 87' lang='lat' dir='ltr'>fuere</span> <span class='ocrx_word' id='word_1_92' title='bbox 406 1733 573 1832; x_wconf 89' lang='lat' dir='ltr'>virgines,</span> <span class='ocrx_word' id='word_1_93' title='bbox 614 1729 715 1822; x_wconf 86' lang='lat' dir='ltr'>Ochi,</span> <span class='ocrx_word' id='word_1_94' title='bbox 760 1734 821 1829; x_wconf 93' lang='lat' dir='ltr'>qui</span> <span class='ocrx_word' id='word_1_95' title='bbox 852 1743 936 1807; x_wconf 89' lang='lat' dir='ltr'>ante</span> <span class='ocrx_word' id='word_1_96' title='bbox 968 1735 1127 1808; x_wconf 87' lang='lat' dir='ltr'>Dareum</span> <span class='ocrx_word' id='word_1_97' title='bbox 1158 1748 1384 1834; x_wconf 85' lang='lat' dir='ltr'>regnaverat,</span> 
     </span>
     <span class='ocr_line' id='line_1_14' title="bbox 134 1843 1383 1944; baseline 0 -26"><span class='ocrx_word' id='word_1_98' title='bbox 134 1845 246 1935; x_wconf 87' lang='lat' dir='ltr'>filiae,</span> <span class='ocrx_word' id='word_1_99' title='bbox 272 1845 357 1919; x_wconf 92' lang='lat' dir='ltr'>olim</span> <span class='ocrx_word' id='word_1_100' title='bbox 383 1843 527 1944; x_wconf 89' lang='lat' dir='ltr'>quidem</span> <span class='ocrx_word' id='word_1_101' title='bbox 553 1868 601 1917; x_wconf 88' lang='lat' dir='ltr'>ex</span> <span class='ocrx_word' id='word_1_102' title='bbox 625 1843 768 1940; x_wconf 81' lang='lat' dir='ltr'>fastigio</span> <span class='ocrx_word' id='word_1_103' title='bbox 795 1855 947 1943; x_wconf 87' lang='lat' dir='ltr'>paterno</span> <span class='ocrx_word' id='word_1_104' title='bbox 973 1871 1094 1919; x_wconf 89' lang='lat' dir='ltr'>rerum</span> <span class='ocrx_word' id='word_1_105' title='bbox 1108 1847 1306 1919; x_wconf 86' lang='lat' dir='ltr'>mutatione</span> <span class='ocrx_word' id='word_1_106' title='bbox 1324 1845 1383 1918; x_wconf 90' lang='lat' dir='ltr'>dc·</span> 
     </span>
     <span class='ocr_line' id='line_1_15' title="bbox 134 1955 1383 2051; baseline -0.001 -22"><span class='ocrx_word' id='word_1_107' title='bbox 134 1965 289 2048; x_wconf 84' lang='lat' dir='ltr'>tractae,</span> <span class='ocrx_word' id='word_1_108' title='bbox 328 1955 393 2030; x_wconf 89' lang='lat' dir='ltr'>sed</span> <span class='ocrx_word' id='word_1_109' title='bbox 430 1967 510 2030; x_wconf 90' lang='lat' dir='ltr'>tum</span> <span class='ocrx_word' id='word_1_110' title='bbox 541 1965 677 2030; x_wconf 88' lang='lat' dir='ltr'>sortem</span> <span class='ocrx_word' id='word_1_111' title='bbox 708 1977 831 2026; x_wconf 88' lang='lat' dir='ltr'>earum</span> <span class='ocrx_word' id='word_1_112' title='bbox 866 1955 1044 2028; x_wconf 86' lang='lat' dir='ltr'>crudelius</span> <span class='ocrx_word' id='word_1_113' title='bbox 1070 1966 1289 2051; x_wconf 80' lang='lat' dir='ltr'>aggravante</span> <span class='ocrx_word' id='word_1_114' title='bbox 1315 1957 1383 2028; x_wconf 85' lang='lat' dir='ltr'>for·</span> 
     </span>
     <span class='ocr_line' id='line_1_16' title="bbox 82 2055 1383 2166; baseline 0.001 -29"><span class='ocrx_word' id='word_1_115' title='bbox 82 2090 115 2140; x_wconf 83' lang='lat' dir='ltr'>rs</span> <span class='ocrx_word' id='word_1_116' title='bbox 134 2077 240 2142; x_wconf 66' lang='lat' dir='ltr'>tima</span> <span class='ocrx_word' id='word_1_117' title='bbox 292 2065 335 2140; x_wconf 94' lang='lat' dir='ltr'>In</span> <span class='ocrx_word' id='word_1_118' title='bbox 375 2066 502 2142; x_wconf 89' lang='lat' dir='ltr'>eodem</span> <span class='ocrx_word' id='word_1_119' title='bbox 540 2091 650 2166; x_wconf 85' lang='lat' dir='ltr'>grege</span> <span class='ocrx_word' id='word_1_120' title='bbox 689 2089 783 2137; x_wconf 86' lang='lat' dir='ltr'>uxor</span> <span class='ocrx_word' id='word_1_121' title='bbox 822 2089 964 2164; x_wconf 90' lang='lat' dir='ltr'>quoque</span> <span class='ocrx_word' id='word_1_122' title='bbox 997 2065 1158 2139; x_wconf 91' lang='lat' dir='ltr'>eiusdem</span> <span class='ocrx_word' id='word_1_123' title='bbox 1184 2055 1275 2140; x_wconf 88' lang='lat' dir='ltr'>Ochi</span> <span class='ocrx_word' id='word_1_124' title='bbox 1305 2067 1383 2157; x_wconf 83' lang='lat' dir='ltr'>firit,</span> 
     </span>
     <span class='ocr_line' id='line_1_17' title="bbox 137 2173 1384 2278; baseline -0.001 -27"><span class='ocrx_word' id='word_1_125' title='bbox 137 2175 387 2275; x_wconf 85' lang='lat' dir='ltr'>Oxathrisque</span> <span class='ocrx_word' id='word_1_126' title='bbox 426 2179 552 2278; x_wconf 83' lang='lat' dir='ltr'>(frater</span> <span class='ocrx_word' id='word_1_127' title='bbox 578 2176 636 2250; x_wconf 91' lang='lat' dir='ltr'>hic</span> <span class='ocrx_word' id='word_1_128' title='bbox 663 2184 741 2249; x_wconf 90' lang='lat' dir='ltr'>erat</span> <span class='ocrx_word' id='word_1_129' title='bbox 766 2173 890 2273; x_wconf 89' lang='lat' dir='ltr'>Darei)</span> <span class='ocrx_word' id='word_1_130' title='bbox 917 2177 1000 2268; x_wconf 90' lang='lat' dir='ltr'>filia,</span> <span class='ocrx_word' id='word_1_131' title='bbox 1026 2187 1064 2250; x_wconf 89' lang='lat' dir='ltr'>et</span> <span class='ocrx_word' id='word_1_132' title='bbox 1095 2177 1252 2250; x_wconf 84' lang='lat' dir='ltr'>coniunx</span> <span class='ocrx_word' id='word_1_133' title='bbox 1278 2177 1384 2250; x_wconf 84' lang='lat' dir='ltr'>Arta·</span> 
     </span>
     <span class='ocr_line' id='line_1_18' title="bbox 135 2287 1383 2388; baseline 0 -26"><span class='ocrx_word' id='word_1_134' title='bbox 135 2289 232 2379; x_wconf 90' lang='lat' dir='ltr'>bazi,</span> <span class='ocrx_word' id='word_1_135' title='bbox 257 2288 426 2388; x_wconf 86' lang='lat' dir='ltr'>principis</span> <span class='ocrx_word' id='word_1_136' title='bbox 452 2297 743 2388; x_wconf 84' lang='lat' dir='ltr'>purpuratorum,</span> <span class='ocrx_word' id='word_1_137' title='bbox 779 2296 816 2360; x_wconf 89' lang='lat' dir='ltr'>et</span> <span class='ocrx_word' id='word_1_138' title='bbox 841 2289 945 2379; x_wconf 90' lang='lat' dir='ltr'>filius,</span> <span class='ocrx_word' id='word_1_139' title='bbox 986 2289 1042 2362; x_wconf 91' lang='lat' dir='ltr'>cui</span> <span class='ocrx_word' id='word_1_140' title='bbox 1067 2287 1203 2362; x_wconf 89' lang='lat' dir='ltr'>Ilioneo</span> <span class='ocrx_word' id='word_1_141' title='bbox 1228 2288 1297 2362; x_wconf 85' lang='lat' dir='ltr'>fuit</span> <span class='ocrx_word' id='word_1_142' title='bbox 1321 2315 1383 2363; x_wconf 91' lang='lat' dir='ltr'>no-</span> 
     </span>
     <span class='ocr_line' id='line_1_19' title="bbox 82 2397 1382 2498; baseline 0.005 -32"><span class='ocrx_word' id='word_1_143' title='bbox 82 2418 117 2466; x_wconf 80' lang='lat'>14</span> <span class='ocrx_word' id='word_1_144' title='bbox 134 2424 234 2473; x_wconf 85' lang='lat' dir='ltr'>men.</span> <span class='ocrx_word' id='word_1_145' title='bbox 268 2397 492 2473; x_wconf 88' lang='lat' dir='ltr'>Pharnabazi</span> <span class='ocrx_word' id='word_1_146' title='bbox 505 2423 658 2496; x_wconf 90' lang='lat' dir='ltr'>quoque,</span> <span class='ocrx_word' id='word_1_147' title='bbox 684 2399 742 2471; x_wconf 89' lang='lat' dir='ltr'>cui</span> <span class='ocrx_word' id='word_1_148' title='bbox 767 2423 947 2473; x_wconf 90' lang='lat' dir='ltr'>summum</span> <span class='ocrx_word' id='word_1_149' title='bbox 970 2399 1159 2498; x_wconf 87' lang='lat' dir='ltr'>imperium</span> <span class='ocrx_word' id='word_1_150' title='bbox 1184 2401 1382 2473; x_wconf 87' lang='lat' dir='ltr'>maritimae</span> 
     </span>
     <span class='ocr_line' id='line_1_20' title="bbox 135 2495 1383 2610; baseline -0.002 -26"><span class='ocrx_word' id='word_1_151' title='bbox 135 2536 226 2584; x_wconf 91' lang='lat' dir='ltr'>orae</span> <span class='ocrx_word' id='word_1_152' title='bbox 252 2535 319 2583; x_wconf 82' lang='lat' dir='ltr'>rex</span> <span class='ocrx_word' id='word_1_153' title='bbox 346 2495 505 2601; x_wconf 88' lang='lat' dir='ltr'>dederat,</span> <span class='ocrx_word' id='word_1_154' title='bbox 530 2535 624 2582; x_wconf 82' lang='lat' dir='ltr'>uxor</span> <span class='ocrx_word' id='word_1_155' title='bbox 650 2535 732 2582; x_wconf 91' lang='lat' dir='ltr'>cum</span> <span class='ocrx_word' id='word_1_156' title='bbox 757 2510 829 2583; x_wconf 94' lang='lat' dir='ltr'>filio</span> <span class='ocrx_word' id='word_1_157' title='bbox 844 2521 997 2610; x_wconf 86' lang='lat' dir='ltr'>excepta</span> <span class='ocrx_word' id='word_1_158' title='bbox 1010 2520 1075 2602; x_wconf 88' lang='lat' dir='ltr'>est,</span> <span class='ocrx_word' id='word_1_159' title='bbox 1102 2509 1274 2584; x_wconf 87' lang='lat' dir='ltr'>Mentoris</span> <span class='ocrx_word' id='word_1_160' title='bbox 1289 2511 1383 2583; x_wconf 89' lang='lat' dir='ltr'>filiae</span> 
     </span>
     <span class='ocr_line' id='line_1_21' title="bbox 134 2619 1382 2712; baseline -0.002 -17"><span class='ocrx_word' id='word_1_161' title='bbox 134 2633 226 2712; x_wconf 89' lang='lat' dir='ltr'>tres,</span> <span class='ocrx_word' id='word_1_162' title='bbox 253 2647 296 2695; x_wconf 91' lang='lat' dir='ltr'>ac</span> <span class='ocrx_word' id='word_1_163' title='bbox 321 2619 530 2695; x_wconf 88' lang='lat' dir='ltr'>nobilissimi</span> <span class='ocrx_word' id='word_1_164' title='bbox 557 2619 657 2694; x_wconf 89' lang='lat' dir='ltr'>ducis</span> <span class='ocrx_word' id='word_1_165' title='bbox 683 2619 883 2695; x_wconf 89' lang='lat' dir='ltr'>Memnonis</span> <span class='ocrx_word' id='word_1_166' title='bbox 909 2623 1066 2695; x_wconf 88' lang='lat' dir='ltr'>coniunx</span> <span class='ocrx_word' id='word_1_167' title='bbox 1101 2633 1138 2694; x_wconf 91' lang='lat' dir='ltr'>et</span> <span class='ocrx_word' id='word_1_168' title='bbox 1163 2623 1266 2695; x_wconf 89' lang='lat' dir='ltr'>lilius.</span> <span class='ocrx_word' id='word_1_169' title='bbox 1295 2619 1382 2695; x_wconf 86' lang='lat' dir='ltr'>Vix·</span> 
     </span>
    </p>
   </div>
   <div class='ocr_carea' id='block_1_3' title="bbox 135 2791 1383 3618">
    <p class='ocr_par' dir='ltr' id='par_1_3' title="bbox 135 2791 1383 3618">
     <span class='ocr_line' id='line_1_22' title="bbox 135 2791 1382 2934; baseline -0.002 -16"><span class='ocrx_word' id='word_1_170' title='bbox 135 2791 744 2934; x_wconf 47' lang='lat' dir='ltr'>castremetati-smil</span> <span class='ocrx_word' id='word_1_171' title='bbox 779 2796 1382 2928; x_wconf 54' lang='lat' dir='ltr'>atrabatensem·</span> 
     </span>
     <span class='ocr_line' id='line_1_23' title="bbox 135 2881 1383 3002; baseline -0.001 -16"><span class='ocrx_word' id='word_1_172' title='bbox 135 2933 399 2987; x_wconf 81' lang='lat' dir='ltr'>matieamnostram</span> <span class='ocrx_word' id='word_1_173' title='bbox 418 2934 441 2999; x_wconf 74' lang='lat'>§-</span> <span class='ocrx_word' id='word_1_174' title='bbox 460 2939 501 2986; x_wconf 82' lang='grc'>99.</span> <span class='ocrx_word' id='word_1_175' title='bbox 530 2903 537 2932; x_wconf 74' lang='lat' dir='ltr'>r</span> <span class='ocrx_word' id='word_1_176' title='bbox 659 2881 691 2933; x_wconf 61' lang='lat' dir='ltr'>gr</span> <span class='ocrx_word' id='word_1_177' title='bbox 798 2949 858 2984; x_wconf 86' lang='lat' dir='ltr'>uam</span> <span class='ocrx_word' id='word_1_178' title='bbox 877 2950 930 2986; x_wconf 91' lang='lat' dir='ltr'>non</span> <span class='ocrx_word' id='word_1_179' title='bbox 948 2949 1017 3002; x_wconf 90' lang='lat' dir='ltr'>nego</span> <span class='ocrx_word' id='word_1_180' title='bbox 1040 2931 1116 2984; x_wconf 84' lang='lat' dir='ltr'>ve&#39;&#39;</span> <span class='ocrx_word' id='word_1_181' title='bbox 1145 2932 1179 2984; x_wconf 89' lang='lat' dir='ltr'>&#39;e</span> <span class='ocrx_word' id='word_1_182' title='bbox 1200 2939 1306 2984; x_wconf 87' lang='lat' dir='ltr'>esseut</span> <span class='ocrx_word' id='word_1_183' title='bbox 1327 2941 1383 2985; x_wconf 90' lang='lat' dir='ltr'>tres</span> 
     </span>
     <span class='ocr_line' id='line_1_24' title="bbox 175 2996 1382 3070; baseline -0.001 -16"><span class='ocrx_word' id='word_1_184' title='bbox 175 3005 200 3070; x_wconf 71' lang='grc' dir='ltr'>ξ.</span> <span class='ocrx_word' id='word_1_185' title='bbox 217 3008 257 3054; x_wconf 92' lang='grc'>11.</span> <span class='ocrx_word' id='word_1_186' title='bbox 292 3002 318 3054; x_wconf 78' lang='lat' dir='ltr'>ai</span> <span class='ocrx_word' id='word_1_187' title='bbox 335 3017 387 3069; x_wconf 82' lang='lat' dir='ltr'>qua</span> <span class='ocrx_word' id='word_1_188' title='bbox 410 3017 453 3052; x_wconf 82' lang='lat' dir='ltr'>res</span> <span class='ocrx_word' id='word_1_189' title='bbox 470 3001 613 3054; x_wconf 56' lang='lat' dir='ltr'>arcarium</span> <span class='ocrx_word' id='word_1_190' title='bbox 630 3017 745 3052; x_wconf 84' lang='lat' dir='ltr'>morare·</span> <span class='ocrx_word' id='word_1_191' title='bbox 807 2999 850 3053; x_wconf 90' lang='lat' dir='ltr'>ehi</span> <span class='ocrx_word' id='word_1_192' title='bbox 876 3000 945 3054; x_wconf 88' lang='lat' dir='ltr'>filiae</span> <span class='ocrx_word' id='word_1_193' title='bbox 967 2999 1078 3066; x_wconf 85' lang='lat' dir='ltr'>suerint,</span> <span class='ocrx_word' id='word_1_194' title='bbox 1105 2998 1228 3068; x_wconf 85' lang='lat' dir='ltr'>quoniam</span> <span class='ocrx_word' id='word_1_195' title='bbox 1254 2996 1382 3053; x_wconf 79' lang='lat' dir='ltr'>hrrianus</span> 
     </span>
     <span class='ocr_line' id='line_1_25' title="bbox 138 3066 1382 3139; baseline -0.003 -14"><span class='ocrx_word' id='word_1_196' title='bbox 138 3073 194 3138; x_wconf 73' lang='lat' dir='ltr'>tur]</span> <span class='ocrx_word' id='word_1_197' title='bbox 213 3068 353 3139; x_wconf 80' lang='lat' dir='ltr'>Significat</span> <span class='ocrx_word' id='word_1_198' title='bbox 369 3067 496 3122; x_wconf 86' lang='lat' dir='ltr'>militibus</span> <span class='ocrx_word' id='word_1_199' title='bbox 515 3068 600 3122; x_wconf 81' lang='lat' dir='ltr'>avaris</span> <span class='ocrx_word' id='word_1_200' title='bbox 616 3085 651 3120; x_wconf 92' lang='lat' dir='ltr'>ne</span> <span class='ocrx_word' id='word_1_201' title='bbox 668 3067 745 3120; x_wconf 87' lang='lat' dir='ltr'>mise-</span> <span class='ocrx_word' id='word_1_202' title='bbox 779 3082 833 3134; x_wconf 82' lang='lat' dir='ltr'>vn,</span> <span class='ocrx_word' id='word_1_203' title='bbox 851 3075 868 3121; x_wconf 82' lang='lat'>4</span> <span class='ocrx_word' id='word_1_204' title='bbox 886 3068 1068 3123; x_wconf 81' lang='lat' dir='ltr'>Alexandrum</span> <span class='ocrx_word' id='word_1_205' title='bbox 1095 3067 1163 3120; x_wconf 84' lang='lat' dir='ltr'>Susa</span> <span class='ocrx_word' id='word_1_206' title='bbox 1188 3083 1222 3119; x_wconf 87' lang='lat' dir='ltr'>ex</span> <span class='ocrx_word' id='word_1_207' title='bbox 1239 3066 1315 3132; x_wconf 89' lang='lat' dir='ltr'>India</span> <span class='ocrx_word' id='word_1_208' title='bbox 1340 3085 1382 3121; x_wconf 93' lang='lat' dir='ltr'>re-</span> 
     </span>
     <span class='ocr_line' id='line_1_26' title="bbox 136 3133 1381 3208; baseline -0.002 -18"><span class='ocrx_word' id='word_1_209' title='bbox 136 3137 217 3196; x_wconf 75' lang='lat' dir='ltr'>nndi</span> <span class='ocrx_word' id='word_1_210' title='bbox 253 3137 341 3190; x_wconf 88' lang='lat' dir='ltr'>uidem</span> <span class='ocrx_word' id='word_1_211' title='bbox 363 3143 468 3208; x_wconf 87' lang='lat' dir='ltr'>tempus</span> <span class='ocrx_word' id='word_1_212' title='bbox 490 3136 654 3208; x_wconf 83' lang='lat' dir='ltr'>superfuisse.</span> <span class='ocrx_word' id='word_1_213' title='bbox 691 3133 746 3189; x_wconf 79' lang='lat' dir='ltr'>sed</span> <span class='ocrx_word' id='word_1_214' title='bbox 779 3153 884 3189; x_wconf 86' lang='lat' dir='ltr'>versum</span> <span class='ocrx_word' id='word_1_215' title='bbox 905 3135 1047 3207; x_wconf 78' lang='lat' dir='ltr'>Parysatin</span> <span class='ocrx_word' id='word_1_216' title='bbox 1073 3142 1134 3188; x_wconf 79' lang='grc' dir='ltr'>τῶν</span> <span class='ocrx_word' id='word_1_217' title='bbox 1151 3136 1235 3200; x_wconf 86' lang='grc' dir='ltr'><em>Ὤχου</em></span> <span class='ocrx_word' id='word_1_218' title='bbox 1256 3137 1381 3188; x_wconf 62' lang='lat' dir='ltr'>&amp;ovare-</span> 
     </span>
     <span class='ocr_line' id='line_1_27' title="bbox 137 3155 1382 3278; baseline -0.005 -16"><span class='ocrx_word' id='word_1_219' title='bbox 137 3155 265 3262; x_wconf 38' lang='lat' dir='ltr'>Bernfb</span> <span class='ocrx_word' id='word_1_220' title='bbox 285 3205 357 3259; x_wconf 81' lang='lat' dir='ltr'>Flor.</span> <span class='ocrx_word' id='word_1_221' title='bbox 375 3209 400 3257; x_wconf 90' lang='grc' dir='ltr'>Η</span> <span class='ocrx_word' id='word_1_222' title='bbox 422 3213 451 3258; x_wconf 86' lang='lat' dir='ltr'>et</span> <span class='ocrx_word' id='word_1_223' title='bbox 471 3207 541 3276; x_wconf 85' lang='lat' dir='ltr'>quod</span> <span class='ocrx_word' id='word_1_224' title='bbox 567 3205 648 3260; x_wconf 73' lang='lat' dir='ltr'>miror</span> <span class='ocrx_word' id='word_1_225' title='bbox 665 3203 746 3258; x_wconf 79' lang='lat' dir='ltr'>etiam</span> <span class='ocrx_word' id='word_1_226' title='bbox 780 3224 841 3278; x_wconf 80' lang='grc' dir='ltr'>ρων</span> <span class='ocrx_word' id='word_1_227' title='bbox 857 3204 911 3269; x_wconf 83' lang='grc' dir='ltr'>τὴν</span> <span class='ocrx_word' id='word_1_228' title='bbox 923 3204 1072 3269; x_wconf 70' lang='grc' dir='ltr'>νεωτάτην</span> <span class='ocrx_word' id='word_1_229' title='bbox 1088 3204 1116 3257; x_wconf 92' lang='lat' dir='ltr'>in</span> <span class='ocrx_word' id='word_1_230' title='bbox 1128 3189 1324 3258; x_wconf 78' lang='lat' dir='ltr'>matrimonium</span> <span class='ocrx_word' id='word_1_231' title='bbox 1333 3206 1382 3257; x_wconf 94' lang='lat' dir='ltr'>du-</span> 
     </span>
     <span class='ocr_line' id='line_1_28' title="bbox 137 3271 1193 3344; baseline -0.005 -14"><span class='ocrx_word' id='word_1_232' title='bbox 137 3276 220 3330; x_wconf 82' lang='lat' dir='ltr'>Voss.</span> <span class='ocrx_word' id='word_1_233' title='bbox 238 3281 252 3328; x_wconf 95' lang='lat'>1</span> <span class='ocrx_word' id='word_1_234' title='bbox 272 3273 313 3344; x_wconf 91' lang='lat' dir='ltr'>(ni</span> <span class='ocrx_word' id='word_1_235' title='bbox 330 3274 434 3327; x_wconf 78' lang='lat' dir='ltr'>Vosa2</span> <span class='ocrx_word' id='word_1_236' title='bbox 451 3276 506 3344; x_wconf 85' lang='lat' dir='ltr'>est)</span> <span class='ocrx_word' id='word_1_237' title='bbox 523 3275 549 3327; x_wconf 83' lang='lat' dir='ltr'>si</span> <span class='ocrx_word' id='word_1_238' title='bbox 566 3291 618 3344; x_wconf 82' lang='lat' dir='ltr'>qao</span> <span class='ocrx_word' id='word_1_239' title='bbox 636 3291 665 3327; x_wconf 83' lang='lat' dir='ltr'>re</span> <span class='ocrx_word' id='word_1_240' title='bbox 682 3291 746 3326; x_wconf 85' lang='lat' dir='ltr'>aaa·</span> <span class='ocrx_word' id='word_1_241' title='bbox 779 3271 851 3327; x_wconf 84' lang='lat' dir='ltr'>xisse</span> <span class='ocrx_word' id='word_1_242' title='bbox 867 3271 1016 3328; x_wconf 84' lang='lat' dir='ltr'>Aristobuli</span> <span class='ocrx_word' id='word_1_243' title='bbox 1031 3272 1084 3326; x_wconf 88' lang='lat' dir='ltr'>fide</span> <span class='ocrx_word' id='word_1_244' title='bbox 1101 3272 1193 3326; x_wconf 85' lang='lat' dir='ltr'>tradit.</span> 
     </span>
     <span class='ocr_line' id='line_1_29' title="bbox 138 3341 746 3413; baseline -0.007 -15"><span class='ocrx_word' id='word_1_245' title='bbox 138 3346 207 3398; x_wconf 68' lang='lat' dir='ltr'>fitia</span> <span class='ocrx_word' id='word_1_246' title='bbox 224 3353 365 3408; x_wconf 81' lang='lat' dir='ltr'>moveatur,</span> <span class='ocrx_word' id='word_1_247' title='bbox 391 3359 444 3412; x_wconf 87' lang='lat' dir='ltr'>quo</span> <span class='ocrx_word' id='word_1_248' title='bbox 462 3343 554 3396; x_wconf 88' lang='lat' dir='ltr'>eodem</span> <span class='ocrx_word' id='word_1_249' title='bbox 571 3341 688 3413; x_wconf 88' lang='lat' dir='ltr'>pertinet</span> <span class='ocrx_word' id='word_1_250' title='bbox 705 3349 746 3394; x_wconf 86' lang='lat' dir='ltr'>et·</span> 
     </span>
     <span class='ocr_line' id='line_1_30' title="bbox 139 3409 745 3481; baseline -0.007 -15"><span class='ocrx_word' id='word_1_251' title='bbox 139 3413 194 3466; x_wconf 85' lang='lat' dir='ltr'>iam</span> <span class='ocrx_word' id='word_1_252' title='bbox 218 3411 288 3465; x_wconf 81' lang='lat' dir='ltr'>Flor.</span> <span class='ocrx_word' id='word_1_253' title='bbox 315 3409 381 3464; x_wconf 83' lang='lat' dir='ltr'>DFl</span> <span class='ocrx_word' id='word_1_254' title='bbox 412 3409 542 3481; x_wconf 85' lang='lat' dir='ltr'>scriptura</span> <span class='ocrx_word' id='word_1_255' title='bbox 573 3413 598 3464; x_wconf 76' lang='lat' dir='ltr'>si</span> <span class='ocrx_word' id='word_1_256' title='bbox 624 3427 676 3479; x_wconf 81' lang='lat' dir='ltr'>qao</span> <span class='ocrx_word' id='word_1_257' title='bbox 702 3427 745 3462; x_wconf 82' lang='lat' dir='ltr'>ras</span> 
     </span>
     <span class='ocr_line' id='line_1_31' title="bbox 140 3477 745 3550; baseline -0.008 -15"><span class='ocrx_word' id='word_1_258' title='bbox 140 3481 260 3535; x_wconf 64' lang='lat' dir='ltr'>acaria</span> <span class='ocrx_word' id='word_1_259' title='bbox 277 3489 410 3532; x_wconf 83' lang='lat' dir='ltr'>moecatur</span> <span class='ocrx_word' id='word_1_260' title='bbox 432 3487 461 3532; x_wconf 88' lang='lat' dir='ltr'>et</span> <span class='ocrx_word' id='word_1_261' title='bbox 476 3478 548 3533; x_wconf 87' lang='lat' dir='ltr'>Flor.</span> <span class='ocrx_word' id='word_1_262' title='bbox 566 3477 590 3532; x_wconf 82' lang='grc' dir='ltr'>Ε</span> <span class='ocrx_word' id='word_1_263' title='bbox 614 3495 630 3532; x_wconf 87' lang='lat' dir='ltr'>a</span> <span class='ocrx_word' id='word_1_264' title='bbox 653 3495 693 3550; x_wconf 91' lang='lat' dir='ltr'>pr.</span> <span class='ocrx_word' id='word_1_265' title='bbox 710 3495 745 3530; x_wconf 92' lang='lat' dir='ltr'>m.</span> 
     </span>
     <span class='ocr_line' id='line_1_32' title="bbox 142 3547 574 3618; baseline -0.005 -15"><span class='ocrx_word' id='word_1_266' title='bbox 142 3553 168 3603; x_wconf 78' lang='lat' dir='ltr'>ri</span> <span class='ocrx_word' id='word_1_267' title='bbox 186 3567 239 3618; x_wconf 79' lang='lat' dir='ltr'>qua</span> <span class='ocrx_word' id='word_1_268' title='bbox 258 3559 280 3602; x_wconf 82' lang='lat' dir='ltr'>ct</span> <span class='ocrx_word' id='word_1_269' title='bbox 299 3547 414 3601; x_wconf 63' lang='lat' dir='ltr'>coemtio</span> <span class='ocrx_word' id='word_1_270' title='bbox 432 3558 574 3601; x_wconf 79' lang='lat' dir='ltr'>moveatur.</span> 
     </span>
    </p>
   </div>
   <div class='ocr_carea' id='block_1_4' title="bbox 144 3617 1384 3753">
    <p class='ocr_par' dir='ltr' id='par_1_4' title="bbox 144 3617 1384 3753">
     <span class='ocr_line' id='line_1_33' title="bbox 144 3617 1384 3753; baseline -0.006 -15"><span class='ocrx_word' id='word_1_271' title='bbox 144 3620 332 3738; x_wconf 53' lang='lat' dir='ltr'>siniit?</span> <span class='ocrx_word' id='word_1_272' title='bbox 341 3617 657 3753; x_wconf 60' lang='lat' dir='ltr'>lttwtttt</span> <span class='ocrx_word' id='word_1_273' title='bbox 674 3682 747 3736; x_wconf 66' lang='lat' dir='ltr'>na.</span> <span class='ocrx_word' id='word_1_274' title='bbox 783 3653 880 3719; x_wconf 66' lang='lat' dir='ltr'>&lt;rar</span> <span class='ocrx_word' id='word_1_275' title='bbox 897 3649 967 3702; x_wconf 61' lang='lat' dir='ltr'>aaa</span> <span class='ocrx_word' id='word_1_276' title='bbox 985 3657 1088 3704; x_wconf 62' lang='lat' dir='ltr'>arat</span> <span class='ocrx_word' id='word_1_277' title='bbox 1111 3650 1139 3703; x_wconf 74' lang='lat'>1¹1</span> <span class='ocrx_word' id='word_1_278' title='bbox 1160 3667 1212 3720; x_wconf 59' lang='grc' dir='ltr'>(ιω</span> <span class='ocrx_word' id='word_1_279' title='bbox 1236 3647 1254 3702; x_wconf 80' lang='lat' dir='ltr'>r</span> <span class='ocrx_word' id='word_1_280' title='bbox 1274 3668 1304 3703; x_wconf 73' lang='lat' dir='ltr'>r</span> <span class='ocrx_word' id='word_1_281' title='bbox 1321 3649 1384 3702; x_wconf 71' lang='lat' dir='ltr'>am</span> 
     </span>
    </p>
   </div>
   <div class='ocr_carea' id='block_1_5' title="bbox 145 3717 1384 3833">
    <p class='ocr_par' dir='ltr' id='par_1_5' title="bbox 145 3717 1384 3833">
     <span class='ocr_line' id='line_1_34' title="bbox 145 3717 1384 3833; baseline -0.019 -40"><span class='ocrx_word' id='word_1_282' title='bbox 145 3751 238 3807; x_wconf 74' lang='lat' dir='ltr'><strong>BDFI</strong></span> <span class='ocrx_word' id='word_1_283' title='bbox 253 3755 432 3806; x_wconf 37' lang='lat' dir='ltr'>megum,</span> <span class='ocrx_word' id='word_1_284' title='bbox 455 3751 564 3822; x_wconf 52' lang='lat' dir='ltr'><strong>Optima</strong></span> <span class='ocrx_word' id='word_1_285' title='bbox 581 3751 748 3833; x_wconf 46' lang='lat' dir='ltr'>estwgm</span> <span class='ocrx_word' id='word_1_286' title='bbox 783 3717 879 3772; x_wconf 84' lang='lat' dir='ltr'>collato</span> <span class='ocrx_word' id='word_1_287' title='bbox 891 3721 1007 3786; x_wconf 82' lang='lat' dir='ltr'>fortuna</span> <span class='ocrx_word' id='word_1_288' title='bbox 1031 3717 1123 3780; x_wconf 75' lang='lat' dir='ltr'>suerit]</span> <span class='ocrx_word' id='word_1_289' title='bbox 1147 3718 1252 3787; x_wconf 82' lang='lat' dir='ltr'>legatur</span> <span class='ocrx_word' id='word_1_290' title='bbox 1277 3727 1384 3771; x_wconf 81' lang='lat' dir='ltr'>actura.</span> 
     </span>
    </p>
   </div>
   <div class='ocr_carea' id='block_1_6' title="bbox 144 3784 1385 3906">
    <p class='ocr_par' dir='ltr' id='par_1_6' title="bbox 144 3784 1385 3906">
     <span class='ocr_line' id='line_1_35' title="bbox 144 3784 1385 3906; baseline -0.027 -30"><span class='ocrx_word' id='word_1_291' title='bbox 144 3819 285 3902; x_wconf 78' lang='lat' dir='ltr'>scriptura,</span> <span class='ocrx_word' id='word_1_292' title='bbox 308 3838 371 3874; x_wconf 88' lang='lat' dir='ltr'>nam</span> <span class='ocrx_word' id='word_1_293' title='bbox 387 3821 497 3874; x_wconf 84' lang='lat' dir='ltr'>verbum</span> <span class='ocrx_word' id='word_1_294' title='bbox 514 3821 548 3873; x_wconf 90' lang='lat' dir='ltr'>ad</span> <span class='ocrx_word' id='word_1_295' title='bbox 565 3837 685 3900; x_wconf 74' lang='lat' dir='ltr'>praunna</span> <span class='ocrx_word' id='word_1_296' title='bbox 701 3837 747 3890; x_wconf 80' lang='lat' dir='ltr'>ap·</span> <span class='ocrx_word' id='word_1_297' title='bbox 782 3784 870 3906; x_wconf 44' lang='lat'>3¹¹⁰&amp;</span> <span class='ocrx_word' id='word_1_298' title='bbox 886 3803 1044 3856; x_wconf 62' lang='lat' dir='ltr'><strong>qumquam</strong></span> <span class='ocrx_word' id='word_1_299' title='bbox 1064 3785 1087 3838; x_wconf 83' lang='grc' dir='ltr'>Ῑ-</span> <span class='ocrx_word' id='word_1_300' title='bbox 1104 3784 1135 3838; x_wconf 79' lang='lat' dir='ltr'>F·</span> <span class='ocrx_word' id='word_1_301' title='bbox 1154 3785 1303 3840; x_wconf 73' lang='lat' dir='ltr'>Gr0n0vius</span> <span class='ocrx_word' id='word_1_302' title='bbox 1328 3787 1385 3841; x_wconf 85' lang='lat' dir='ltr'>obs.</span> 
     </span>
    </p>
   </div>
   <div class='ocr_carea' id='block_1_7' title="bbox 141 3853 1387 4508">
    <p class='ocr_par' dir='ltr' id='par_1_7' title="bbox 527 3853 1385 3908">
     <span class='ocr_line' id='line_1_36' title="bbox 527 3853 1385 3908; baseline 0 -2"><span class='ocrx_word' id='word_1_303' title='bbox 527 3895 538 3906; x_wconf 78' lang='lat'>.</span> <span class='ocrx_word' id='word_1_304' title='bbox 893 3853 1044 3908; x_wconf 71' lang='lat' dir='ltr'>secuerint</span> <span class='ocrx_word' id='word_1_305' title='bbox 1092 3863 1195 3908; x_wconf 77' lang='lat' dir='ltr'>relatur</span> <span class='ocrx_word' id='word_1_306' title='bbox 1231 3871 1263 3906; x_wconf 90' lang='lat' dir='ltr'>ne</span> <span class='ocrx_word' id='word_1_307' title='bbox 1298 3853 1385 3907; x_wconf 87' lang='lat' dir='ltr'>rita·</span> 
     </span>
    </p>

    <p class='ocr_par' dir='ltr' id='par_1_8' title="bbox 143 3869 1386 4107">
     <span class='ocr_line' id='line_1_37' title="bbox 143 3869 1386 4013; baseline -0.004 -33"><span class='ocrx_word' id='word_1_308' title='bbox 143 3890 465 4013; x_wconf 43' lang='lat' dir='ltr'>Qfflwfflgffiffm</span> <span class='ocrx_word' id='word_1_309' title='bbox 492 3891 599 3961; x_wconf 66' lang='lat' dir='ltr'>§eappa</span> <span class='ocrx_word' id='word_1_310' title='bbox 614 3897 695 3942; x_wconf 57' lang='lat' dir='ltr'>emm</span> <span class='ocrx_word' id='word_1_311' title='bbox 714 3889 748 3940; x_wconf 60' lang='lat' dir='ltr'>“d</span> <span class='ocrx_word' id='word_1_312' title='bbox 781 3892 843 3974; x_wconf 61' lang='lat' dir='ltr'>m&#39;en</span> <span class='ocrx_word' id='word_1_313' title='bbox 861 3921 953 3992; x_wconf 86' lang='lat' dir='ltr'>nequit</span> <span class='ocrx_word' id='word_1_314' title='bbox 969 3869 1168 3993; x_wconf 58' lang='lat' dir='ltr'>longeerdectius</span> <span class='ocrx_word' id='word_1_315' title='bbox 1188 3895 1220 3976; x_wconf 75' lang='lat' dir='ltr'>dc</span> <span class='ocrx_word' id='word_1_316' title='bbox 1243 3873 1386 3994; x_wconf 68' lang='lat' dir='ltr'>sirgdplieius</span> 
     </span>
     <span class='ocr_line' id='line_1_38' title="bbox 181 3975 1108 4107; baseline -0.005 -26"><span class='ocrx_word' id='word_1_317' title='bbox 181 4027 221 4081; x_wconf 84' lang='lat' dir='ltr'>Ca</span> <span class='ocrx_word' id='word_1_318' title='bbox 241 4067 247 4079; x_wconf 90' lang='lat'>.</span> <span class='ocrx_word' id='word_1_319' title='bbox 265 3975 324 4092; x_wconf 78' lang='lat' dir='ltr'>35,p</span> <span class='ocrx_word' id='word_1_320' title='bbox 345 4067 351 4079; x_wconf 91' lang='lat'><em>.</em></span> <span class='ocrx_word' id='word_1_321' title='bbox 371 4034 411 4080; x_wconf 87' lang='lat'>12.</span> <span class='ocrx_word' id='word_1_322' title='bbox 425 3998 503 4079; x_wconf 47' lang='lat' dir='ltr'>&#39;inter</span> <span class='ocrx_word' id='word_1_323' title='bbox 519 4043 586 4095; x_wconf 80' lang='lat' dir='ltr'>quas</span> <span class='ocrx_word' id='word_1_324' title='bbox 595 4028 677 4107; x_wconf 64' lang='lat' dir='ltr'>[aaa</span> <span class='ocrx_word' id='word_1_325' title='bbox 693 4026 748 4077; x_wconf 82' lang='lat' dir='ltr'>alr·</span> <span class='ocrx_word' id='word_1_326' title='bbox 783 4006 839 4043; x_wconf 62' lang='lat'>³⁸⁸³</span> <span class='ocrx_word' id='word_1_327' title='bbox 856 3991 927 4061; x_wconf 73' lang='lat' dir='ltr'>q⁰⁰d</span> <span class='ocrx_word' id='word_1_328' title='bbox 943 3990 996 4044; x_wconf 61' lang='lat' dir='ltr'>iam</span> <span class='ocrx_word' id='word_1_329' title='bbox 1013 3991 1108 4046; x_wconf 59' lang='lat' dir='ltr'>editur·</span> 
     </span>
    </p>

    <p class='ocr_par' dir='ltr' id='par_1_9' title="bbox 141 4043 1387 4508">
     <span class='ocr_line' id='line_1_39' title="bbox 141 4043 1387 4178; baseline -0.001 -30"><span class='ocrx_word' id='word_1_330' title='bbox 141 4043 239 4178; x_wconf 58' lang='lat' dir='ltr'>pinosi</span> <span class='ocrx_word' id='word_1_331' title='bbox 252 4095 342 4164; x_wconf 87' lang='lat' dir='ltr'>Vulgo</span> <span class='ocrx_word' id='word_1_332' title='bbox 360 4104 429 4174; x_wconf 73' lang='lat' dir='ltr'>rrae</span> <span class='ocrx_word' id='word_1_333' title='bbox 458 4111 519 4148; x_wconf 81' lang='lat' dir='ltr'>aere</span> <span class='ocrx_word' id='word_1_334' title='bbox 537 4095 660 4163; x_wconf 72' lang='lat' dir='ltr'>oirqraaa.</span> <span class='ocrx_word' id='word_1_335' title='bbox 694 4091 748 4146; x_wconf 88' lang='lat' dir='ltr'>Sed</span> <span class='ocrx_word' id='word_1_336' title='bbox 795 4095 841 4174; x_wconf 41' lang='grc' dir='ltr'>ις.</span> <span class='ocrx_word' id='word_1_337' title='bbox 861 4100 902 4146; x_wconf 82' lang='grc'>13.</span> <span class='ocrx_word' id='word_1_338' title='bbox 935 4103 962 4174; x_wconf 43' lang='grc' dir='ltr'>,εἰ</span> <span class='ocrx_word' id='word_1_339' title='bbox 975 4095 1067 4174; x_wconf 75' lang='lat' dir='ltr'>filias]</span> <span class='ocrx_word' id='word_1_340' title='bbox 1085 4095 1195 4148; x_wconf 83' lang='lat' dir='ltr'>Annoto</span> <span class='ocrx_word' id='word_1_341' title='bbox 1218 4094 1291 4148; x_wconf 71' lang='lat' dir='ltr'>etin</span> <span class='ocrx_word' id='word_1_342' title='bbox 1313 4093 1387 4147; x_wconf 92' lang='lat' dir='ltr'>nullo</span> 
     </span>
     <span class='ocr_line' id='line_1_40' title="bbox 143 4161 1385 4242; baseline -0.003 -24"><span class='ocrx_word' id='word_1_343' title='bbox 143 4164 218 4218; x_wconf 83' lang='lat' dir='ltr'>rllam</span> <span class='ocrx_word' id='word_1_344' title='bbox 236 4179 327 4217; x_wconf 84' lang='lat' dir='ltr'>vocem</span> <span class='ocrx_word' id='word_1_345' title='bbox 339 4162 412 4216; x_wconf 87' lang='lat' dir='ltr'>Lcrd.</span> <span class='ocrx_word' id='word_1_346' title='bbox 453 4169 527 4217; x_wconf 83' lang='lat' dir='ltr'>osal</span> <span class='ocrx_word' id='word_1_347' title='bbox 547 4161 748 4242; x_wconf 80' lang='lat' dir='ltr'>uterquellern.</span> <span class='ocrx_word' id='word_1_348' title='bbox 783 4161 851 4214; x_wconf 91' lang='lat' dir='ltr'>hbro</span> <span class='ocrx_word' id='word_1_349' title='bbox 868 4179 915 4214; x_wconf 88' lang='lat' dir='ltr'>ms.</span> <span class='ocrx_word' id='word_1_350' title='bbox 933 4161 1053 4215; x_wconf 84' lang='lat' dir='ltr'>mvenm‘.</span> <span class='ocrx_word' id='word_1_351' title='bbox 1088 4163 1193 4216; x_wconf 87' lang='lat' dir='ltr'>Nomen</span> <span class='ocrx_word' id='word_1_352' title='bbox 1211 4163 1238 4216; x_wconf 88' lang='lat' dir='ltr'>in</span> <span class='ocrx_word' id='word_1_353' title='bbox 1259 4161 1341 4215; x_wconf 83' lang='lat' dir='ltr'>Bern.</span> <span class='ocrx_word' id='word_1_354' title='bbox 1358 4163 1385 4214; x_wconf 84' lang='lat' dir='ltr'><strong>A</strong></span> 
     </span>
     <span class='ocr_line' id='line_1_41' title="bbox 143 4229 1384 4302; baseline -0.004 -15"><span class='ocrx_word' id='word_1_355' title='bbox 143 4249 237 4288; x_wconf 90' lang='lat' dir='ltr'>omnes</span> <span class='ocrx_word' id='word_1_356' title='bbox 253 4230 325 4284; x_wconf 82' lang='lat' dir='ltr'>Flor.</span> <span class='ocrx_word' id='word_1_357' title='bbox 343 4241 449 4302; x_wconf 79' lang='lat' dir='ltr'>praeter</span> <span class='ocrx_word' id='word_1_358' title='bbox 465 4249 546 4284; x_wconf 89' lang='lat' dir='ltr'>unum</span> <span class='ocrx_word' id='word_1_359' title='bbox 565 4229 591 4284; x_wconf 88' lang='lat' dir='ltr'><strong>G</strong></span> <span class='ocrx_word' id='word_1_360' title='bbox 613 4247 622 4282; x_wconf 89' lang='lat' dir='ltr'>r</span> <span class='ocrx_word' id='word_1_361' title='bbox 660 4238 748 4295; x_wconf 86' lang='lat' dir='ltr'>orant,</span> <span class='ocrx_word' id='word_1_362' title='bbox 783 4230 896 4283; x_wconf 64' lang='lat' dir='ltr'>Frons</span> <span class='ocrx_word' id='word_1_363' title='bbox 923 4230 1047 4285; x_wconf 87' lang='lat' dir='ltr'>scribitur</span> <span class='ocrx_word' id='word_1_364' title='bbox 1064 4233 1185 4298; x_wconf 82' lang='lat' dir='ltr'>Illioneo,</span> <span class='ocrx_word' id='word_1_365' title='bbox 1212 4230 1239 4284; x_wconf 93' lang='lat' dir='ltr'>in</span> <span class='ocrx_word' id='word_1_366' title='bbox 1261 4229 1384 4284; x_wconf 87' lang='lat' dir='ltr'>Bern.B</span> 
     </span>
     <span class='ocr_line' id='line_1_42' title="bbox 144 4295 1386 4371; baseline -0.002 -19"><span class='ocrx_word' id='word_1_367' title='bbox 144 4317 232 4371; x_wconf 86' lang='lat' dir='ltr'>neque</span> <span class='ocrx_word' id='word_1_368' title='bbox 248 4308 327 4353; x_wconf 83' lang='lat' dir='ltr'>tanta</span> <span class='ocrx_word' id='word_1_369' title='bbox 343 4315 402 4352; x_wconf 84' lang='lat' dir='ltr'>esse</span> <span class='ocrx_word' id='word_1_370' title='bbox 416 4307 506 4370; x_wconf 83' lang='lat' dir='ltr'>potest</span> <span class='ocrx_word' id='word_1_371' title='bbox 527 4297 597 4352; x_wconf 86' lang='lat' dir='ltr'>illius</span> <span class='ocrx_word' id='word_1_372' title='bbox 630 4295 681 4349; x_wconf 88' lang='lat' dir='ltr'>rbri</span> <span class='ocrx_word' id='word_1_373' title='bbox 703 4315 749 4350; x_wconf 87' lang='lat' dir='ltr'>au·</span> <span class='ocrx_word' id='word_1_374' title='bbox 784 4306 813 4351; x_wconf 90' lang='lat' dir='ltr'>et</span> <span class='ocrx_word' id='word_1_375' title='bbox 835 4297 906 4352; x_wconf 70' lang='lat' dir='ltr'>Flor,</span> <span class='ocrx_word' id='word_1_376' title='bbox 924 4299 952 4352; x_wconf 93' lang='lat' dir='ltr'>H</span> <span class='ocrx_word' id='word_1_377' title='bbox 966 4305 1008 4364; x_wconf 86' lang='lat' dir='ltr'>&#39;(a</span> <span class='ocrx_word' id='word_1_378' title='bbox 1033 4317 1072 4371; x_wconf 88' lang='lat' dir='ltr'>pr.</span> <span class='ocrx_word' id='word_1_379' title='bbox 1098 4305 1145 4366; x_wconf 79' lang='lat' dir='ltr'>m.)</span> <span class='ocrx_word' id='word_1_380' title='bbox 1173 4301 1288 4353; x_wconf 83' lang='lat' dir='ltr'>Illiouio.</span> <span class='ocrx_word' id='word_1_381' title='bbox 1323 4297 1386 4351; x_wconf 78' lang='lat' dir='ltr'>Alio</span> 
     </span>
     <span class='ocr_line' id='line_1_43' title="bbox 145 4365 1385 4439; baseline -0.006 -15"><span class='ocrx_word' id='word_1_382' title='bbox 145 4369 255 4424; x_wconf 78' lang='lat' dir='ltr'>ctoritas</span> <span class='ocrx_word' id='word_1_383' title='bbox 273 4377 302 4422; x_wconf 87' lang='lat' dir='ltr'>et</span> <span class='ocrx_word' id='word_1_384' title='bbox 318 4367 504 4422; x_wconf 87' lang='lat' dir='ltr'>multominus</span> <span class='ocrx_word' id='word_1_385' title='bbox 523 4365 645 4420; x_wconf 84' lang='lat' dir='ltr'>Vosaiani</span> <span class='ocrx_word' id='word_1_386' title='bbox 663 4365 749 4436; x_wconf 63' lang='lat' dir='ltr'>aqui</span> <span class='ocrx_word' id='word_1_387' title='bbox 784 4367 924 4420; x_wconf 86' lang='lat' dir='ltr'>verborum</span> <span class='ocrx_word' id='word_1_388' title='bbox 950 4367 1042 4422; x_wconf 89' lang='lat' dir='ltr'>ordine</span> <span class='ocrx_word' id='word_1_389' title='bbox 1068 4387 1160 4424; x_wconf 82' lang='lat' dir='ltr'>nomen</span> <span class='ocrx_word' id='word_1_390' title='bbox 1176 4371 1236 4439; x_wconf 81' lang='lat' dir='ltr'>suit</span> <span class='ocrx_word' id='word_1_391' title='bbox 1261 4367 1342 4420; x_wconf 86' lang='lat' dir='ltr'>Bern.</span> <span class='ocrx_word' id='word_1_392' title='bbox 1360 4365 1385 4416; x_wconf 87' lang='lat' dir='ltr'>B</span> 
     </span>
     <span class='ocr_line' id='line_1_44' title="bbox 145 4433 908 4508; baseline -0.004 -16"><span class='ocrx_word' id='word_1_393' title='bbox 145 4455 206 4492; x_wconf 86' lang='lat' dir='ltr'>cum</span> <span class='ocrx_word' id='word_1_394' title='bbox 223 4437 296 4508; x_wconf 81' lang='lat' dir='ltr'>vulg.</span> <span class='ocrx_word' id='word_1_395' title='bbox 314 4435 463 4508; x_wconf 87' lang='lat' dir='ltr'>conspirare</span> <span class='ocrx_word' id='word_1_396' title='bbox 481 4437 624 4490; x_wconf 87' lang='lat' dir='ltr'>censendus</span> <span class='ocrx_word' id='word_1_397' title='bbox 642 4445 691 4501; x_wconf 86' lang='lat' dir='ltr'>est,</span> <span class='ocrx_word' id='word_1_398' title='bbox 719 4440 750 4486; x_wconf 89' lang='lat' dir='ltr'>ut</span> <span class='ocrx_word' id='word_1_399' title='bbox 784 4433 855 4488; x_wconf 83' lang='lat' dir='ltr'>Flor.</span> <span class='ocrx_word' id='word_1_400' title='bbox 874 4434 908 4489; x_wconf 90' lang='lat' dir='ltr'>G.</span> 
     </span>
    </p>
   </div>
   <div class='ocr_carea' id='block_1_8' title="bbox 675 3375 1385 3668">
    <p class='ocr_par' dir='ltr' id='par_1_10' title="bbox 675 3375 1385 3668">
     <span class='ocr_line' id='line_1_45' title="bbox 815 3375 1383 3446; baseline 0.004 -19"><span class='ocrx_word' id='word_1_401' title='bbox 815 3385 979 3445; x_wconf 71' lang='lat' dir='ltr'>approbante</span> <span class='ocrx_word' id='word_1_402' title='bbox 996 3376 1124 3446; x_wconf 79' lang='lat' dir='ltr'>fortene]</span> <span class='ocrx_word' id='word_1_403' title='bbox 1159 3375 1235 3429; x_wconf 89' lang='lat' dir='ltr'>Haec</span> <span class='ocrx_word' id='word_1_404' title='bbox 1261 3393 1314 3429; x_wconf 91' lang='lat' dir='ltr'>non</span> <span class='ocrx_word' id='word_1_405' title='bbox 1340 3385 1383 3430; x_wconf 87' lang='lat' dir='ltr'>est</span> 
     </span>
     <span class='ocr_line' id='line_1_46' title="bbox 780 3442 1384 3512; baseline 0 -16"><span class='ocrx_word' id='word_1_406' title='bbox 780 3442 929 3498; x_wconf 85' lang='lat' dir='ltr'>emendatio</span> <span class='ocrx_word' id='word_1_407' title='bbox 946 3443 1037 3498; x_wconf 83' lang='lat' dir='ltr'>Aldini</span> <span class='ocrx_word' id='word_1_408' title='bbox 1055 3444 1173 3512; x_wconf 84' lang='lat' dir='ltr'>editoris,</span> <span class='ocrx_word' id='word_1_409' title='bbox 1191 3445 1239 3498; x_wconf 88' lang='lat' dir='ltr'>sed</span> <span class='ocrx_word' id='word_1_410' title='bbox 1255 3452 1331 3497; x_wconf 85' lang='lat' dir='ltr'>vetus</span> <span class='ocrx_word' id='word_1_411' title='bbox 1345 3444 1384 3497; x_wconf 91' lang='lat' dir='ltr'>le-</span> 
     </span>
     <span class='ocr_line' id='line_1_47' title="bbox 781 3511 1383 3580; baseline 0.003 -16"><span class='ocrx_word' id='word_1_412' title='bbox 781 3511 834 3565; x_wconf 90' lang='lat' dir='ltr'>ctio</span> <span class='ocrx_word' id='word_1_413' title='bbox 856 3511 933 3566; x_wconf 89' lang='lat' dir='ltr'>unius</span> <span class='ocrx_word' id='word_1_414' title='bbox 960 3521 1032 3566; x_wconf 87' lang='lat' dir='ltr'>certe</span> <span class='ocrx_word' id='word_1_415' title='bbox 1058 3512 1154 3568; x_wconf 88' lang='lat' dir='ltr'>codicis</span> <span class='ocrx_word' id='word_1_416' title='bbox 1171 3511 1243 3566; x_wconf 83' lang='lat' dir='ltr'>Flor.</span> <span class='ocrx_word' id='word_1_417' title='bbox 1262 3511 1297 3580; x_wconf 83' lang='lat' dir='ltr'>G,</span> <span class='ocrx_word' id='word_1_418' title='bbox 1324 3531 1383 3566; x_wconf 91' lang='lat' dir='ltr'>cum</span> 
     </span>
     <span class='ocr_line' id='line_1_48' title="bbox 675 3579 1385 3668; baseline 0.001 -36"><span class='ocrx_word' id='word_1_419' title='bbox 675 3613 746 3668; x_wconf 41' lang='grc' dir='ltr'>Μ.</span> <span class='ocrx_word' id='word_1_420' title='bbox 780 3579 809 3632; x_wconf 92' lang='lat' dir='ltr'>in</span> <span class='ocrx_word' id='word_1_421' title='bbox 835 3579 928 3634; x_wconf 84' lang='lat' dir='ltr'>ceteris</span> <span class='ocrx_word' id='word_1_422' title='bbox 954 3580 1025 3635; x_wconf 86' lang='lat' dir='ltr'>Flor.</span> <span class='ocrx_word' id='word_1_423' title='bbox 1054 3590 1082 3634; x_wconf 88' lang='lat' dir='ltr'>et</span> <span class='ocrx_word' id='word_1_424' title='bbox 1116 3581 1144 3634; x_wconf 95' lang='lat' dir='ltr'>in</span> <span class='ocrx_word' id='word_1_425' title='bbox 1170 3580 1235 3652; x_wconf 91' lang='lat' dir='ltr'>pleri</span> <span class='ocrx_word' id='word_1_426' title='bbox 1268 3597 1301 3634; x_wconf 87' lang='lat' dir='ltr'>ue</span> <span class='ocrx_word' id='word_1_427' title='bbox 1326 3581 1385 3634; x_wconf 85' lang='lat' dir='ltr'>aliie</span> 
     </span>
    </p>
   </div>
   <div class='ocr_carea' id='block_1_9' title="bbox 0 0 1639 5288">
    <p class='ocr_par' dir='ltr' id='par_1_11' title="bbox 0 0 1639 5288">
     <span class='ocr_line' id='line_1_49' title="bbox 0 0 1639 5288; baseline 0 0"><span class='ocrx_word' id='word_1_428' title='bbox 0 0 1639 5288; x_wconf 95' lang='lat' dir='ltr'> </span> 
     </span>
    </p>
   </div>
  </div>
 </body>
</html>
