3158 5294
471 397 520 449 nn
553 394 678 450 ansrrs
704 397 813 448 anns.
839 400 875 468 x,
899 392 942 443 aa.
1241 378 1314 450 523
1432 365 1438 370 ’

64 580 215 652 ineunt.
245 577 391 652 ‘Placet
417 579 613 654 exercitum
638 579 754 678 patrio
779 604 878 654 more
904 581 1057 654 lustrari.
1110 579 1158 654 Et
1181 581 1315 679 probass

21 711 31 758 t
65 689 159 764 bilis
188 713 298 764 causa
322 688 513 764 videbatur
543 691 738 789 praeterita
763 688 949 766 discordia
1001 688 1238 765 Macedonum
1263 717 1316 765 re·

64 825 139 898 ges
168 801 221 875 ita
247 801 399 874 lustrare
425 802 519 876 soliti
534 811 637 876 erant
649 802 788 892 milites,
814 811 856 875 ut
875 801 1043 889 discissae
1063 803 1160 876 canis
1178 803 1316 878 viscera

65 912 207 986 ultimo
233 913 270 984 in
296 935 438 1010 campo,
472 913 510 986 in
537 937 643 1011 quem
667 911 904 986 deduceretur
929 914 1122 1004 exercitus,
1149 914 1195 988 ab
1222 924 1315 988 utra·

67 1049 147 1120 que
176 1023 370 1098 abiicerent
402 1034 520 1122 parte,
556 1025 652 1098 intra
683 1023 721 1096 id
751 1023 907 1121 spatium
938 1018 1065 1100 armati
1097 1047 1220 1099 omnes
1247 1034 1316 1098 sta-

66 1145 171 1224 rent,
198 1135 281 1208 hinc
307 1135 455 1230 equites,
481 1136 577 1210 illinc
601 1135 770 1232 phalanx.

21 1269 36 1315 3
183 1245 308 1343 Itaque
335 1269 378 1319 eo
405 1245 472 1337 die,
498 1270 604 1343 quem
624 1245 707 1319 huic
728 1266 829 1317 sacro
848 1242 1125 1338 destinaverant,
1151 1270 1218 1320 rex
1236 1249 1365 1323 cum29

69 1357 258 1490 eqr'mibus
285 1347 553 1454 elephantisque
578 1355 788 1430 constiterat
814 1365 939 1428 contra
963 1356 1113 1454 pedites,
1139 1357 1218 1454 quis
1244 1354 1316 1432 Me·

21 1488 43 1536 4
69 1469 200 1566 leager
225 1479 399 1566 praeerat
452 1468 528 1540 Iam
555 1476 720 1566 equestre
745 1489 874 1564 agmen
899 1468 1130 1560 movebatur,
1157 1479 1195 1542 et
1219 1468 1315 1567 pedi·

70 1590 131 1654 tes
167 1580 286 1654 subita
317 1579 505 1654 formidine
536 1579 584 1653 ob
616 1587 796 1654 recentem
828 1574 1057 1668 discordiam,
1098 1578 1196 1653 haud
1230 1604 1317 1655 sane

72 1690 197 1788 pacati
231 1691 418 1788 quicquam
450 1700 697 1789 expectantes,
738 1711 930 1787 parumper
961 1687 1235 1780 addubitavere,
1270 1716 1316 1765 an

73 1801 114 1872 in
142 1799 269 1872 urbem
300 1800 540 1875 subducerent
571 1800 709 1898 copias:
743 1798 874 1897 quippe
904 1824 971 1897 pro
998 1799 1175 1896 equitibus
1206 1803 1316 1900 plani·

27 1931 49 1980 5
74 1911 146 1984 ties
175 1922 261 1985 erat.
315 1909 482 1986 Getarum
508 1911 629 2001 veriti,
658 1935 704 1984 ne
737 1919 872 1982 temere
903 1911 1182 1985 commilitonum
1207 1913 1316 1988 fidem

75 2022 308 2112 damnarent,
347 2022 554 2112 substitere,
589 2020 809 2119 praeparatis
841 2019 888 2092 ad
915 2019 1154 2096 dimicandum
1179 2024 1315 2115 animis,

77 2134 110 2204 si
137 2133 216 2229 quis
238 2133 312 2205 vim
329 2132 485 2205 inferret
538 2130 614 2204 Iam
631 2133 774 2230 agmina
791 2131 943 2222 coibant,
969 2156 1191 2231 parvumque
1208 2133 1316 2208 inter·

22 2265 55 2312 e
79 2243 217 2315 vallum
243 2252 336 2334 erat,
369 2242 466 2339 quod
498 2244 609 2318 aciem
640 2255 829 2340 utramque
861 2241 1045 2317 divideret
1098 2242 1223 2343 ltaque
1249 2270 1315 2320 rex

79 2377 162 2425 cum
188 2379 262 2427 una
286 2354 345 2426 ala
371 2353 578 2451 obequitare
604 2353 783 2452 peditibus
810 2355 942 2452 coepit,
971 2353 1169 2431 discordiae
1195 2367 1315 2430 aucto·

79 2488 156 2554 res,
192 2487 282 2562 quos
314 2465 406 2538 tueri
436 2465 512 2562 ipse
545 2463 715 2557 debebat,
748 2465 919 2539 instinctu
944 2463 1135 2542 Perdiccae
1160 2467 1208 2540 ad
1234 2493 1314 2566 sup·

80 2576 185 2674 plicia
210 2574 423 2673 deposcens:
449 2575 721 2672 minabaturque
748 2600 872 2650 omnes
894 2587 1031 2651 turmas
1050 2603 1131 2652 curn
1150 2579 1314 2677 elephan-

21 2707 57 2755 ιτ
81 2687 127 2760 tis
152 2685 382 2760 inducturum
408 2713 447 2760 se
471 2687 509 2760 in
527 2684 748 2762 recusantes.
787 2685 989 2786 Stupebant
1007 2689 1202 2785 improviso
1220 2688 1315 2763 malo

82 2796 236 2895 pedites3
270 2822 337 2870 nec
368 2799 448 2896 plus
481 2799 518 2870 in
550 2798 627 2894 ipso
652 2795 833 2896 Meleagro
860 2809 938 2872 erat
971 2810 1035 2873 ant
1066 2799 1217 2890 consilii,
1252 2809 1316 2872 aut
1354 2872 1360 2886 ,

83 2907 199 2980 animi.
253 2907 486 2982 Tutissimum
520 2933 567 2981 ex
601 2910 850 3005 praesentibus
884 2909 1090 3000 videbatur,
1125 2919 1315 3008 expectere

24 3039 63 3088 rs
84 3017 210 3116 potius,
238 3045 346 3116 quarn
371 3044 516 3093 movere
542 3019 733 3092 fortunam.
785 3018 878 3092 Tum
900 3019 1080 3112 Perdicca,
1106 3030 1148 3095 ut
1174 3033 1314 3118 torpen-

84 3142 137 3201 tes
163 3140 199 3202 et
224 3129 400 3204 obnoxios
427 3129 529 3219 vidit,
556 3151 625 3202 ccc
645 3131 730 3220 sere,
756 3131 816 3227 qui
833 3129 1053 3228 Meleagrum
1070 3143 1315 3229 erumpentem

85 3263 130 3311 ex
148 3239 321 3332 contione,
348 3267 439 3339 quae
465 3242 579 3340 prima
603 3242 726 3316 habita
753 3253 809 3316 est
833 3252 917 3341 post
941 3251 1094 3315 mortem
1107 3239 1314 3333 Alexandri,

85 3351 192 3424 secuti
224 3361 342 3443 erant,
378 3377 400 3425 a
432 3353 558 3426 ceteris
595 3351 785 3445 discretos,
822 3353 1019 3453 elephantis
1051 3353 1088 3425 in
1120 3363 1315 3450 conspectu

85 3460 395 3538 totius'exercitus
422 3465 558 3553 obiicit3
585 3488 779 3561 omnesque
805 3465 991 3538 beluarum
1015 3463 1167 3563 pedibus
1190 3465 1314 3539 obtriti

32 3593 67 3639 19
87 3582 177 3662 sunt,
206 3596 273 3645 nec
298 3575 510 3670 probibente
535 3575 716 3674 Philippo,
750 3601 817 3648 nee
844 3589 1005 3650 auctore:
1037 3577 1313 3675 apparebatque,

86 3681 123 3752 id
146 3679 252 3754 modo
278 3706 344 3779 pro
371 3707 436 3756 suo
462 3685 735 3778 vindicaturum,
768 3685 865 3784 quod
891 3688 1127 3785 approbasset
1153 3696 1313 3761 eventus.

120 3885 141 3950 ξ.
160 3887 198 3935 12.
233 3883 267 3936 ad
293 3891 404 3952 utroque
429 3884 570 3940 adiicerent
592 3889 681 3955 purte]
715 3885 760 3940 lib.
777 3899 862 3952 xvm,
884 3893 938 3940 ct
965 3888 1074 3957 utpium
1098 3903 1209 3941 numero
1234 3888 1314 3942 firisse

87 3949 171 4021 Vulgo
188 3951 376 4019 obiicerentur,
400 3953 448 4004 sed
465 3954 604 4008 adiicerent
620 3972 681 4008 mss.
715 3953 788 4008 dicit
823 3954 861 4007 Et
891 3953 1004 4008 libenter
1035 3956 1105 4026 apud
1131 3954 1251 4010 Curtium
1277 3957 1315 4010 ita

88 4035 181 4084 ornnes,
199 4017 254 4072 sive
272 4027 303 4072 ut
320 4036 354 4073 ne
370 4019 434 4091 quid
450 4020 578 4090 omittam,
596 4025 681 4077 abice·
715 4023 881 4092 corrigerem,
899 4025 945 4077 sed
959 4023 1019 4078 libri
1029 4041 1082 4078 non
1090 4023 1224 4078 adiuvant.
1244 4026 1315 4079 Turn

88 4087 588 4213 fatearistaueaaa
604 4107 681 4170 aa
715 4093 806 4214 aa·
820 4091 1046 4215 ΨΜ
1064 4092 1182 4148 ΒΜ
1200 4094 1313 4163 ‘'s-²2

89 4177 97 4210 ι
567 4177 680 4214 iuuisse.
715 4177 764 4214 nc
798 4178 821 4213 rs
904 4201 910 4214 .

88 4225 128 4280 De
144 4175 296 4279 lustratibus
314 4174 365 4280 liic
381 4197 451 4298 apud
461 4227 619 4282 Macedones
628 4228 681 4282 nsi·
752 4179 839 4297 §.lap
879 4248 909 4284 ro
926 4247 973 4304 suo
989 4247 1081 4284 verum
1095 4239 1144 4296 est,
1162 4231 1209 4284 sed
1219 4249 1273 4300 pro
1286 4249 1314 4286 se

90 4301 143 4373 tata
154 4303 181 4347 et
193 4293 332 4375 quotannis
341 4311 431 4350 mense
441 4297 588 4354 Ξανθικοῦ
601 4297 683 4366 (cirea
715 4297 786 4353 Flor.
804 4248 947 4352 Dabam
965 4299 1044 4354 Bern.
1062 4300 1095 4352 B.
1131 4299 1215 4352 Tomi
1227 4303 1315 4369 quoad

91 4378 154 4414 vens
169 4362 271 4417 instrum
303 4364 434 4422 celebrata
455 4364 604 4419 etLivium
622 4364 680 4420 libr.
710 4367 984 4448 premereiment),
1006 4376 1035 4422 et
1057 4367 1239 4438 traditurque
1257 4384 1314 4421 esee

92 4429 249 4494 xn,tetride
284 4432 505 4488 eursiiGrseciam
511 4433 680 4501 lemulurv.
715 4453 742 4488 m
752 4437 850 4490 Vossl
869 4435 941 4490 Flor.
953 4437 1068 4506 (Heius.)
1078 4435 1147 4488 Dan.
1158 4435 1312 4502 (nonBern.

125 4499 185 4569 Cap.
194 4506 236 4568 29,
253 4505 276 4568 t.
288 4507 329 4555 18.
364 4516 422 4557 occ
438 4502 513 4574 fere]
548 4501 680 4560 Diodorus
714 4504 763 4573 A),
780 4512 821 4560 est
837 4512 909 4560 certe
926 4505 954 4561 in
970 4505 1034 4562 edit.
1052 4523 1091 4579 pr.
1109 4513 1138 4558 et
1154 4503 1223 4557 Mor.
