3158 5294
466 404 515 455 na
542 401 668 455 susara
695 401 804 454 max.
831 403 891 471 rx,
918 399 958 448 rs.
1260 383 1333 454 451

91 611 179 660 eum
205 587 332 686 coepit,
358 612 405 660 ne
431 587 679 676 committeret,
705 595 769 658 aut
795 595 891 659 certe
918 583 1078 658 differret
1095 583 1331 658 obsidionem:

28 699 191 772 navitae
219 699 293 772 eius
319 698 516 796 periculum
541 695 691 772 ostendi.
743 695 823 770 Rex
847 695 1136 794 Demophontem
1163 696 1207 794 (is
1233 721 1330 768 nam·

90 833 166 906 que
190 818 293 882 vates
321 807 413 907 erat)
439 809 598 899 intuens,
634 805 677 884 Si
702 807 791 906 quis,
825 807 955 905 inquit,
988 807 1109 882 tenni
1131 821 1206 881 tune
1231 807 1332 880 inten-

93 933 168 994 tum
194 933 224 994 n
247 933 322 994 ean
342 933 543 1019 spectantem
567 919 616 994 n'c
634 919 820 1017 inornatae,
844 945 911 994 non
929 907 1081 1008 tauma,
1107 918 1189 1016 qnia
1213 919 1333 992 incom-

29 1050 69 1098 29
91 1031 215 1108 raedas
240 1055 281 1104 ue
304 1033 457 1106 nonnas
481 1031 590 1105 uideri
613 1030 672 1104 tibi
688 1031 807 1128 possit
845 1029 894 1102 Et
920 1053 999 1101 cum
1024 1029 1083 1102 ille
1110 1031 1162 1101 ita
1186 1053 1332 1127 prorsus

89 1143 254 1215 sumnum
279 1141 532 1240 respondisset,
559 1139 731 1232 Cerretana,
757 1141 888 1237 inquit,
914 1152 1022 1214 tentas
1047 1164 1115 1232 res,
1140 1165 1208 1214 non
1226 1165 1329 1240 pean

91 1255 177 1327 dnm
190 1253 390 1349 flumana
414 1253 522 1328 oeulos
534 1252 671 1341 hebeni,
697 1251 801 1324 ntlmn
822 1275 891 1325 esse
916 1251 1027 1325 ninius
1052 1250 1331 1350 impedimentum,

31 1383 72 1432 so
93 1391 198 1464 quum
222 1377 329 1438 numm
353 1364 580 1464 superstitione
605 1361 761 1462 captim?
794 1358 869 1434 Nec
895 1361 1027 1435 diutius
1054 1387 1162 1458 quam
1187 1385 1332 1458 respon·
1398 1361 1405 1374 '

95 1475 152 1548 dit
176 1485 346 1565 moratus,
374 1473 557 1549 admoveri
581 1473 682 1546 iubet
707 1471 833 1567 scalas,
860 1472 1181 1569 cunctantibusque
1208 1472 1334 1545 ceteris
1383 1549 1384 1553 ,

94 1585 219 1660 evadit
243 1587 279 1658 in
304 1609 456 1658 murum.
509 1585 675 1683 Angusta
700 1582 804 1656 muri·
818 1607 951 1656 corona
976 1593 1071 1656 erat:
1108 1609 1180 1656 non
1207 1583 1337 1680 pinnae

95 1696 190 1769 sicut
215 1697 299 1772 alibi
325 1697 507 1794 fastigium
539 1696 614 1769 eius
641 1694 894 1786 distinxerant,
931 1692 996 1766 sed
1026 1705 1201 1792 perpetua
1225 1695 1335 1768 lorica

11 1887 12 1900 ,
37 1827 72 1874 ³1
96 1806 256 1880 obducta
280 1809 472 1882 transitum
497 1816 689 1904 saepserat.
744 1802 872 1901 ltaque
906 1829 972 1877 rex
1016 1805 1189 1878 haerebat
1214 1807 1338 1902 magis,

11 1993 13 1998 ,
96 1943 206 2014 quam
232 1918 355 2005 stabat
377 1920 415 1991 in
432 1919 601 2016 margine,
628 1917 740 2014 clipeo
767 1915 923 2012 undique
941 1914 1134 1989 incidentia
1159 1917 1232 1990 tela
1258 1941 1338 2013 pro·

11 2027 13 2036 ’
42 2047 76 2094 32
96 2029 264 2125 pulsans3
303 2055 387 2102 nam
413 2029 545 2126 ubique
571 2027 707 2102 eminus
748 2051 795 2099 ex
826 2026 985 2099 nuribus
1011 2028 1211 2124 petebatur.
1264 2025 1339 2099 Nee

11 2139 12 2148 ’
98 2139 219 2213 subire
243 2139 373 2214 mitte·
398 2148 580 2236 poteraut,
607 2138 690 2235 quia
716 2162 869 2236 superne
895 2139 932 2210 vi
956 2138 1110 2210 telorum
1136 2138 1334 2212 obrueban-

11 2333 12 2346 ,
99 2259 170 2321 tur.
223 2247 385 2323 Tandem
422 2247 704 2349 magnitudinem
727 2247 885 2346 'periculi
911 2247 1028 2346 pudor
1062 2249 1167 2322 vicit:
1208 2250 1338 2346 quippe

11 2367 13 2462 ζ
47 2361 312 2451 secernebant,
344 2362 570 2434 cunctatione
596 2385 663 2434 sua
693 2357 777 2436 dedi
807 2359 969 2433 hostibus
1001 2383 1132 2456 regem.
1186 2358 1259 2434 Sed
1293 2361 1341 2432 fe·

11 2481 13 2572 ζ
102 2470 269 2546 stinando
309 2473 541 2546 morabantur
576 2469 717 2543 auxilia
769 2468 863 2544 Nam
897 2469 984 2543 dum
1018 2496 1084 2568 pro
1120 2495 1159 2544 se
1191 2471 1341 2568 quisque

11 2593 12 2602 ’
103 2593 219 2658 certat
243 2583 412 2675 evadere,
452 2607 648 2656 oneravere
682 2583 814 2672 scalas3
851 2583 929 2679 quis
967 2607 1042 2655 non
1081 2582 1340 2656 sufficientibus

101 2693 261 2768 devoluti
299 2694 441 2767 unicam
480 2719 580 2790 spem
618 2693 712 2790 regis
747 2693 956 2793 fefellerunt.
1016 2687 1145 2764 Stabat
1179 2693 1274 2764 enim
1305 2691 1341 2764 in

105 2815 299 2904 conspectu
337 2805 429 2877 tanti
468 2804 665 2892 exercitus,
697 2803 797 2875 velut
837 2801 875 2874 in
906 2800 1099 2876 solitudine
1134 2803 1337 2876 destitutus.

51 2934 82 2983 v.
207 2915 352 3013 Iamque
378 2917 535 3004 laevam,
575 2939 646 3012 qua
678 2912 830 3010 clipeum
856 2910 905 2984 ad
936 2913 1028 2986 ictus
1061 2912 1392 3002 circumferebat,l9

103 3028 317 3116 lassaverat,
354 3025 588 3099 clamantibus
614 3023 751 3115 amicis,
786 3033 828 3096 ut
854 3023 901 3096 ad
931 3022 1029 3120 ipsos
1056 3020 1229 3114 desiliret,
1269 3033 1339 3098 sta·

137 3287 170 3323 ne
186 3271 349 3336 ammitteret
361 3299 395 3311 -
412 3269 581 3340 obsidionem]
616 3267 706 3322 Etiam
740 3269 804 3333 cali,
828 3265 879 3320 hoc
895 3265 981 3320 solum
992 3265 1124 3320 exhibent
1140 3268 1344 3337 mapnr'tndinem

105 3339 154 3393 hoc
169 3338 313 3392 insolenter
335 3337 435 3392 dictum
457 3339 611 3392 committere
637 3338 705 3390 obsi·
740 3337 856 3391 telorum.
881 3334 1093 3390 Nesciasutrum
1110 3338 1217 3390 telonem
1234 3352 1249 3388 a
1266 3351 1343 3406 supe-

106 3411 206 3462 dinnem
224 3405 261 3460 aia
279 3415 310 3460 ut
327 3407 490 3461 committere
507 3423 636 3477 pugnam,
659 3405 706 3459 scd
739 3404 803 3460 riori
819 3421 897 3458 versu
914 3405 986 3458 forta
1013 3404 1055 3458 hic
1072 3404 1214 3484 repetitum
1233 3404 1283 3471 sit,
1309 3423 1343 3458 an

11 3503 12 3510 ι
106 3483 245 3530 excusatur
261 3475 443 3529 tameafacile.
470 3473 706 3545 Monueratigitur
741 3491 758 3527 a
783 3471 891 3527 librario
916 3472 972 3526 iate
1006 3474 1111 3527 retaadr
1142 3490 1234 3541 causa,
1271 3474 1344 3542 quod

105 3561 217 3664 pras&
242 3552 281 3664 utt
295 3553 350 3664 gul}
358 3544 650 3666 proisiilridsiffimm
672 3559 706 3596 ne
740 3538 1227 3665 fflrggpericplumuue'rit,1additum.
1263 3542 1344 3664 Ceste

11 3645 12 3652 ι
117 3629 160 3666 ace
208 3629 268 3678 ,au
345 3627 403 3665 erre
528 3652 535 3666 .
809 3629 898 3664 ruane
931 3625 965 3663 an
1011 3627 1072 3663 eum
1103 3627 1343 3664 uurusrarcme-

138 3685 161 3744 s.
179 3684 221 3732 28.
255 3681 467 3748 Demophontem]
501 3679 546 3734 sic
571 3679 630 3734 libri
657 3697 705 3733 no-
740 3687 785 3733 tur
801 3678 915 3732 eiecisse.

105 3745 150 3800 stri
168 3761 266 3812 omues,
285 3763 338 3799 non
357 3745 569 3816 Demophoontem
586 3756 618 3800 ut
634 3747 705 3802 Flor.
775 3751 799 3812 S.
823 3752 864 3800 83.
914 3749 975 3800 dam
1019 3764 1049 3798 ra
1075 3762 1103 3798 se
1130 3747 1238 3816 quisque
1265 3757 1346 3802 certat

105 3814 206 3869 Heinsii
234 3821 262 3866 et
288 3813 362 3867 Laid.
395 3831 445 3868 nec
469 3817 536 3868 Dem
570 3818 648 3868 tanta
675 3823 707 3868 ut
741 3813 866 3885 Sequitur
891 3812 920 3866 in
942 3830 976 3892 ap
1011 3813 1049 3866 osi
1077 3812 1186 3882 pluralis
1214 3832 1345 3884 uumerus,

106 3884 182 3936 Voss.
201 3890 225 3936 1.
259 3883 320 3936 Edd
337 3895 426 3935 autam
443 3883 543 3952 Dentop
560 3894 645 3936 conta.
741 3882 855 3951 ideoque
873 3881 998 3934 Heinsius
1019 3881 1099 3935 etiam
1117 3881 1145 3934 ia
1166 3883 1267 3953 protasi
1290 3901 1345 3938 cer·

138 3962 162 4005 te
182 3953 237 4005 arti
259 3953 328 4019 tuae]
369 3951 470 4005 Vocula
490 3961 514 4005 te
535 3951 563 4004 in
585 3950 707 4005 omuibus
742 3960 799 4005 tant
816 3949 931 4016 volebat,
951 3966 1043 4020 parum
1060 3959 1143 4016 caute,
1162 3960 1261 4005 namet
1275 3955 1346 4030 qnes-

106 4019 200 4074 nostris
218 4027 268 4086 est,
287 4035 355 4089 quae
373 4019 453 4089 vulgo
471 4018 642 4086 desideratur,
661 4019 708 4073 sed
744 4036 792 4090 qne
809 4026 837 4071 et
855 4035 906 4088 pro
923 4035 951 4070 se
974 4021 1094 4089 quisqam,
1115 4019 1233 4090 quamvis
1255 4019 1346 4091 proxi-

106 4089 156 4142 iam
172 4097 214 4142 est
231 4104 248 4141 a
264 4087 399 4142 Snakeab.
415 4087 527 4143 adiecta.
558 4087 628 4141 Tum
646 4099 706 4142 enta
742 4103 814 4140 mum
831 4088 940 4140 verbum
958 4085 985 4138 iu
998 4104 1109 4140 numero
1123 4087 1247 4157 singulari
1259 4105 1347 4144 secum

107 4167 277 4228 expectantem
293 4156 369 4210 multi
386 4157 463 4210 codd.
481 4164 509 4209 et
527 4157 583 4210 fera
600 4156 705 4228 optimi;
741 4157 866 4221 habeant,
876 4153 1020 4225 adr-eliqua
1029 4155 1162 4226 cogitatae
1172 4156 1347 4210 multitudiuis

107 4235 268 4295 spectantem,
286 4224 563 4293 utineoessevidetur,
582 4223 707 4279 enostris
741 4239 879 4278 numerum
901 4223 1042 4294 perierunt.
1082 4223 1123 4277 Cf.
1141 4225 1175 4280 sd
1192 4240 1237 4291 vr,
1260 4233 1303 4292 41,
1322 4233 1348 4279 2.

111 4295 157 4348 soli
174 4294 245 4349 Flor.
264 4293 321 4348 FG.
777 4291 843 4362 Cap.
862 4297 903 4358 19,
922 4297 947 4356 9.
966 4299 989 4345 1.
1016 4295 1115 4346 laeuam
1138 4324 1173 4334 -
1200 4296 1346 4348 lassaverat

140 4367 163 4427 s.
181 4367 223 4416 82.
257 4363 461 4432 magnitudinem
480 4363 603 4431 pericula]
642 4361 706 4416 Mas.
741 4361 847 4432 politico
870 4367 899 4414 et
916 4359 1048 4415 Ovidiauo
1068 4377 1141 4414 more
1163 4361 1226 4415 dicit
1247 4379 1298 4432 pro
1315 4377 1347 4414 eo

109 4429 195 4483 addita
211 4447 277 4484 vona
294 4433 400 4484 telonem
412 4431 527 4500 parienti
533 4467 540 4496 ,
558 4430 611 4484 duo
628 4429 708 4484 etiam
743 4429 817 4500 quod
843 4437 897 4482 est:
928 4428 980 4482 iam
1006 4428 1118 4498 fatigata
1143 4447 1175 4484 ac
1200 4429 1268 4483 lassa
1291 4429 1347 4482 eiua

109 4497 178 4551 Flor.
195 4498 249 4552 ΕΗ
264 4505 293 4552 et
310 4499 426 4554 aaran
447 4497 542 4552 omissa
558 4515 623 4554 voce
634 4501 708 4569 peri-
743 4505 801 4552 erat
817 4496 899 4550 laeva.
934 4497 1007 4550 Male
1025 4499 1161 4551 taxaverat
1178 4497 1259 4552 Bera.
1277 4497 1300 4550 B
1318 4504 1347 4550 et

1122 4581 1176 4636 29*
