3158 5294
467 380 515 431 ne
543 377 669 431 eusms
701 375 810 427 unx.
837 377 887 445 1x,
912 373 955 425 ee.
1266 361 1338 431 461

105 584 231 660 nmque
261 561 435 660 pteqnobo,
474 562 512 635 in
544 561 665 635 theam
695 572 860 634 terrorum
891 557 979 640 orbib
1012 583 1082 633 esee
1113 585 1165 632 me
1196 562 1340 636 medam.

7 707 9 750 r
52 689 85 736 22
103 669 203 747 Dabo
236 671 432 746 nobilitatem
473 671 667 771 iqnobibbru
708 669 805 760 ἱεὶς
850 669 1003 768 mesiam
1037 669 1161 744 rondes
1191 673 1342 771 qerttrbus

104 793 226 874 meros,
257 807 343 883 quus
367 796 489 858 natma
515 782 608 882 Ionqe
632 793 863 856 summoverat.
915 778 959 855 In
984 779 1036 853 bis
1061 780 1216 878 operibns
1241 784 1341 856 estin·

100 893 165 990 qui
187 893 279 984 mibi
304 893 337 968 si
357 896 437 995 fors
462 894 511 967 ito
526 897 625 993 seret,
653 892 831 991 probinum
855 903 921 964 est:
960 914 1000 964 ea
1025 891 1127 990 stirpe
1152 918 1227 966 sum
1249 895 1341 993 qemi

7 1081 8 1086 ,
104 1015 174 1097 tue,
213 1016 250 1078 ut
281 1003 420 1077 mudum
454 1003 573 1103 prius,
613 1027 714 1102 quarn
753 1001 895 1100 btnqam·
919 1001 1023 1076 oitom
1054 1003 1187 1076 debeam
1219 1019 1341 1104 optare.

7 1161 8 1164 =
51 1131 85 1180 2³
108 1111 248 1189 Obsecro
273 1139 346 1205 uos,
378 1114 513 1214 coqitate
538 1139 598 1189 nos
617 1114 810 1212 pervenisse
835 1114 872 1186 in
897 1125 1020 1204 umas,
1051 1112 1169 1212 quibus
1191 1117 1343 1214 feminae

103 1225 152 1318 ob¹
172 1225 324 1300 oinmem
354 1223 596 1299 eebbmmmmn
626 1249 745 1298 nonten
774 1233 830 1298 est.
892 1219 987 1304 Quos
1017 1224 1113 1298 urbes
1145 1221 1344 1302 Semiramis

6 1387 7 1398 κ
105 1334 277 1409 eortdidit?
302 1361 386 1435 quas
407 1349 520 1435 qentee
544 1335 669 1435 redeqit
692 1334 730 1408 in
748 1333 966 1434 potestatem?
997 1348 1122 1435 quanto
1147 1361 1249 1436 opera
1276 1362 1342 1410 mo·

6 1503 7 1538 ,
105 1445 164 1519 ida
194 1446 265 1521 est?
286 1453 293 1470 '
316 1447 482 1522 Nondum
506 1445 675 1548 feminam
711 1446 928 1545 aeqtmimus
955 1447 1081 1545 qboria,
1121 1461 1151 1522 et
1180 1448 1251 1521 iam
1281 1473 1341 1524 nos

6 1609 8 1652 3
52 1577 87 1624 24
106 1557 218 1632 btndo's
242 1559 376 1634 satietas
401 1557 509 1656 oepit?
547 1556 615 1631 Dii
627 1559 779 1658 suosmet,
804 1557 936 1630 maiora
961 1549 1078 1632 odem
1095 1573 1226 1634 restaret.
1273 1558 1344 1635 Sed

7 1723 8 1736 ,
105 1668 153 1742 ito
177 1683 290 1744 nostru
316 1680 413 1743 erum
437 1693 522 1768 quoae
547 1669 695 1742 nmtdum
719 1668 905 1768 ubiquimus,
941 1667 975 1740 si
998 1668 1082 1742 nibil
1104 1695 1254 1767 paruum
1280 1671 1341 1744 du·

6 1869 7 1872 ¹
104 1779 267 1872 remmus,
298 1781 335 1854 in
360 1805 425 1880 quo
449 1803 592 1880 maquae
619 1777 748 1877 quiriae
773 1778 862 1852 bueo
888 1790 944 1852 est.
1006 1776 1075 1854 Vos
1100 1781 1197 1854 neoda
1218 1805 1275 1854 me
1301 1780 1342 1854 ab

104 1890 258 1966 intestina
280 1891 411 1993 fraude
445 1903 476 1963 et
508 1888 759 1963 mmesdomum
798 1888 933 1962 metite
967 1903 1135 1986 praedam
1168 1915 1341 1965 securum.-

53 2021 87 2069 m
105 2001 180 2076 belii
202 2002 391 2101 Martisque
416 2001 596 2075 descrimen
620 1999 814 2096 impauidus
839 1999 960 2073 modo.
1004 1999 1183 2098 Pbibippus
1208 2002 1246 2076 in
1270 2003 1342 2076 atie

6 2141 8 2170 ³
106 2114 218 2202 tritior,
258 2138 360 2211 queam
395 2111 433 2184 in
468 2110 589 2184 tbeatm
618 2109 713 2209 Μ·
758 2107 900 2183 boetium
932 2135 1054 2206 nmnus
1087 2135 1186 2211 saepe
1218 2113 1341 2205 uitaod,

6 2209 7 2238 ³
104 2247 242 2298 suorum
273 2225 414 2323 effieqere
444 2246 511 2296 non
540 2219 654 2294 ualuit.
706 2219 862 2294 Aliorum
889 2245 1014 2320 quoque
1038 2246 1154 2321 requm
1180 2225 1344 2299 emensi

6 2369 8 2376 >
105 2333 350 2431 reputaverim,
380 2333 496 2432 piures
521 2357 544 2406 a
568 2331 654 2422 suis,
688 2355 789 2430 quam
815 2330 857 2404 ab
888 2331 974 2406 boeto
999 2332 1206 2432 interemptos
1231 2359 1342 2409 nume·

5 2501 7 2506 .
54 2462 87 2510 re
104 2442 230 2518 rubetis.
285 2441 451 2536 Ceterum,
491 2442 648 2543 quoniam
682 2441 761 2515 olim
794 2441 845 2516 rei
877 2442 1020 2542 aqitatae
1054 2444 1090 2518 in
1124 2445 1236 2520 animo
1270 2471 1342 2521 meo

5 2557 6 2652 ζ
104 2578 194 2628 nuno
212 2555 420 2654 promntdoe
445 2554 572 2630 ooeaseb
598 2553 704 2628 obbtto
728 2566 788 2645 est,
821 2553 905 2628 mibi
928 2555 1097 2629 metimus
1123 2555 1271 2629 bzborum
1296 2571 1342 2630 at-

105 2691 167 2765 que
192 2691 331 2764 operum
355 2690 504 2741 nmmum
535 2665 597 2740 erit
620 2667 771 2767 fructus,
804 2666 836 2738 oi
864 2661 1041 2763 Olympios
1072 2657 1177 2738 mater
1207 2666 1342 2742 immor·

105 2777 225 2850 midati
254 2789 471 2868 comedetur,
508 2777 770 2876 quandocunque
801 2777 974 2848 eeoesserit
1003 2774 1080 2848 uim
1134 2773 1178 2850 Si
1207 2776 1342 2868 timuerit,

5 2973 6 2976 Ἴ
104 2886 177 2985 ipse
210 2889 383 2986 praestabo
413 2887 491 2963 boo.-
530 2886 644 2961 sinn
671 2884 881 2984 praeceperit
904 2888 1039 2987 fotum,
1076 2910 1134 2960 oos
1164 2885 1344 2961 nmrtdame
1432 2959 1434 2964 .

141 3160 260 3234 (benit,
277 3170 351 3232 §.22
387 3165 503 3235 extimui
518 3165 582 3218 mitt
598 3194 632 3204 -
644 3163 707 3233 pul·
741 3159 812 3213 idem
830 3159 936 3214 Medius
953 3160 1045 3216 edidit.
1076 3161 1342 3217 Venmeluomon

105 3234 194 3286 cbnem
217 3235 265 3301 est]
302 3233 391 3315 Vulgo
408 3251 461 3301 me,
488 3233 562 3304 quod
585 3231 612 3286 in
634 3231 708 3286 nullo
742 3236 869 3282 enotstur
941 3233 1056 3302 udoque,
1079 3230 1128 3285 nisi
1145 3248 1180 3284 ex
1198 3229 1262 3297 CG,
1284 3249 1343 3286 eum

105 3300 196 3354 codice
213 3309 262 3356 est.
297 3300 422 3374 Plerique
438 3301 508 3355 enim
523 3310 555 3355 ut
569 3299 707 3367 edidimus,
741 3297 857 3351 inDEH
900 3299 988 3352 erue
1007 3299 1042 3352 sit
1060 3303 1172 3371 quondo.
1208 3297 1270 3352 Diei
1287 3317 1343 3353 non

124 3369 503 3437 enei,Pnl.1Flor.FI,nee
519 3387 567 3437 me,
585 3385 634 3422 nee
644 3370 708 3422 mibi
741 3384 801 3421 raro
822 3369 976 3437 quandoque
997 3386 1046 3439 pro
1068 3371 1272 3438 quandocunque
1294 3385 1343 3422 nee

139 3439 210 3491 bent
230 3438 509 3494 GetemmsorePul.l
521 3437 706 3504 Monesen,
741 3435 825 3490 solum
843 3453 858 3488 e
875 3435 963 3507 poetis
980 3445 1009 3489 et
1031 3435 1158 3508 proseriis
1182 3435 1278 3490 aetatis
1300 3454 1343 3490 er·

104 3524 174 3559 mors
192 3505 265 3560 Flor.
275 3506 296 3559 1.
740 3512 867 3584 geneses,
894 3505 938 3556 sed
958 3504 1038 3558 etium
1056 3522 1072 3557 e
1088 3503 1179 3571 Livio,
1202 3503 1286 3558 disees
1308 3521 1343 3557 ex

139 3576 245 3626 multam
274 3577 353 3643 prins
379 3591 457 3644 quam
483 3577 587 3646 lonqom
614 3573 703 3644 eitam]
739 3591 770 3626 ns
794 3577 861 3643 quse
883 3571 1018 3627 Drakenb.
1036 3574 1070 3626 sd
1094 3573 1197 3626 Livium
1214 3587 1240 3637 1,
1258 3579 1342 3638 ³1‚4

106 3640 190 3694 codd.
208 3658 298 3694 omnes
315 3658 376 3694 eum
393 3641 452 3696 edd.
467 3643 600 3698 retenens
613 3644 703 3706 mutem
739 3639 854 3709 collegit.
889 3639 930 3694 cf.
947 3641 981 3693 ed
998 3655 1050 3707 vn,
1069 3647 1112 3705 89,
1132 3648 1155 3694 9.
1191 3639 1245 3694 Sed
1262 3641 1341 3694 relin-
1388 3681 1393 3688 .

104 3710 152 3762 sed
178 3716 251 3762 reete
281 3708 372 3764 Iunius
398 3711 521 3764 eorrexit.
565 3709 705 3773 Quaerunt
739 3708 828 3779 quitur
849 3708 876 3760 in
898 3706 1033 3778 plerisque
1056 3708 1119 3762 loeis
1142 3707 1243 3789 aliquid
1265 3709 1341 3762 dubi-

103 3777 210 3848 quidem
237 3775 301 3846 quid
323 3777 394 3831 inter
415 3781 521 3832 muitum
545 3785 574 3830 et
600 3779 705 3846 lonqum
739 3774 859 3841 tationis,
882 3792 931 3828 nee
954 3791 1005 3846 ego
1028 3793 1119 3830 verum
1142 3785 1270 3831 renonem
1288 3777 1340 3831 h.l.

103 3845 184 3899 vitem
206 3844 323 3912 intersit,
356 3852 385 3900 et
408 3845 532 3898 dubitent
555 3861 618 3898 num
640 3843 705 3898 setis
739 3844 861 3896 deserere
878 3845 999 3912 sudeam,
1015 3851 1075 3899 euni
1091 3843 1162 3898 Flor.
1181 3845 1230 3898 ΑΒ
1249 3845 1341 3900 suffiu-

104 3913 187 3968 lutine
205 3913 315 3967 dicetur.
349 3913 409 3968 Hoe
423 3929 471 3966 eur
487 3912 611 3967 dubitent
627 3911 705 3964 intel-
738 3910 811 3982 gntio
828 3911 905 3964 absit

104 3983 167 4053 ligo,
185 3981 252 4035 iliud
264 3981 354 4047 miror,
370 3981 444 4053 quusi
454 3980 622 4044 metuentius,
640 3978 704 4049 quid
774 3996 818 4032 ros
835 3981 977 4032 mundasse
993 3989 1150 4046 mementote,
1169 3979 1186 4034 i.
1195 3997 1218 4034 e.
1230 3999 1277 4036 vos
1285 3997 1341 4035 me·

104 4051 138 4105 sit
155 4049 267 4104 multum
289 4050 393 4117 vivere,
418 4049 480 4120 quid
499 4048 552 4102 diu.
589 4047 705 4102 Omnino
740 4054 872 4113 mentem,
896 4047 1032 4101 merobis
1054 4047 1289 4116 illudmendssee,
1312 4057 1342 4104 et

104 4120 189 4174 hose
226 4118 328 4172 uisitius
350 4118 449 4174 dietum
471 4126 512 4170 eet
528 4134 606 4188 quem
623 4115 705 4169 usite-
738 4114 825 4168 utitur
842 4115 925 4168 verbo
941 4115 1075 4170 morituris
1111 4117 1209 4187 reptio.
1235 4116 1342 4172 Medius

104 4187 163 4254 tius,
180 4137 227 4242 sib
243 4186 387 4242 rectissime
403 4186 426 4240 si
443 4185 507 4258 quid
523 4185 618 4264 iudieq.
678 4251 684 4264 ι
739 4187 865 4238 mandere
883 4182 979 4250 edidit,
1006 4135 1139 4240 codicibus
1158 4183 1261 4252 invitis,
1288 4187 1343 4240 for·

138 4259 162 4336 5.
175 4263 217 4311 26.
255 4257 288 4310 01
326 4259 388 4326 pias
411 4257 504 4323 mater]
540 4253 656 4306 Additur
676 4271 704 4306 ιιι
738 4260 808 4305 teme
833 4251 905 4322 quod
930 4251 1038 4322 vulgare
1065 4253 1099 4305 de
1125 4254 1208 4306 verbo
1238 4255 1344 4306 mertini

104 4323 177 4376 Lete.
194 4342 259 4378 meo.
309 4333 354 4378 oet
370 4342 418 4405 pro
433 4325 635 4394 quandocunque
650 4327 704 4374 tre-
738 4328 907 4390 praeceptum
921 4319 1000 4374 etiem
1015 4321 1048 4374 ud
1063 4319 1247 4390 imperativum
1256 4329 1344 4374 truns-

105 4391 437 4459 diturinFlor.Hemsii,
459 4389 701 4446 leid.voss.1.u
737 4387 808 4442 tulit.
844 4387 988 4444 Omittitur
1005 4387 1072 4441 illud
1091 4387 1202 4441 verbum
1218 4387 1246 4440 in
1260 4387 1342 4442 Pati

104 4459 219 4513 BernA
241 4460 332 4515 PeLl.
354 4460 407 4532 legi
429 4463 598 4532 quandoque,
620 4464 701 4528 etque
735 4455 850 4511 Reme
867 4455 1100 4512 mesconem.
