3268 5286
550 371 599 420 nn
616 368 752 422 ,enema
777 370 1040 443 annx.rn,1e.
1337 358 1411 429 305

125 571 157 619 18
176 552 343 651 inopiam,
367 553 490 651 frigus,
515 554 771 649 lassitudinem,
797 555 1092 656 desperationem.
1132 558 1266 634 Multos
1292 561 1412 635 exani·

175 665 289 738 mavit
313 665 410 763 rigor
435 666 599 739 insolitus
626 667 734 757 nivis3
762 671 956 744 multorum
982 669 1120 745 adussit
1145 669 1271 771 pedes;
1304 673 1410 772 pluri·

174 802 317 851 morum
347 777 458 850 oculis
483 779 672 878 praecipue
707 781 942 878 perniciabilis
969 783 1045 857 fuit.
1098 783 1252 882 Fatigati
1277 784 1408 882 quippe

175 889 212 962 in
239 889 317 987 ipso
342 891 426 987 gelu
452 883 651 964 deliciantis
677 917 828 990 corpora
852 895 1077 968 sternebant:
1115 919 1205 994 quae
1232 921 1313 970 eum
1339 921 1412 968 mo·

174 1001 253 1074 veri
287 999 479 1092 desissent,
512 1003 567 1074 vis
601 1002 741 1102 frigoris
768 1004 819 1078 ita
843 1005 1111 1105 adstringebat,
1146 1016 1189 1078 nt
1213 1031 1337 1080 rursus
1364 1003 1413 1078 ad

126 1132 159 1178 14
176 1111 396 1210 surgendum
420 1113 554 1186 conniti
578 1140 651 1188 non
678 1126 834 1213 possent.
886 1117 922 1189 A
947 1119 1245 1194 commilitonibus
1272 1129 1414 1216 torpen-

174 1235 230 1298 tes
257 1224 521 1298 excitabantur:
553 1250 669 1322 neque
695 1226 792 1300 aliud
818 1227 1015 1302 remedium
1041 1239 1135 1322 erat,
1163 1255 1270 1326 quam
1295 1242 1337 1302 ut
1362 1229 1412 1300 in·

174 1335 276 1434 gredi
310 1346 533 1434 cogerentur.
587 1335 679 1408 Tum
714 1337 859 1412 demum
885 1339 985 1413 vitali
1011 1341 1129 1415 calore
1155 1351 1271 1431 motu,
1303 1365 1412 1414 mem·

125 1448 249 1521 rubris
287 1448 413 1545 aliquis
450 1447 593 1524 redibat
635 1451 747 1548 vigor.
819 1447 856 1523 Si
896 1452 956 1548 qui
994 1453 1138 1552 tuguria
1177 1453 1412 1527 barbarorum

160 1557 274 1644 ,adire
307 1569 518 1657 potuerunt,
533 1605 539 1612 ·
554 1561 714 1636 celeriter
748 1561 870 1636 refecti
902 1572 996 1635 sunt.
1058 1561 1131 1638 Sed
1163 1575 1266 1637 tanta
1297 1565 1411 1662 caligo

175 1681 271 1763 erat,
305 1680 348 1764 ut
385 1671 545 1744 aedificia
578 1673 677 1746 nulla
708 1673 777 1748 alia
813 1697 871 1746 res
904 1699 1011 1771 quam
1043 1676 1162 1748 fumus
1197 1675 1413 1750 ostenderet

124 1801 156 1849 rc
174 1781 230 1855 llli
255 1808 437 1881 nunquam
464 1793 548 1857 ante
573 1784 610 1857 in
636 1785 740 1858 terris
767 1786 840 1858 suis
866 1783 1007 1858 advena
1032 1786 1121 1876 viso,
1148 1811 1230 1858 cum
1256 1797 1414 1860 armatos

174 1903 322 1994 repente
348 1895 611 1993 conspicerent,
639 1895 832 1968 exanimati
857 1906 975 1988 metu,
1008 1895 1175 1995 quicquid
1200 1899 1237 1970 in
1264 1895 1414 1994 tuguriis

175 2017 255 2081 erat
279 2007 492 2097 afferebant,
527 2017 568 2079 ut
594 1996 802 2104 corporibus
837 2007 996 2105 ipsorum
1027 2018 1233 2106 parceretur
1260 2017 1413 2081 orantes.

125 2140 157 2186 rr
175 2117 257 2191 Rex
283 2143 412 2216 agmen
438 2118 647 2192 circumibat
671 2117 792 2216 pedes,
818 2119 974 2192 iacentes
1001 2118 1176 2218 quosdam
1203 2119 1352 2218 erigens,
1379 2128 1416 2191 et

176 2230 274 2321 alios,
302 2255 383 2303 curn
409 2255 515 2328 aegre
543 2239 786 2327 sequerentur,
813 2228 1027 2304 adminiculo
1055 2230 1213 2329 corporis
1240 2231 1295 2303 sui
1322 2229 1414 2303 exci-

176 2341 287 2440 piens.
340 2339 443 2414 Nunc
479 2341 525 2414 ad
555 2341 671 2440 prima
705 2342 822 2440 signa,
857 2367 952 2415 nunc
984 2343 1022 2415 in
1046 2341 1222 2433 medium,
1256 2340 1415 2414 nuncin

125 2471 158 2520 1s
176 2453 301 2526 ultimo
328 2454 478 2550 agmine,
504 2453 640 2528 itineris
666 2454 900 2552 multiplicato
927 2453 1050 2557 labore
1075 2451 1210 2527 aderat
1255 2451 1416 2525 Tandem

177 2563 224 2636 ad
248 2564 328 2636 loca
354 2565 504 2638 cultiora
528 2576 741 2664 perventum
768 2577 835 2658 est,
856 2578 1126 2663 commeatuque
1152 2565 1252 2664 largo
1280 2587 1415 2636 recrea·
1493 2652 1497 2658 Ι

176 2685 236 2749 tus
263 2676 455 2749 exercitus:
483 2676 588 2750 simul
611 2687 651 2778 et
677 2675 746 2775 qui
763 2677 931 2775 consequi
957 2702 1030 2750 non
1057 2685 1265 2774 potuerant,
1292 2677 1330 2749 in
1355 2675 1416 2746 illa

177 2799 296 2862 castra
320 2798 507 2863 venerunt
1079 2819 1084 2833 ·
1194 2875 1196 2880 ,

212 3080 235 3148 §.
254 3085 295 3134 13.
330 3079 404 3148 rigor
422 3077 543 3130 insolitas
560 3077 639 3145 niuis]
661 3077 780 3130 insolitos
815 3075 908 3129 adesse
925 3081 954 3128 et
971 3074 1041 3197 apud
1051 3071 1131 3128 Orid.
1139 3071 1207 3128 Met.
1217 3085 1249 3139 11,
1269 3075 1317 3126 51³
1336 3088 1416 3152 quoe·

177 3150 245 3202 uiuis
272 3155 385 3228 uterque
407 3145 549 3200 Bemensis
566 3155 595 3198 et
611 3144 685 3198 Leid.
703 3145 780 3198 Voss.
815 3145 875 3197 ritis
893 3161 975 3214 quare
1009 3162 1041 3197 uc
1059 3143 1153 3207 adsim,
1172 3141 1189 3195 i.
1198 3157 1221 3194 e.
1231 3140 1283 3192 huc
1291 3157 1416 3194 venerim.

179 3225 202 3271 1.
220 3223 245 3271 2.
263 3223 291 3271 et
308 3217 372 3270 edit.
389 3213 524 3280 Modiana,
547 3215 593 3267 sed
610 3213 696 3268 nullus
714 3213 782 3267 liber
815 3213 907 3283 Atque
921 3214 1013 3266 adesce
1027 3214 1056 3265 in
1071 3220 1198 3278 temtum,
1208 3211 1337 3264 odesseia
1347 3210 1417 3263 iudi·

178 3284 354 3339 Florentinus.
383 3283 442 3337 Nec
459 3282 593 3337 insolitam
609 3283 695 3336 nivem
713 3281 780 3336 mili·
816 3283 880 3335 ciam
897 3299 951 3335 non
968 3297 1028 3336 raro
1045 3279 1163 3352 legimus.
1198 3277 1288 3331 Etiam
1305 3275 1418 3358 simplex

177 3353 248 3408 tibus
261 3351 438 3408 Macedonicis
456 3351 535 3406 luisse
552 3361 627 3407 recte
644 3351 781 3407 annotavit
815 3367 870 3404 esse
887 3350 1020 3403 interdum
1037 3349 1074 3404 sic
1091 3346 1207 3402 construi
1220 3346 1298 3401 solet:
1318 3345 1372 3400 Orc.
1383 3345 1418 3400 ad

179 3431 274 3476 contra
290 3421 413 3476 Modiam
430 3420 573 3476 Acidalius.
814 3419 874 3474 Att.
891 3433 942 3486 xv,
961 3426 978 3473 4
996 3429 1024 3473 m
1041 3419 1135 3472 cercior
1147 3417 1241 3485 fieret,
1278 3432 1310 3468 uo
1329 3417 1371 3468 die
1389 3416 1418 3467 in

212 3509 310 3561 conniti
326 3526 379 3561 non
396 3518 512 3578 possent.
546 3508 680 3562 Corniacri
705 3507 779 3562 Leid.
817 3489 1097 3570 Qffllflstumstmm
1109 3487 1229 3556 sulum·
1292 3500 1327 3565 0⁰,
1340 3481 1417 3536 emti-

177 3575 255 3629 νοω.
274 3582 298 3628 1.
316 3583 331 3629 2
350 3576 430 3630 ean.
447 3584 561 3648 uterquc
577 3576 649 3631 nor.
667 3577 779 3644 ncne,
814 3575 917 3640 numus
935 3573 1070 3638 eernere
1087 3555 1157 3626 arud
1175 3562 1293 3634 nostrum
1309 3553 1354 3605 hb·
1373 3565 1417 3618 111.

178 3643 311 3696 'mm'
360 3728 366 3740 ·
444 3728 449 3740 ·
816 3633 846 3708 3⁸
866 3621 1418 3747 'neoiliiii'iiiiailtrbliilfful'ii

180 3729 315 3850 άφὶᾖέῥῖι
341 3729 500 3782 mmm
540 3729 611 3784 ΗΜ·
637 3729 779 3784 ADEFGI
812 3711 1045 3884 pqgtqqircpmsw
1079 3760 1181 3830 eqreqie
1211 3776 1239 3812 se
1272 3759 1417 3813 tuebantur.

212 3881 282 3919 mm,
299 3865 328 3916 5„
345 3863 609 3918 medium-am,
630 3864 779 3946 Nonm
814 3837 958 3952 Gulielelm
975 3828 1043 3882 solet
1059 3827 1163 3890 diversa
1181 3825 1287 3880 Curtius
1306 3826 1340 3880 ad
1353 3824 1416 3880 Sall.

178 3951 236 3988 snm
252 3950 287 3987 ex
303 3949 357 3986 uno
374 3930 442 3985 libro
458 3929 530 3985 Flor.
549 3931 571 3986 (l
596 3932 728 4004 corrigere
750 3952 779 3985 m

177 4004 270 4072 medic,
289 4000 408 4074 quemvis
426 4007 551 4081 sequetur
567 4018 637 4054 nunc
651 4002 779 4054 inaltimo
848 4001 871 4068 5.
896 4004 936 4052 18.
979 4001 1017 4052 ud
1041 4000 1105 4079 loco·
1125 3999 1235 4055 cultore
1255 4008 1416 4078 perventum:

176 4074 295 4196 tillir?
310 4068 676 4196 miliimllltll
691 4069 778 4208 ..Bitl
813 4067 1036 4208 {inlibati
1047 4066 1417 4191 tttffcttffitttff

176 4211 268 4282 siquo,
294 4230 364 4268 nunc
381 4214 420 4266 od
441 4211 532 4264 ultimo
550 4209 672 4279 cymiliis.
707 4206 779 4260 Nam
812 4213 838 4287 2,
856 4207 981 4286 nicatore
997 4176 1101 4276 legitur.
1120 4205 1227 4285 Medius
1235 4202 1418 4284 breviloquen3

177 4281 269 4362 adesse
303 4298 362 4362 crim
397 4279 496 4334 habeat
529 4277 662 4358 quandum
691 4283 778 4330 motus
812 4283 866 4329 nae
891 4275 1023 4357 studiosus
1056 4276 1113 4328 loco
1140 4281 1235 4328 omisit.
1278 4271 1345 4352 Post
1372 4289 1417 4341 qm

176 4349 778 4488 taruennensem
811 4361 1032 4467 titium
1050 4341 1417 4482 irretirent?

177 4497 246 4555 xcv,
261 4493 293 4540 28
308 4487 395 4543 editur
408 4488 494 4542 adhuc
509 4487 590 4542 iussis
601 4483 777 4554 Amphipolim
813 4498 972 4555 (quemquem
991 4480 1067 4536 codd.
1079 4489 1212 4550 poterunt.

1222 4569 1256 4618 20
