3270 5290
243 349 318 422 214
734 369 768 431 o.
792 367 917 420 curru
940 369 1026 420 aum

241 555 335 627 forte
367 563 502 628 temere
536 554 695 628 hmnana
719 552 865 652 negotia
890 553 989 626 volvi
1016 553 1144 650 agique
1170 573 1384 650 persuasum
1411 559 1487 623 est:
1597 649 1598 656 ἵ

242 664 425 764 [equidem
450 677 597 739 aeterna
623 665 878 740 constitutione
905 661 1143 762 crediderim]
1169 687 1337 760 nexuque
1362 684 1488 734 causa·

241 801 324 850 rum
349 776 553 867 latentium,
590 802 637 850 ex
661 778 776 850 multo
808 788 893 852 ante
924 777 1199 865 destinatarum,
1233 795 1339 846 suum
1364 798 1488 870 quem·
1597 861 1598 866 Ἰ

244 913 314 986 que
341 886 504 961 ordinem
529 888 741 962 immutabili
767 889 847 988 lege
872 913 1090 988 percurrere.
1142 885 1283 959 Dareus
1310 895 1409 959 certe
1436 911 1490 958 re·
1508 901 1535 949 11

243 998 405 1098 spondit,
439 1024 655 1097 quamquam
682 1001 749 1074 sibi
777 997 997 1074 Graecorum
1022 998 1175 1072 militum
1200 996 1290 1070 fides
1316 1007 1407 1069 nota
1435 996 1490 1086 sit,
1597 1011 1598 1070 l

243 1136 430 1208 nunquam
455 1121 577 1184 tamen
604 1136 626 1184 a
651 1111 884 1210 popularibus
917 1113 990 1186 suis
1016 1099 1250 1184 recessurum.
1302 1105 1493 1180 Difficilius

246 1221 314 1294 sibi
346 1247 426 1295 esse
465 1220 652 1314 damnare,
690 1247 798 1319 quam
834 1221 960 1322 decipi.
1028 1218 1206 1318 Quicquid
1240 1220 1313 1293 fors
1348 1219 1494 1292 tulisset

244 1333 339 1406 inter
366 1358 450 1406 suos
477 1334 615 1431 perpeti
641 1333 757 1425 malle,
785 1359 893 1432 quam
919 1334 1143 1431 transfugam
1169 1332 1255 1405 fieri.
1309 1327 1356 1404 Se
1375 1329 1495 1428 perire

245 1468 336 1533 sero,
364 1443 394 1514 si
421 1444 562 1516 salvum
588 1468 667 1518 essa
692 1445 822 1517 milites
850 1445 905 1518 sui
931 1445 1078 1518 nollent.
1126 1440 1273 1532 Patron,
1300 1438 1494 1540 desperata

244 1555 338 1651 regis
366 1555 494 1646 salute,
520 1554 567 1628 ad
593 1581 665 1646 eos,
693 1556 821 1653 quibus
848 1567 1023 1654 praeerat,
1050 1554 1165 1646 rediit,
1179 1553 1300 1626 omnia
1325 1579 1394 1651 pro
1421 1549 1493 1624 fide

247 1664 401 1762 experiri
428 1677 586 1764 paratus.
617 1697 619 1700 ·
1597 1671 1598 1754 l

196 1777 244 1849 32
348 1775 401 1849 At
426 1775 560 1853 Bessus
592 1776 776 1850 occidendi
808 1777 973 1875 protinus
1004 1777 1098 1875 regis
1129 1778 1303 1875 impetum
1330 1781 1539 1872 ceperatxfl·

247 1883 320 1960 Sed
346 1889 500 1981 veritus,
535 1915 582 1962 ne
608 1890 763 1989 gratiam
777 1879 998 1979 'Alexandri
1026 1889 1095 1960 nisi
1121 1889 1247 1961 vivum
1273 1911 1355 1959 eum
1381 1881 1494 1958 tradi·

246 1997 368 2090 disset,
385 1999 474 2072 inire
499 2026 574 2074 non
599 2012 733 2098 posset,
754 1999 867 2073 dilato
887 2001 924 2073 in
951 2000 1153 2098 proximam
1178 2009 1322 2094 noctem
1349 1994 1493 2070 sceleris

247 2110 405 2200 consiliu,
431 2137 537 2209 agere
564 2113 698 2210 gratias
724 2112 856 2210 incipit,
879 2111 976 2209 quod
1001 2109 1128 2209 perfidi
1154 2109 1307 2184 hominis
1332 2106 1493 2198 insidias,

246 2207 535 2293 iam'Alexandri
562 2248 648 2320 opes
676 2223 881 2320 spectantia,
907 2221 1104 2319 prudenter
1130 2230 1304 2318 cauteque
1330 2220 1492 2294 uitasset.

247 2327 393 2404 Donum
419 2355 501 2402 eum
526 2331 623 2404 hosti
649 2335 806 2406 laturum
832 2329 941 2408 fuisse
967 2334 1061 2431 regis
1089 2343 1206 2431 caput.
1245 2329 1333 2405 'Nec
1359 2329 1522 2418 mirari,2
1597 2323 1598 2350 ³

245 2441 427 2515 hominem
461 2442 626 2516 mercede
662 2442 879 2515 conductum
912 2445 1031 2517 omnia
1062 2444 1196 2518 habere
1222 2443 1379 2516 venalia:
1417 2441 1491 2514 sine

246 2552 406 2650 pignore,
422 2552 498 2625 sine
523 2555 608 2643 lare,
622 2564 799 2627 terrarum
826 2554 922 2626 orbis
950 2555 1102 2645 exulem,
1121 2555 1313 2654 ancipitem
1338 2554 1492 2641 hostem,

248 2662 296 2736 ad
321 2673 451 2736 nutum
476 2663 659 2738 licentium
686 2665 912 2739 circumferri.
953 2662 1128 2763 Purganti
1155 2665 1284 2739 deinde
1311 2689 1360 2754 se,
1388 2661 1519 2736 deos-³

246 2904 289 2952 ter
315 2915 370 2952 rem
395 2914 453 2953 esse
478 2907 680 2970 consentaneun
706 2900 849 2971 significat:
884 2900 999 2968 dubito).
1035 2899 1089 2954 Sed
1110 2916 1217 2970 prorsus
1234 2915 1288 2952 non
1305 2897 1428 2968 intelligo
1446 2913 1492 2952 cur

246 2966 372 3035 eludant,
391 2984 438 3048 an,
457 2968 533 3022 facile
550 2977 608 3036 est,
626 2969 698 3050 quod
715 2969 792 3023 sutile
810 2979 850 3023 est
884 2968 981 3023 Latine
998 2987 1051 3023 non
1069 2968 1172 3022 dicetur
1186 2967 1304 3021 exmulto
1314 2985 1363 3038 pro
1376 2983 1409 3019 eo
1420 2963 1492 3037 quod

246 3035 399 3117 intellectu,
418 3053 473 3089 sive
490 3037 599 3091 eludant
617 3037 753 3105 minirum,
778 3039 850 3107 quod
885 3046 954 3092 esset
984 3053 1018 3090 ex
1048 3045 1151 3090 remoto
1183 3043 1303 3106 tempore
1329 3034 1491 3090 constituero

246 3107 356 3164 uerbum
378 3104 499 3158 similiter
528 3114 556 3160 at
579 3105 733 3160 adverbium
759 3115 801 3160 est
822 3115 851 3160 et
885 3107 948 3177 quid
966 3106 1085 3158 futurum
1102 3103 1145 3158 sit.
1180 3103 1257 3160 Unus
1278 3103 1350 3157 Flor.
1374 3101 1443 3157 Get
1461 3117 1491 3154 ex

247 3173 403 3230 coniunctio.
422 3173 493 3226 Tum
507 3176 576 3240 sorte
591 3185 751 3227 temeramus.
761 3191 851 3228 omnes
885 3177 964 3227 multo
982 3183 1050 3227 unte.

247 3248 276 3293 et
293 3241 356 3294 edit.
374 3241 463 3308 Mod,
491 3241 562 3310 quod
584 3259 667 3311 genus
684 3242 787 3296 dicendi
806 3242 850 3294 Li·
920 3245 944 3310 ξ.
964 3249 1004 3295 ll.
1040 3241 1255 3311 reperireeero,
1274 3207 1418 3294 risulcum
1436 3253 1491 3293 aare

247 3307 291 3360 vio
308 3307 435 3360 familiare
452 3307 529 3378 primi
546 3309 661 3362 editores
678 3318 852 3388 corruperunt
886 3311 981 3363 milites
999 3311 1043 3363 sui
1059 3310 1169 3431 callenti]²
1195 3309 1286 3362 Verba
1308 3307 1490 3362 collocavimus

239 3378 315 3445 forte
337 3393 369 3428 ac
392 3385 484 3428 temen
505 3376 664 3443 scribentes,
692 3377 852 3448 nimiumque
886 3377 1105 3448 quemadmodum
1132 3377 1194 3430 liri
1225 3387 1272 3430 aut
1298 3377 1418 3431 meliores
1446 3379 1491 3428 aut

248 3442 339 3495 fideles
361 3443 404 3496 vel
428 3443 571 3497 incuriosos
595 3444 685 3514 potius
706 3443 852 3498 imitatores
886 3461 975 3498 omnes
993 3445 1133 3499 iusserunt.
1169 3445 1258 3516 Vulgo
1280 3463 1338 3500 sero
1360 3463 1388 3499 se
1401 3445 1498 3515 perire·

248 3510 413 3564 invenerunt.
449 3510 519 3564 Vide
537 3509 654 3565 Gronov.
672 3521 700 3564 at
717 3513 800 3566 Drulr.
819 3513 853 3566 ad
887 3520 915 3566 at
932 3515 976 3566 sui
992 3515 1097 3567 milites.
1133 3513 1199 3568 Post
1221 3513 1301 3567 etiam
1318 3515 1389 3584 repis
1407 3514 1491 3567 salute

248 3579 307 3632 Liv.
324 3593 358 3646 x,
380 3585 430 3646 48,
450 3585 490 3632 12.
525 3579 616 3634 Etiam
635 3579 727 3634 Cicero
749 3581 782 3634 da
800 3581 852 3634 (liv.
887 3598 977 3635 omnes
994 3582 1070 3634 codd.
1089 3599 1157 3650 mss,
1175 3581 1241 3635 editi
1258 3585 1342 3636 soture
1360 3583 1441 3651 repis.

248 3661 283 3714 11,
302 3653 335 3701 68
352 3648 407 3700 nisi
424 3649 476 3702 ista
494 3665 559 3702 casu
576 3667 689 3702 nonnum
708 3667 769 3702 uam
777 3652 853 3719 forte
923 3649 1041 3720 Caput,
1078 3659 1118 3703 .1.
1137 3653 1258 3720 impetum
1268 3651 1382 3720 ceperat]
1402 3648 1491 3717 Vulgo

248 3725 341 3770 temere
357 3727 553 3784 concurrerent,·
569 3716 640 3770 idem
656 3667 714 3772 eod.
731 3717 853 3772 libr-oct
890 3728 1054 3787 concuteret,
1077 3720 1123 3772 sed
1145 3721 1266 3788 impetum
1285 3735 1377 3798 cayrere
1394 3718 1492 3771 usitata

250 3786 316 3854 quid
339 3794 378 3837 est
404 3789 507 3840 tandem
536 3789 606 3856 quod
636 3803 700 3840 ocur
715 3787 783 3854 fieri
808 3797 855 3841 aut
890 3796 931 3840 est
948 3795 976 3840 et
993 3786 1069 3841 Livio
1088 3787 1219 3840 familiaris
1234 3787 1340 3854 locutio,
1360 3788 1433 3841 conci
1451 3797 1492 3838 ere

239 3853 316 3921 forte
331 3855 439 3914 fortuna
452 3865 588 3924 putamus,
606 3854 723 3908 atsiillic
737 3855 765 3909 in
778 3856 854 3910 codd
889 3873 941 3909 non
961 3854 1034 3908 item.
1071 3856 1182 3925 Ceperat
1203 3855 1267 3908 edit.
1285 3855 1358 3910 Mod.
1376 3863 1404 3908 et
1445 3853 1491 3906 lor.

250 3920 384 3974 nonnullis
393 3924 467 3991 sorte
475 3925 620 3993 sortuuuve
639 3924 663 3976 le
683 3923 743 3978 'tun
770 3923 854 3978 Deni-
889 3923 938 3976 AB
957 3923 1031 3976 Leid.
1048 3924 1126 3978 Voss.
1146 3931 1179 3991 l,
1206 3933 1325 3994 coeperat
1352 3923 1432 3978 Bern.
1458 3921 1491 3974 A·

251 4005 303 4058 que
325 3989 397 4058 quod
417 3990 445 4043 in
468 3990 573 4061 optimis
595 4000 624 4046 et
641 3942 710 4062 ρξ’
740 3992 760 4046 's
777 3993 853 4047 codd.
888 3991 973 4046 Paulo
1000 4001 1061 4064 post
1090 3995 1146 4046 nisi
1191 4010 1221 4045 ro
1247 3992 1318 4063 vulg.
1348 3994 1377 4045 ni
1404 4003 1491 4046 omnes

250 4064 292 4110 est
309 4075 451 4112 causarum
473 4077 507 4112 ea
524 4061 621 4113 multo
642 4071 716 4114 uate
738 4063 854 4115 destina·
887 4061 959 4115 Flor.
977 4061 1144 4115 etBem.B
1204 4060 1238 4113 id.
1256 4061 1333 4114 Voss.
1354 4069 1376 4114 1.
1409 4060 1492 4113 Miror

251 4135 338 4178 turum
355 4125 466 4180 raritate
483 4127 629 4194 locutionis,
647 4128 749 4198 opinor,
767 4130 855 4182 deter-
890 4130 923 4183 ab
947 4130 997 4184 hoc
1023 4138 1152 4185 concentu
1180 4137 1293 4200 utroque
1319 4129 1376 4183 loco
1402 4129 1492 4182 abasse

251 4193 297 4246 riti
315 4193 430 4248 editores
451 4212 505 4249 non
527 4195 647 4248 tulerunt
670 4197 855 4267 dederuntque
889 4198 969 4252 Bern.
987 4199 1022 4266 A,
1040 4199 1068 4252 ni
1086 4197 1191 4252 collatio
1209 4197 1313 4251 fefellit.

252 4271 275 4314 et
302 4280 351 4332 pro
377 4279 409 4316 eo
435 4265 506 4334 quod
526 4271 568 4316 est
591 4281 639 4331 ex,
666 4264 735 4317 sicut
757 4265 782 4317 le
802 4265 856 4319 'tur
923 4270 947 4335 §.
966 4273 990 4321 8.
1032 4269 1139 4336 arpenti
1156 4268 1249 4320 deinde
1267 4268 1309 4346 se]
1335 4265 1492 4321 Coniectura

252 4346 314 4382 sane
331 4330 359 4383 in
372 4330 509 4399 Floret,
527 4332 637 4386 lor-tasse
654 4332 733 4385 etiam
747 4333 775 4386 in
813 4352 855 4388 os·
889 4333 975 4388 locum
1006 4285 1074 4390 dene
1104 4333 1220 4388 correxit
1250 4334 1354 4402 Iumus;
1390 4334 1491 4390 codices

252 4397 344 4466 sienis,
376 4399 398 4452 si
432 4400 497 4453 tides
533 4399 622 4454 silenti
652 4401 854 4473 snakenburgio
889 4403 958 4456 enim
984 4413 1013 4458 et
1038 4405 1097 4458 edd.
1120 4403 1278 4458 vetustiores
1300 4405 1424 4474 arpocrati
1446 4417 1490 4455 cx-

252 4469 423 4540 (quamquam
440 4471 474 4522 de
490 4468 578 4541 priore
592 4469 667 4525 Voss
685 4471 855 4526 vehementer
889 4472 988 4526 hibent.
