3254 5292
544 351 594 400 na
621 349 883 402 aasmsaaax.
910 351 960 419 rr,
986 349 1028 397 aa.
1325 334 1396 406 137

162 533 288 606 miram
313 543 377 605 est:
402 555 460 630 eqo
486 531 583 622 enim,
609 557 685 606 cura
708 531 848 606 Dareus
874 545 996 605 emam
1021 547 1142 624 areret,
1176 534 1265 609 visos
1291 539 1399 611 ensin-

109 663 146 710 at
162 643 269 734 cieret,
296 641 452 716 alimmta
477 655 714 742 canumperet,
739 655 859 741 pateras
883 644 951 716 mei
974 669 1040 718 nan
1065 671 1176 736 eram,·
1208 671 1398 722 sanavero

161 883 279 938 earstior
303 882 378 937 nobis
400 883 516 953 cognitio
541 889 596 950 est,
618 883 656 937 sic
677 889 761 938 extat.
796 897 828 949 11,
847 889 873 949 2,
893 889 916 937 1.
951 884 1022 938 Nam
1044 883 1134 938 invitis
1160 886 1291 940 codicibus
1316 889 1397 942 corri-

160 951 233 1005 Nam
254 951 378 1072 plerique
399 950 467 1005 sicut
498 951 625 1005 edidimus
651 953 760 1020 habent,
795 951 874 1030 gendi
891 952 978 1007 nullus
994 953 1053 1006 linis
1070 953 1129 1006 erit.
1162 957 1206 1007 Ita
1222 956 1293 1025 apud
1308 956 1396 1010 Hora·

160 1019 238 1090 pauci
272 1027 397 1073 etenores
416 1019 498 1089 (Flor.
517 1018 578 1088 OE)
601 1023 671 1089 quod
692 1022 760 1073 sola·
795 1027 862 1072 trum
879 1019 963 1074 Serm.
981 1036 1017 1088 11,
1036 1029 1066 1089 3,
1085 1028 1135 1076 303
1155 1023 1300 1076 abscissam
1317 1034 1396 1092 caput

160 1097 214 1141 tam
240 1105 267 1140 aa
286 1089 365 1142 'cans
391 1105 508 1141 somnum
539 1106 552 1141 c
590 1089 663 1150 'sset,
693 1105 760 1142 nuru
795 1095 947 1159 contempta
963 1089 1079 1142 omnium
1095 1089 1221 1143 librorum
1237 1092 1395 1145 auctoritate

159 1155 233 1209 Flcr.
251 1155 280 1208 H
297 1173 356 1210 cum
373 1155 454 1208 Bern.
471 1155 496 1207 B
514 1163 542 1208 et
586 1162 669 1209 osae
692 1173 760 1209 som-
794 1155 873 1208 edere
890 1174 944 1209 non
961 1156 1093 1224 desinunt,
1112 1157 1174 1227 quia
1186 1168 1266 1228 caput
1278 1160 1394 1214 abscindi

161 1241 212 1276 ntes
230 1225 337 1293 cepisset
352 1223 424 1276 haud
440 1223 760 1278 dubieexemendatione.
795 1222 905 1276 dicatur.
940 1223 1040 1288 Quidni
1063 1224 1144 1295 igitur
1165 1225 1246 1280 etiam
1263 1230 1393 1282 exscissae

158 1289 256 1360 Itaque
271 1294 329 1345 ‘non
356 1290 465 1344 dubium
485 1300 543 1345 erat
565 1291 628 1362 quid
645 1293 759 1360 ederem,
794 1293 871 1346 artes
888 1291 1001 1346 scribere
1009 1294 1188 1360 audent„cum
1200 1297 1337 1349 excindere
1348 1315 1394 1350 ur-

159 1375 220 1410 nam
237 1357 349 1412 Acidalii
366 1359 504 1425 iudicium,
526 1367 614 1414 totum
635 1362 684 1414 hoc
701 1379 760 1414 ora-
795 1359 851 1425 bes,
876 1377 929 1412 uon
954 1363 1086 1428 erasae,
1113 1361 1177 1432 quin
1197 1371 1270 1416 recte
1291 1363 1394 1418 dicatur

158 1425 238 1480 tionis
261 1443 363 1481 comma
387 1428 421 1480 ab
446 1427 636 1498 interpolatore
663 1429 759 1482 adscri-
794 1443 871 1480 nemo
889 1427 1012 1482 dubitare
1029 1429 1120 1498 possit.
1139 1429 1208 1484 Vide
1235 1431 1393 1502 Heusinger.

158 1503 234 1565 ptum
251 1511 320 1562 esse,
342 1493 380 1548 illi
400 1503 490 1565 potest
507 1495 648 1550 condonari
666 1498 759 1568 dcpra·
793 1495 828 1547 ad
847 1494 900 1549 Cic
918 1495 952 1548 de
969 1497 1012 1550 off.
1032 1505 1055 1564 1,
1074 1505 1106 1552 22
1125 1507 1217 1552 contra
1229 1499 1393 1554 Buenemau-

157 1563 290 1616 radonem
306 1563 451 1618 editionum
463 1561 611 1635 principum
623 1565 759 1632 nescienti,
793 1581 857 1615 num
877 1564 912 1616 ad
933 1563 1062 1631 Lactant,
1090 1573 1118 1632 1,
1147 1571 1178 1620 18
1205 1567 1393 1639 disputantem.

158 1648 205 1684 aas
230 1631 304 1702 sequi
328 1649 383 1686 non
405 1648 550 1701 possumus.
594 1633 654 1686 Hoc
678 1651 759 1686 unum
793 1630 826 1683 In
843 1633 919 1686 codd.
936 1641 1025 1686 autem
1043 1650 1184 1754 nuspuam,
1202 1644 1330 1706 utsupra
1347 1655 1394 1691 uo-

157 1716 250 1752 moneo
263 1710 444 1769 perseueraret
460 1702 487 1752 in
505 1699 610 1770 optimis
626 1719 678 1754 non
692 1717 758 1768 esse,
793 1698 866 1766 tavi,
898 1717 1012 1754 crassum
1041 1701 1095 1754 istu
1142 1710 1171 1755 et
1204 1705 1394 1758 accumulatum

158 1767 204 1819 sed
226 1768 260 1820 ab
281 1767 352 1821 Aldo
377 1767 491 1838 primum
525 1785 572 1839 pro
599 1769 661 1822 olim
686 1769 758 1839 vulg.
793 1769 944 1821 exscindere
961 1776 1046 1835 extat,
1073 1770 1120 1821 sed
1141 1772 1278 1824 excindere
1303 1772 1402 1826 scribi.

158 1845 331 1902 asseveraret,
355 1835 425 1907 quod
443 1844 472 1889 et
487 1835 516 1888 iu
532 1837 608 1889 codd.
625 1837 759 1891 invenitur
793 1842 847 1902 tur,
864 1852 898 1888 ex
915 1845 967 1914 qua
984 1853 1013 1888 re
1031 1837 1154 1905 quoniam
1171 1837 1262 1890 littera
1284 1859 1302 1891 n
1320 1840 1394 1894 tenui

157 1902 224 1970 (sive
241 1907 406 1957 adseveraret
423 1904 457 1956 de
474 1903 757 1959 nostrisiuunolleru.
792 1901 888 1955 lincoln
914 1902 1076 1972 srgnificatur
1101 1903 1183 1974 magis
1207 1922 1285 1974 quam
1306 1923 1338 1959 ex
1357 1907 1393 1959 ri-

156 1971 210 2037 A),
234 1971 334 2025 editum
356 1987 419 2024 esse.
454 1971 513 2025 Nec
534 1980 624 2024 manen
641 1972 705 2026 illud
723 1989 758 2026 ex
792 1970 874 2022 mitur
891 1970 1086 2039 depravationis
1104 1972 1206 2026 occasio
1222 1973 1315 2027 oritur.
1365 1991 1393 2026 e-

157 2039 275 2108 ingenio,
292 2041 338 2092 sed
356 2055 390 2092 ex
407 2039 482 2092 libris
500 2039 563 2092 alias
580 2040 665 2092 minus
682 2040 757 2094 nobis
792 2037 819 2088 ui
838 2053 880 2116 ue,
897 2046 929 2090 ut
945 2038 1062 2091 breviter
1078 2039 1141 2109 quid
1159 2039 1222 2093 locis
1235 2041 1393 2111 scriptorum

157 2109 273 2177 probatis
290 2107 372 2174 dedit,
391 2107 545 2177 quibuscum
562 2106 633 2160 Flor.
650 2108 703 2161 ΕΗ
719 2109 757 2160 sa·
792 2055 894 2184 asiduus
911 2113 941 2157 et
956 2107 1099 2186 exploratis
1116 2107 1258 2161 lectionum
1279 2109 1392 2163 raneta-

157 2174 239 2228 ciunt.
273 2175 387 2228 Miratur
408 2175 490 2245 igitur
511 2175 665 2243 Parmenio,
694 2176 758 2247 quid
791 2172 1040 2228 abminationes
1061 2174 1126 2228 mihi
1145 2176 1236 2229 videar
1252 2194 1391 2248 exponam,

157 2240 225 2294 illud
250 2251 317 2296 esset
337 2243 416 2314 quod,
433 2243 587 2296 Alexander
608 2244 708 2297 diceret
729 2260 758 2297 se
790 2242 931 2294 verborum
948 2245 1101 2296 abscindere
1109 2250 1137 2296 et
1146 2247 1282 2298 excindere
1291 2246 1392 2300 nullum

158 2310 230 2362 curis
252 2309 303 2362 iam
323 2326 379 2364 esse
396 2309 528 2364 solutum:
548 2313 601 2376 ,hue
622 2311 692 2382 regis
714 2329 756 2365 re-
792 2325 841 2379 ego
862 2309 986 2379 supinum
1011 2313 1156 2365 abscissam
1181 2320 1228 2366 aut
1249 2317 1392 2368 exscissam

157 2394 282 2448 sponsum
299 2379 422 2450 pertinet.
792 2393 849 2430 esse
869 2385 949 2448 puto,
977 2379 1023 2432 sed
1049 2395 1105 2432 csse
1130 2387 1234 2434 tantum
1251 2383 1391 2450 abacistae,

191 2455 287 2499 terram
301 2457 394 2514 ureret,
408 2449 479 2500 uicos
492 2449 650 2516 ascinderet]
667 2447 758 2518 Vulgo
792 2447 906 2498 excisam
923 2445 951 2500 iu
968 2456 1080 2528 utreque
1095 2447 1285 2518 significatione
1297 2457 1325 2502 et
1334 2467 1392 2504 cae-

155 2523 251 2582 terras,
268 2516 316 2567 sed
332 2514 490 2584 singularem
507 2531 644 2568 numerum
661 2517 758 2570 etmel
792 2513 871 2566 dendi
888 2522 917 2566 et
934 2515 1045 2568 tollendi
1062 2515 1117 2568 sive
1134 2517 1275 2570 scindendi.
1299 2519 1391 2588 Atque

156 2599 246 2636 omnes
259 2591 288 2635 et
301 2582 530 2653 Snakenbmgiani
547 2583 683 2652 exhibeat,
701 2584 756 2638 edi-
791 2581 841 2634 hoc
858 2598 917 2635 eam
933 2584 968 2636 ob
986 2601 1089 2638 causam
1098 2584 1135 2638 sic
1144 2585 1242 2638 factum
1251 2603 1307 2638 esse
1316 2595 1390 2656 puto,

155 2651 196 2704 dit
220 2651 300 2704 etiam
326 2649 440 2704 Medius.
480 2650 584 2704 Deinde
610 2655 757 2705 scanderet
791 2649 862 2719 quod
879 2668 938 2703 curn
954 2651 1046 2704 littera
1062 2670 1075 2704 s
1093 2652 1135 2704 vel
1153 2653 1208 2706 sola
1224 2663 1302 2708 acuto
1315 2653 1391 2708 sibilo

156 2718 237 2787 (sive,
259 2719 331 2790 quod
352 2719 422 2771 idem
442 2727 497 2784 est,
525 2719 571 2771 sed
598 2719 757 2774 auctoritate
790 2717 1019 2786 pronuntiaretur,
1042 2719 1141 2798 duplex
1158 2720 1224 2774 illud
1242 2740 1255 2774 s
1272 2739 1326 2776 aon
1344 2740 1391 2792 po-

102 2795 107 2806 '
154 2795 275 2840 veterum
301 2785 427 2840 librorum
457 2794 547 2852 caret,
582 2789 754 2852 exscinderet)
790 2793 861 2838 terat
886 2786 949 2839 satis
974 2787 1100 2854 disces-m,
1126 2805 1194 2858 quas
1220 2789 1273 2841 fere
1299 2791 1390 2844 eadem

173 2855 272 2926 let-ique
295 2871 399 2921 omnes,
422 2854 565 2908 deteriores
593 2855 676 2921 (Flos.
703 2855 756 2908 ΕΠ
790 2855 867 2906 causti
878 2863 919 2907 est
931 2872 978 2907 cur
992 2863 1154 2924 apraeseute
1165 2859 1273 2909 excinde
1290 2857 1389 2910 nullum

154 2873 235 2976 Rern.
253 2923 290 2991 B)
309 2925 464 2988 incenderet,
483 2939 549 2974 tinus
566 2929 671 2976 tantum
684 2922 767 2976 Flor.'
789 2921 936 2989 perfeetum
958 2925 1043 2974 candi
1064 2921 1209 2989 invenitur,
1233 2925 1303 2993 quod
1323 2923 1390 2977 illud

129 3015 134 3024 ·
156 2989 268 3061 unod
284 2991 365 3060 vulgo
383 2989 471 3043 editur
488 2993 624 3043 excideret.
656 2990 756 3061 Perpe-
789 3006 805 3040 a
828 2997 967 3058 praesente
990 2992 1080 3042 excido
1105 2990 1192 3060 potius
1220 2991 1390 3045 derivandum

157 3064 205 3110 tua
222 3059 285 3112 haec
302 3067 343 3111 est
359 3057 482 3124 varietas,
500 3059 533 3109 de
546 3076 598 3128 qua
611 3075 688 3111 nemo
701 3076 755 3112 nou
789 3063 855 3108 erat
891 3056 923 3108 In
940 3056 1034 3110 ceteris
1057 3065 1146 3110 autem
1172 3057 1258 3110 verbis
1282 3074 1340 3111 com
1360 3077 1389 3112 o·

205 3126 382 3180 mmaticorum
415 3124 534 3196 sta-ipsit,
565 3126 597 3178 cf.
628 3125 755 3196 imprimis
790 3122 846 3176 sitis
863 3127 1039 3192 conscindere,
1054 3127 1210 3191 discindere,
1217 3129 1326 3206 perseia
1347 3143 1390 3180 erc

184 3195 507 3259 ronov.adLiv.xa1V,
535 3199 550 3245 5
573 3201 602 3246 ot
618 3193 755 3248 Drakenb.
785 3193 1122 3260 proscindere,rescindere
1149 3193 1390 3264 articipiacanscis·

156 3263 191 3315 ad
208 3261 298 3316 Silium
321 3262 382 3315 Ital.
404 3277 460 3327 xv,
484 3269 543 3314 473.
580 3261 633 3314 Sed
651 3271 755 3315 tantum
790 3261 1129 3326 sus,discissuscet.locunr
1168 3262 1390 3342 bent,quiaprae·

155 3332 230 3384 abest
246 3337 278 3383 ut
295 3329 510 3384 annotationibus
523 3328 575 3382 suis
587 3329 756 3402 locorumque
790 3335 832 3380 ter
841 3327 1390 3398 duplexsinterminatioueetiamsinitiale

154 3397 348 3454 laudationibus
364 3415 420 3451 rem
438 3397 471 3450 ad
487 3396 614 3468 liquidum
625 3401 756 3468 perduxe-
790 3396 908 3464 auditur,
927 3415 988 3450 usias
1001 3405 1089 3450 autem
1103 3414 1136 3450 ex
1150 3398 1338 3468 significatione
1351 3400 1389 3452 its

155 3465 218 3534 rint,
235 3473 266 3518 ut
283 3466 360 3519 ralds
376 3482 468 3518 rerem
484 3482 527 3532 ne,
545 3482 675 3534 quonunc
688 3475 756 3520 tam-
790 3465 901 3534 pendet,
928 3473 959 3518 ut
982 3484 1006 3518 v.
1029 3483 1051 3519 c.
1074 3470 1221 3520 conscissus
1250 3467 1389 3547 scribatur,

155 3551 233 3604 quam
250 3535 388 3604 explorato
405 3542 526 3600 utuntur,
544 3533 571 3585 id
589 3534 704 3588 omnium
720 3535 756 3588 sit
791 3532 835 3585 ubi
858 3532 1013 3602 significatio
1040 3533 1175 3586 scindendi
1201 3551 1222 3589 s.
1251 3536 1389 3606 nunpendr

155 3601 363 3654 incertissimum.
399 3601 492 3655 Solent
509 3600 578 3652 enim
596 3619 684 3655 omnes
701 3602 756 3656 fere
789 3599 868 3666 insit,
886 3603 1004 3654 concisus
1021 3601 1066 3654 ubi
1084 3603 1216 3657 caedendi.
1252 3603 1338 3667 Quam
1356 3603 1390 3656 ad

157 3667 351 3722 Gronoriansm
367 3669 525 3723 sententiam
542 3677 675 3738 repetere,
702 3671 755 3724 duo
789 3685 907 3720 normam
933 3668 955 3720 si
981 3668 1138 3738 scriptorum
1163 3670 1233 3724 locos
1260 3671 1389 3739 exegeris,

156 3752 214 3788 esse
236 3737 316 3788 verba
344 3737 370 3789 in
397 3737 548 3806 compositis
574 3736 754 3804 discernenda,
788 3736 860 3788 baud
877 3753 988 3804 paucos,
1005 3746 1037 3789 ut
1054 3755 1124 3790 nunc
1141 3737 1212 3790 edita
1230 3739 1390 3808 exemplaria

155 3821 181 3857 v.
199 3821 222 3857 o.
240 3804 375 3872 abscindo,
402 3805 513 3869 abscidi,
537 3805 690 3872 abscissum,
709 3807 767 3864 ab·¹
788 3812 861 3868 sunt,
880 3803 1048 3873 corrigendos
1065 3822 1121 3858 esse
1138 3823 1190 3858 uon
1207 3805 1270 3858 mihi
1288 3807 1388 3872 credas,

154 3871 274 3926 scindere
290 3881 319 3925 et
335 3874 453 3940 abscido,
478 3871 591 3938 abscidi,
616 3875 754 3939 abscisum,
789 3871 836 3924 sed
856 3869 906 3950 ipsi
930 3871 1045 3926 verina.
1089 3877 1185 3943 Itaque
1217 3873 1291 3927 facile
1319 3875 1390 3944 apud

154 3941 296 4008 abscidere,
314 3941 385 4011 quod
403 3942 477 4012 quasi
493 3939 671 4013 παράδειγμα
686 3941 755 3995 Dra-
790 3939 845 3993 (lic.
863 3957 890 3991 in
906 3940 1037 4006 Veram,
1055 3947 1087 3994 13
1107 3959 1164 3994 cum
1176 3944 1277 4011 pupnis
1294 3952 1318 3994 et
1335 3945 1390 3996 cal-

154 4008 233 4062 kenb.
255 4009 273 4063 1.
292 4009 311 4061 l.
328 4009 444 4062 adhibet.
479 4007 583 4072 Quasi
605 4009 654 4062 hoc
671 4009 755 4064 voluit
789 4009 861 4060 cibas
880 4010 997 4060 concisas
1015 4018 1082 4061 esset
1102 4009 1201 4062 scribas
1224 4027 1283 4062 cum
1305 4008 1390 4062 Gara-

154 4077 347 4142 demoustrare,
364 4077 461 4130 ubicun
479 4077 521 4129 uei
539 4095 557 4129 u
573 4078 755 4197 praesentibus
789 4075 871 4142 tenio,
890 4084 919 4128 et
936 4076 1006 4146 apud
1023 4077 1100 4128 eund.
1119 4077 1164 4130 lib.
1183 4085 1195 4130 1
1216 4079 1249 4130 de
1267 4077 1345 4130 divin.
1358 4085 1388 4131 17

155 4146 307 4198 abscindere
328 4153 357 4196 et
373 4145 401 4197 in
418 4163 450 4215 pe
475 4144 540 4197 ectis
556 4163 573 4198 n
590 4147 668 4198 scidit
686 4145 755 4198 dice·
790 4153 868 4196 cotem
885 4147 1012 4197 nouacula
1030 4163 1086 4198 esse
1104 4147 1229 4198 disciscat
1247 4163 1306 4199 cum
1320 4146 1389 4198 Ilot-

154 4221 240 4281 rctur,
265 4211 303 4266 ibi
323 4211 351 4264 in
373 4212 510 4282 participio
540 4229 596 4265 esse
621 4213 755 4266 abscissus
788 4212 903 4281 tingere,
915 4212 965 4266 etsi
982 4213 1066 4266 lexiea
1084 4212 1190 4284 quidem
1207 4215 1317 4268 verbum
1335 4216 1390 4267 dis-

155 4281 264 4346 debere,
287 4289 378 4350 aperte
396 4282 467 4350 quod
485 4279 579 4334 sabam
596 4289 637 4334 cst
654 4281 753 4346 docuit,
790 4283 875 4333 cidere
905 4281 1042 4350 ignorant,
1073 4283 1119 4334 sed
1147 4283 1211 4334 baec
1247 4282 1390 4335 secuudum

157 4349 274 4416 quamvis
297 4349 395 4402 multos
421 4356 540 4402 auctores
567 4349 663 4402 habeat
685 4349 756 4402 inter
789 4349 916 4402 editiones
933 4349 1090 4418 scriptorum
1113 4357 1305 4421 componuntur
1325 4365 1389 4418 qua-

155 4415 225 4468 viros
242 4417 341 4486 doctas,
360 4416 486 4487 imprimis
494 4416 631 4470 Dukcrum
641 4417 675 4469 ad
683 4417 754 4470 Flor.
789 4435 846 4470 rum
863 4416 1066 4472 inconstantiam
1087 4435 1164 4472 nemo
1189 4427 1230 4472 est
1257 4417 1320 4487 quiu
1343 4417 1389 4468 de·
