3254 5292
492 405 561 460 ‚nn
588 401 714 454 cnsrrs
746 401 855 452 anax.
881 401 931 469 rr,
958 397 1001 449 rc.
1316 381 1386 450 133

149 586 291 668 hostem
304 584 570 660 contenderent.
609 583 736 658 Melius
763 581 880 654 adhuc
906 591 1006 654 ratus
1032 584 1070 653 in
1096 577 1224 653 eodem
1249 583 1388 654 tumulo

150 707 270 771 castra
300 697 454 787 munire,
485 695 620 770 vallum
651 695 718 767 iaci
748 695 869 767 iussit:
902 703 1117 790 strenueque
1143 699 1250 789 op'ere
1277 693 1388 789 perfe-

151 819 220 899 cte,
245 809 283 880 in
309 807 594 896 tabernaculum,
621 831 668 879 ex
694 831 765 903 quo
791 814 871 877 tcta
896 804 989 876 acies
1014 804 1172 876 hostium
1199 802 1388 899 conspicie·

149 919 268 1008 batur,
294 918 473 991 successit.

79 1045 150 1094 xm.
255 1027 347 1100 Tum
377 1052 465 1100 vero
497 1027 665 1100 universa
694 1026 805 1098 futuri
840 1022 1049 1096 discriminis
1079 1022 1188 1094 facies
1213 1023 1251 1095 in
1277 1023 1437 1094 oculis47

152 1149 244 1211 erat:
278 1137 385 1210 armis
420 1138 616 1234 insignibus
651 1137 731 1234 equi
762 1136 900 1232 virique
926 1132 1181 1231 splendebant,
1208 1143 1245 1207 et
1270 1135 1389 1206 omnia

151 1249 341 1321 intentiore
368 1272 454 1320 cura
479 1247 685 1345 praeparari
711 1247 808 1344 apud
832 1247 989 1338 hostem,
1022 1242 1222 1319 sollicitudo
1249 1255 1388 1341 praeto·

117 1377 232 1431 arum
258 1357 400 1454 agmina
436 1381 502 1429 sua
534 1357 863 1454 interequitantium
890 1355 1119 1447 ostendebat,
1152 1381 1194 1428 ac
1219 1357 1389 1453 pleraque

150 1469 279 1558 inania,
305 1468 398 1539 sicut
422 1467 584 1541 fremitus
610 1468 804 1561 hominum,
827 1491 999 1565 equorum
1024 1466 1194 1557 hinnitus,
1208 1490 1388 1538 armorum

150 1577 431 1651 internitentium
465 1577 598 1674 fulgor,
633 1579 783 1652 sollicita
809 1576 1058 1676 expectatione
1084 1588 1241 1649 mentem
1267 1576 1389 1649 turba·

118 1697 289 1762 averunt.
329 1686 443 1784 Igitur
469 1687 545 1760 sive
572 1687 701 1763 dubius
727 1689 844 1778 animi,
871 1689 948 1762 sive
973 1696 1016 1760 ut
1042 1711 1127 1760 suos
1154 1687 1388 1784 experiretur,

153 1797 336 1871 consihum
372 1795 534 1887 adhibet,
578 1797 664 1894 quid
694 1799 869 1896 optimum
902 1799 1000 1870 factu
1035 1805 1144 1886 esset,
1188 1798 1389 1893 exquirens.

117 1907 354 1998 rParmeniO,
381 1907 615 2005 peritissimus
639 1912 733 1982 inter
759 1909 867 1982 duces
895 1908 1026 1980 artium
1050 1907 1150 1994 belli,
1175 1906 1289 1995 furt0,
1315 1930 1390 1976 non

150 2019 285 2116 proelio
313 2043 404 2115 opus
431 2042 508 2090 esse
535 2019 719 2092 censebat:
746 2019 961 2115 intempesta
986 2025 1092 2114 nocte
1119 2015 1270 2113 opprimi
1282 2037 1389 2112 posse

150 2131 290 2202 hostes:
318 2125 499 2200 discordes
525 2128 694 2218 moribus,
721 2128 860 2225 linguis,
887 2126 1028 2200 adhoc
1055 2151 1180 2200 somno
1202 2135 1240 2197 et
1261 2127 1389 2221 impro-

151 2239 232 2311 viso
270 2238 424 2335 periculo
464 2238 623 2327 territos,
669 2237 812 2332 quando
852 2237 889 2309 in
928 2246 1107 2310 noctmna
1151 2234 1389 2332 trepidatione
1426 2233 1441 2281 ’·

116 2345 335 2420 accituros?
383 2347 436 2419 At
470 2348 626 2424 interdiu
660 2348 815 2445 primum
841 2347 1017 2421 terribiles
1044 2370 1254 2420 occursuras
1281 2345 1411 2417 facies.

153 2455 368 2556 Scytharum
393 2456 753 2553 Bactrianorumque:
778 2458 874 2530 hirta
898 2458 966 2530 illis
993 2481 1057 2530 ora
1083 2473 1120 2528 et
1144 2456 1306 2528 intonsas
1334 2480 1389 2526 co-

152 2593 229 2642 mas
256 2593 350 2658 esse,
381 2578 569 2664 praeterea
603 2568 769 2640 eximiam
794 2577 982 2641 vastorum
1007 2563 1289 2663 magnitudinem
1316 2591 1390 2638 cor·

151 2703 289 2778 porum.
342 2677 455 2750 Vanis
482 2689 519 2752 et
544 2678 709 2750 inanibus
740 2677 889 2750 militem
914 2678 1027 2774 magis
1061 2700 1168 2772 quam
1193 2676 1295 2747 iustis
1322 2676 1390 2746 for·

151 2789 293 2862 midinis
326 2789 441 2862 causis
473 2789 619 2862 moveri.
679 2785 820 2862 Deinde
854 2796 994 2859 tantam
1027 2784 1292 2857 multitudinem
1327 2785 1390 2855 oir-

187 2985 212 3047 5.
226 2987 268 3034 24.
292 2983 320 3032 in
343 2979 538 3032 tabernaculum
556 2979 680 3032 successit
709 2976 755 3031 Sic
787 2984 817 3029 ct
853 2978 908 3029 uod
927 2975 1046 3029 codicum
1070 2974 1215 3044 scripturae
1234 2971 1324 3026 obstet
1341 2987 1391 3042 ego
1468 2999 1472 3008 ·

153 3048 182 3100 in
203 3049 254 3101 suis
280 3047 438 3100 membranis
455 3047 561 3110 Medius
579 3055 607 3099 et
624 3044 662 3100 Sn
700 3045 755 3100 ‚in
788 2993 854 3097 nihil
870 3043 987 3096 invenire
1004 3060 1119 3113 possum.

152 3115 228 3167 Leid.
245 3115 322 3169 Voss.
342 3124 354 3169 1
375 3115 489 3182 invenit,
507 3122 536 3168 et
553 3131 604 3184 ego
622 3129 656 3166 ex
673 3113 754 3166 Bern.
824 3115 847 3179 ξ.
865 3119 890 3164 4.
934 3113 1067 3164 discordes
1094 3110 1219 3175 mondus]
1260 3107 1341 3159 Bam.
1366 3106 1393 3159 Α

152 3183 180 3236 Α
197 3191 226 3236 et
242 3183 372 3236 Florhss
391 3190 527 3236 enotatum
536 3183 612 3236 video
620 3197 668 3253 pro
683 3181 754 3260 vulg.
789 3178 860 3232 Flor.
893 3178 967 3232 Aac
995 3177 1069 3230 Leid.
1095 3178 1171 3231 Voss.
1205 3183 1217 3228 1
1252 3176 1392 3242 discordis,

153 3253 267 3305 secessit.
301 3250 435 3304 Nimirum
456 3250 485 3302 in
510 3250 583 3304 edito
600 3249 667 3304 colle
684 3265 755 3320 posr-
807 3249 862 3300 uod
885 3253 1005 3318 superest
1023 3262 1057 3298 ex
1074 3244 1186 3314 antiqua
1204 3242 1392 3316 ὀρθογραφίᾳ.

153 3327 210 3372 tum
227 3327 285 3374 erat
301 3318 405 3388 regium
419 3318 625 3386 tabernaculum,
644 3326 672 3371 et
685 3317 757 3387 quod
817 3333 862 3368 um
873 3319 910 3369 cd
926 3318 973 3368 loc
985 3314 1151 3368 scribendum
1159 3311 1251 3384 putavi
1260 3327 1310 3380 pro
1320 3310 1391 3380 vulg.

152 3387 214 3442 alibi
231 3395 272 3441 est
289 3387 429 3440 succedere
446 3397 509 3439 tecto
527 3395 580 3440 sut
592 3396 683 3440 tectum
709 3403 756 3456 po-
790 3387 829 3437 od
843 3386 920 3451 laec,
959 3382 1002 3436 uia
1019 3381 1117 3452 legitur
1133 3381 1161 3433 in
1178 3380 1259 3432 Bern.
1278 3378 1303 3430 A
1320 3378 1392 3432 Flor.

152 3463 206 3509 test
223 3457 304 3510 etiam
321 3471 378 3508 esse
395 3456 424 3507 in
442 3464 540 3508 tectum.
789 3451 839 3504 AB
857 3451 932 3504 leid.
978 3468 1028 3504 oss.
1050 3460 1060 3502 t
1081 3446 1297 3502 emendatissimis
1315 3446 1392 3500 codd.

188 3557 252 3628 cap·
276 3565 326 3624 47,
354 3559 377 3625 ς.
406 3563 429 3608 1·
470 3557 628 3622 ostendebat]
671 3554 754 3611 codd·
789 3519 909 3584 InFlor.
929 3517 1326 3574 CEGIBern.Badltucest.
1350 3513 1392 3567 cf.

151 3643 214 3678 mss.
237 3632 265 3678 et
286 3626 346 3678 edd.
369 3631 435 3677 vett.
461 3625 658 3689 ostendebatur,
707 3640 755 3675 ua·
789 3587 822 3640 ad
840 3604 863 3640 α
881 3593 923 3641 ³⁰·

153 3699 265 3763 propter
285 3691 365 3745 etiam
388 3692 469 3744 verba
495 3694 568 3760 apud
592 3693 687 3744 hostem
722 3708 756 3742 uc
789 3660 893 3776 7181ξὶῗο
926 3657 1207 3792 Ξξὶᾜῖηιῃῖὥῖωζξῖι
1216 3651 1393 3790 qffggngffi

153 3759 756 3881 tttttffl‘utttttttttttthttt
790 3791 909 3910 {qfigbgss
926 3788 1393 3928 ifff‘gffitmffl0gssssqg2'tigffiffi

154 3895 240 3949 edidit
263 3905 286 3948 et
312 3897 398 3948 omnia
422 3897 543 3948 interime
561 3912 626 3947 cura
637 3912 756 3963 proepa-
789 3925 896 3978 videtur
921 3925 1033 3979 voluisse
1059 3925 1153 3979 dicem·
1195 3923 1292 3994 Neque
1323 3921 1394 3974 enim

153 3965 756 4102 {statutttztttttttttatr
790 3995 996 4133 ggggepnqg
1012 3992 1326 4126 gggqoequqpqp
1340 3990 1394 4110 ζῇ

188 4137 211 4202 5.
238 4141 263 4187 2.
306 4133 419 4186 sollicito
450 4134 622 4202 expectatione
648 4141 755 4184 mentem
789 4132 843 4183 mia
867 4132 984 4200 iniuria,
1012 4139 1040 4182 et
1065 4130 1116 4183 hoc
1142 4129 1201 4182 loco
1227 4127 1291 4180 nihil
1308 4125 1394 4178 malae

154 4203 232 4272 turta]
252 4201 383 4255 Veterum
400 4201 553 4266 editionum,
572 4217 683 4270 quarum
692 4198 756 4250 mihi
790 4197 874 4268 partis
897 4207 944 4252 cst
981 4197 1097 4252 Omnino
1122 4199 1231 4250 eximius
1255 4213 1314 4249 cum
1336 4193 1393 4262 pte-

154 4271 260 4352 quidem
278 4285 341 4320 usus
359 4269 485 4338 suppetit,
504 4268 589 4338 prima
602 4266 701 4319 Aldina
718 4285 757 4318 so·
789 4284 900 4336 rumque
917 4268 950 4319 nd
968 4267 1072 4319 laudem
1089 4266 1185 4332 valeat,
1205 4278 1394 4332 nonnunquam

152 4341 252 4392 tacitum
279 4336 368 4388 habet.
413 4337 480 4389 Eam
516 4343 620 4388 ceterae
651 4343 757 4386 secutae
791 4343 893 4400 tamen,
913 4335 980 4390 sicut
999 4337 1051 4388 insi
1069 4336 1125 4400 nis,
1144 4334 1302 4403 singularis,
1322 4345 1393 4398 cyrc-

153 4416 232 4473 sunt,
251 4403 303 4458 etsi
331 4402 359 4454 in
376 4405 451 4456 codd.
470 4413 498 4455 et
517 4403 597 4478 Snalr.
615 4411 644 4456 et
660 4402 758 4454 nostris
789 4405 865 4472 qius,
888 4403 953 4456 illud
977 4354 1106 4474 signidmt
1131 4402 1203 4472 quod
1221 4419 1267 4454 nos
1285 4397 1393 4456 dicimus

151 4477 267 4528 sollicita
290 4472 405 4542 legetur.
440 4471 537 4525 Sensus
559 4488 613 4525 non
630 4478 757 4537 mutatur,
793 4471 928 4538 ruffussrut.
