3214 5288
522 391 572 444 mc
600 391 727 444 susrrs
753 391 863 444 Anax.
889 395 940 465 m,
968 392 1010 442 as.
1334 385 1382 455 41

146 579 264 676 prima
289 577 392 675 signa
416 575 511 668 ibat,
545 574 740 650 identidem
772 601 882 651 manu
908 603 993 652 suos
1019 579 1199 674 inhibens,
1240 610 1287 658 ne
1327 611 1385 659 su-

145 689 277 787 spensi,
303 687 419 761 acrius
436 688 483 760 ob
502 687 647 761 nimiam
671 689 935 762 festinationem
961 690 1139 765 concitato
1165 694 1301 791 spiritu,
1328 722 1383 768 ca

108 808 332 899 spesserent
356 800 539 896 proelium
581 797 741 896 Cumque
768 800 900 898 agmini
925 801 1159 897 obequitaret,
1185 806 1286 878 varia
1305 832 1383 880 ora·

146 911 254 1000 tione,
281 919 324 982 ut
349 911 519 1008 cuiusque
545 911 671 984 animis
698 921 823 1009 aptum
844 920 942 1003 erat,
969 911 1098 985 milites
1124 914 1382 1010 alloquebatur.

143 1019 376 1112 Macedones,
411 1031 469 1094 tot
499 1020 674 1094 bellorum
706 1022 744 1095 in
768 1020 915 1121 Europa
939 1023 1110 1114 victores,
1145 1022 1194 1096 ad
1218 1026 1383 1124 subigen-

145 1129 232 1205 dam
256 1131 380 1204 Asiam
407 1141 514 1229 atque
541 1132 667 1204 ultima
692 1129 860 1222 Orientis,
885 1158 960 1206 non
985 1133 1097 1230 ipsius
1122 1135 1246 1233 magis,
1274 1163 1381 1234 quam

106 1268 213 1323 ssuo
241 1241 350 1316 ductu
376 1243 535 1341 profecti,
562 1242 783 1318 inveteratae
808 1243 953 1317 virtutis
967 1243 1262 1320 admonebantur.
1295 1247 1381 1322 Illos

142 1365 321 1428 terrarum
358 1353 455 1426 orbis
489 1353 714 1444 liberatores,
756 1378 990 1452 emensosque
1033 1356 1117 1428 olim
1147 1354 1310 1432 Herculis
1344 1371 1382 1433 et

141 1463 260 1538 Liberi
286 1465 399 1563 patris
424 1465 614 1554 terminos,
639 1489 713 1537 non
740 1463 859 1539 Persis
884 1464 1010 1557 modo,
1045 1465 1110 1540 sed
1136 1467 1244 1541 etiam
1270 1470 1381 1542 omni·

141 1576 209 1650 bus
243 1576 411 1675 gentibus
450 1576 679 1673 imposituros
718 1577 858 1674 iugum:
901 1575 1139 1651 Macedonum
1178 1581 1380 1677 provincias

140 1685 272 1760 Bactra
297 1696 335 1760 et
359 1684 468 1760 indos
494 1688 580 1760 sore.
612 1685 759 1760 Minima
784 1712 873 1779 esse,
900 1713 991 1786 quae
1017 1713 1113 1761 nuno
1138 1689 1378 1780 intuerentur;

104 1796 205 1871 osed
231 1798 351 1870 omnia
376 1797 526 1871 victoria
557 1798 695 1897 aperiri.
747 1796 829 1872 Non
859 1800 897 1872 in
931 1800 1132 1897 praeruptis
1160 1801 1271 1898 petris
1297 1800 1379 1900 llly-

140 1909 277 1982 riorum
303 1919 341 1983 et
366 1906 538 1982 Thraciae
565 1909 662 1984 saxis
689 1911 847 1983 sterilem
872 1911 1033 1983 laborem
1058 1910 1150 1982 fore:
1184 1911 1298 2007 spolia
1325 1921 1379 1984 to·

70 2073 73 2078 .
136 2020 210 2092 tius
225 2015 382 2093 Orientis
410 2019 553 2093 offeni
573 2018 648 2093 Vix
673 2019 794 2118 gladio
819 2021 980 2092 futurum
1006 2044 1107 2117 opus,
1133 2028 1249 2092 totam
1266 2021 1377 2094 aciem

103 2152 205 2203 rsuo
231 2153 367 2228 pavore
393 2130 628 2206 fluctuantem
662 2130 877 2203 umbonibus
903 2155 1010 2227 posse
1036 2129 1196 2228 propelli.
1249 2129 1378 2204 Victor

137 2239 188 2313 ad
212 2240 302 2313 haec
325 2240 600 2316 Atheniensium
625 2238 811 2339 Philippus
844 2252 948 2338 pater
979 2241 1230 2333 invocabatur,
1266 2241 1377 2314 domi·

136 2359 271 2447 taeque
301 2375 413 2450 nuper
439 2351 609 2426 Boeotiae
641 2362 679 2426 et
709 2351 808 2425 urbis
842 2352 880 2424 in
912 2376 955 2426 ea
980 2352 1220 2426 nobilissimae
1247 2350 1294 2426 ad
1320 2379 1376 2426 so·

133 2461 214 2532 lum
250 2458 387 2536 dirutae
422 2464 557 2560 species
591 2463 929 2562 repraesentabatur
960 2464 1095 2537 animis.
1142 2462 1218 2540 Iam
1251 2459 1376 2536 Grani-

135 2595 218 2643 cum
253 2597 410 2665 amnem,
441 2575 513 2647 iam
547 2584 605 2647 tot
634 2575 742 2648 urbes
775 2585 839 2648 aut
864 2585 1089 2673 expugnatas
1115 2586 1178 2649 aut
1204 2574 1241 2648 in
1266 2572 1375 2646 fidem

134 2693 312 2779 acceptas,
340 2685 538 2782 omniaque,
566 2709 657 2782 quae
682 2695 767 2783 post
792 2695 934 2783 tergum
960 2696 1072 2775 erant,
1100 2695 1224 2776 strata,
1252 2696 1289 2758 et
1314 2709 1374 2782 pe·

99 2791 241 2868 adibus
268 2795 428 2892 ipsorum
454 2796 614 2869 subiecta
639 2796 872 2871 memorabat.
926 2793 1016 2870 Cum
1043 2795 1180 2870 adierat
1207 2793 1374 2884 Graecos

135 2967 286 3022 citatiorem
304 2968 418 3024 animam
427 2969 545 3040 reoipere
554 2970 670 3040 possint:
689 2987 738 3024 nos
772 2969 886 3024 FlenE
912 2969 1034 3024 librarius
1060 2968 1223 3023 eomeouone
1249 2967 1374 3036 effingere

136 3038 265 3102 albertici.
772 3037 923 3107 temptavit.
950 3038 1060 3090 Habent
1077 3037 1147 3090 enim
1164 3037 1239 3090 codd.
1258 3035 1371 3087 Bermss

173 3106 198 3170 §-
207 3110 232 3157 4.
248 3107 348 3175 omnini
357 3107 513 3176 obequitaret
530 3106 646 3160 omnium
661 3107 737 3160 codd.
766 3107 832 3176 pai,
858 3105 930 3158 Flor.
947 3105 977 3158 H
988 3107 1091 3174 porei,
1119 3105 1192 3158 Flor.
1209 3103 1233 3156 B
1252 3110 1280 3156 ct
1297 3101 1373 3155 Leid.

135 3187 266 3226 consensu
289 3174 428 3240 firmatur,
455 3173 504 3228 nisi
529 3175 598 3228 forte
621 3174 679 3230 cxci
698 3174 737 3228 ias
771 3175 863 3228 victora¹
880 3175 998 3242 operiri,
1025 3173 1105 3226 Bern.
1122 3174 1150 3225 A
1171 3173 1373 3240 aicloriopenrz,

134 3239 216 3319 Voss.
234 3248 264 3308 2,
289 3242 323 3296 de
359 3261 395 3297 uo
413 3242 490 3296 silens
508 3243 589 3298 Snak.
607 3193 737 3312 sigridam
771 3240 867 3313 reliqui
884 3241 956 3312 quod
976 3257 1036 3294 cum
1053 3241 1145 3296 Modio
1163 3240 1298 3321 edidimus.
1338 3310 1343 3320 Ι

133 3325 163 3360 m
181 3324 214 3362 eo
231 3325 286 3364 esse
377 3329 509 3381 myrrea,
536 3312 608 3382 quod
633 3311 737 3365 ratione
806 3313 829 3378 ς.
839 3315 864 3364 6.
882 3327 934 3364 non
952 3311 980 3363 in
992 3312 1147 3380 promitis
1160 3319 1246 3380 petras
1264 3309 1371 3377 Illyrio-

134 3375 251 3446 quidem,
270 3379 435 3446 sedrixusu,
450 3379 575 3433 Latinum
584 3387 633 3446 est,
645 3397 736 3449 quam-
771 3381 839 3447 rom]
865 3377 956 3450 Vulgo
973 3395 1007 3432 ex
1024 3378 1092 3432 libro
1110 3378 1165 3432 eius
1183 3375 1286 3448 generis
1305 3393 1371 3446 qua-

153 3462 217 3498 uam
233 3449 335 3501 moenio
353 3449 501 3517 obequitare
520 3445 588 3501 dixit
604 3448 735 3501 Ammian
770 3447 802 3502 lis
819 3455 860 3500 est
877 3446 948 3500 Flor.
966 3447 991 3500 Ε
1008 3446 1141 3501 omittitur
1158 3448 1195 3499 io.

132 3461 220 3568 ilera
237 3528 320 3581 xxrv,
339 3522 364 3569 2.
806 3518 863 3636 qil.
881 3517 1017 3584 omniaque
1026 3532 1092 3586 qnos
1100 3524 1167 3636 post
1177 3524 1275 3583 terpum
1284 3515 1369 3592 erant]

169 3583 386 3652 adsabiyendam
395 3585 500 3652 Asiam]
526 3583 599 3638 Pleri
617 3600 651 3637 ue
659 3584 735 3638 codd.
771 3583 808 3638 So
820 3583 858 3636 'ts
875 3583 1099 3638 abemtionecod
1119 3582 1287 3652 .antiquores
1296 3580 1372 3634 Lenl.

133 3649 281 3703 deteriores
298 3651 378 3705 Bem.
395 3653 419 3705 B
438 3653 509 3706 Flor.
525 3652 597 3707 GDF
658 3651 735 3707 Voss.
770 3652 872 3706 Vosal
891 3652 971 3706 Beru.
985 3652 1011 3704 A
1028 3651 1100 3704 Flor.
1117 3651 1167 3704 AB
1186 3651 1272 3704 omnio
1308 3666 1370 3702 uoc-

133 3723 151 3769 2
173 3717 373 3787 auhiuyondum,
390 3729 463 3775 recte
480 3729 570 3774 tamen
587 3721 646 3777 edd.
665 3737 736 3774 avo·
789 3738 828 3787 ue,
847 3720 917 3773 unde
934 3719 962 3772 in
978 3717 1167 3772 recentioribus
1183 3717 1293 3771 Flosc
1321 3715 1371 3770 FG

133 3783 236 3838 cabulo
254 3801 347 3840 aeneae
364 3789 458 3843 aetatis
476 3789 668 3843 abstinuenmt.
831 3787 910 3841 Bern.
928 3788 952 3841 B
975 3789 1062 3840 omnio
1080 3803 1246 3856 quaecunque
1262 3784 1372 3852 lactum,

172 3854 196 3920 §-
216 3857 241 3905 5.
275 3853 446 3911 Macedonum
463 3858 617 3927 provincias
635 3857 736 3911 Bactra
771 3856 798 3909 in
815 3855 893 3911 Voss.
911 3862 926 3910 2
945 3854 1026 3909 etiam
1043 3856 1178 3924 omniaque
1197 3871 1371 3922 quaecunque.

131 3931 158 3974 et
176 3921 345 3992 Indosfore]
362 3925 464 3980 Vocem
476 3927 636 3995 provincias,
656 3943 736 3996 quam
822 3929 871 3978 .8.
888 3925 922 3977 ab
940 3926 981 3976 liis
1017 3925 1127 3991 entibus]
1154 3922 1225 3976 Flor.
1243 3921 1273 3974 H
1288 3921 1372 3975 Bern.

131 4005 214 4068 sensu
230 4007 292 4070 rere
309 3990 432 4047 Romano
450 3993 597 4063 intelligas,
623 4009 658 4046 ex
694 3992 734 4046 lu·
769 3993 793 4046 B
839 3997 914 4046 oms
933 3993 966 4045 ol>
984 3942 1048 4057 iliis,
1067 3990 1206 4070 nonumale
1224 3989 1370 4070 nisilproe-

129 4060 492 4184 mamasac.
508 4061 621 4198 adst.
638 4011 735 4182 ahl
769 4067 855 4199 aas
869 4060 1106 4182 .t⁶.·.larn
1125 4058 1296 4182 satur

130 4167 318 4318 afar.
337 4147 734 4334 ..iactast
768 4169 958 4318 ntuli
983 4146 1370 4334 trininitatis:

129 4332 207 4385 dinus
225 4332 315 4386 editor
331 4334 396 4387 secit
413 4343 442 4387 et
464 4286 545 4405 viilgo
572 4333 660 4387 editur
681 4351 733 4401 po·
768 4336 900 4387 solertiae.
936 4332 1035 4386 Mirum
1058 4339 1148 4386 tamen
1170 4330 1288 4385 inlibris
1305 4347 1365 4383 mss.

128 4401 190 4470 rori
205 4400 235 4454 in
252 4401 335 4470 nullo,
355 4411 485 4472 quantum
502 4403 564 4469 scic,
582 4401 672 4456 codice
685 4419 732 4454 ms.
768 4401 887 4455 omnibus
904 4401 975 4454 istud
992 4401 1115 4454 mendum
1132 4395 1256 4464 inveniri,
1275 4415 1366 4469 quam-

125 4467 269 4524 inventum
294 4479 336 4524 eat
363 4469 482 4542 aprima
503 4488 600 4538 mauu,
626 4470 655 4524 in
681 4487 733 4524 uno
768 4487 846 4540 quam
863 4487 898 4524 ex
914 4468 985 4524 Flor.
1003 4474 1028 4522 A
1046 4477 1074 4522 et
1092 4467 1114 4522 C
1133 4468 1197 4522 nihil
1215 4485 1231 4520 a
1248 4465 1368 4520 Freinsh.
