3268 5286
197 341 269 418 332
665 363 698 426 o.
727 361 851 415 curru
876 362 961 415 surr

186 573 387 648 poscumus,
424 547 573 646 uectpee
598 571 760 647 emanue.
812 545 996 648 Macynia
1021 557 1070 620 eet
1093 545 1223 621 taedii
1247 549 1313 622 mei
1336 546 1431 623 ratio.
1478 591 1480 594 ·

195 657 266 735 Sed
291 683 336 732 un
355 658 560 757 pambsuri
582 657 649 731 sint
671 657 755 731 mibi
771 657 973 731 Macedones
990 656 1104 732 enimc
1121 656 1171 730 reti
1191 682 1273 750 creo,
1299 656 1484 748 debitc51s

194 771 275 871 quio
307 795 357 856 ec,
379 794 443 870 quo
475 768 533 842 boc
563 769 684 842 ednas
716 769 846 867 accepi,
886 793 953 842 non
983 792 1065 867 equo
1095 780 1204 842 vectes
1234 795 1328 861 sum,
1366 793 1433 843 een

189 880 332 981 pedibas
357 880 536 979 inpressis.
577 877 778 954 Sedsime
803 878 1030 980 sequipedis,
1055 879 1157 970 autea
1182 880 1292 953 amem.
1340 873 1483 955 Scelere

192 990 315 1067 virium
341 1004 388 1065 est
411 991 460 1064 ed
483 989 652 1064 meranda
677 989 760 1081 teu
787 1001 846 1063 uret
869 990 902 1063 si
925 988 996 1062 ium
1021 990 1114 1064 adest
1129 987 1215 1064 odae
1229 1014 1322 1065 nicee
1335 988 1432 1088 fiais,

193 1103 230 1176 in
254 1127 319 1202 quo
345 1102 478 1176 medem
503 1126 600 1200 opere
624 1100 742 1174 melius
767 1099 970 1200 ectinquur?

144 1215 190 1287 31
295 1211 395 1286 Haec
427 1237 557 1309 quassa
595 1209 711 1284 adhue
743 1234 833 1284 voce
869 1210 1122 1301 subdeficiens,
1161 1211 1225 1285 vix
1259 1211 1431 1311 proximis
1449 1229 1484 1280 eo

194 1324 477 1413 exaudientibus,
505 1321 660 1395 dixerat:
688 1346 768 1394 cum
795 1347 918 1396 omnes
938 1346 961 1395 a
979 1332 1054 1396 tam
1079 1321 1258 1420 principiti
1284 1322 1430 1396 consilio

192 1459 314 1535 regem
341 1433 521 1508 deterrere
543 1443 747 1531 coeperunt,
773 1431 940 1531 Erigyius
958 1433 1123 1524 maxime,
1150 1433 1211 1531 qui
1229 1432 1327 1506 haud
1344 1457 1430 1507 sane
1448 1453 1481 1503 21

175 1547 407 1640 ¹auctoritate
432 1544 620 1643 proficiens
647 1541 744 1641 apud
770 1543 990 1617 obstinatum
1017 1545 1183 1634 animum,
1210 1543 1431 1641 superstitio·

194 1682 294 1746 nem,
332 1657 430 1730 cuius
463 1665 591 1755 potens
622 1679 695 1728 non
728 1664 806 1728 erat
830 1678 912 1745 rex,
947 1655 1107 1727 incutere
1138 1655 1345 1753 temptavit,
1381 1653 1430 1726 di·

194 1767 318 1858 cende,
344 1768 431 1842 deos
451 1793 593 1865 quoque
611 1765 756 1838 obstare
775 1765 931 1854 consilio,
958 1789 1198 1864 magnumque
1223 1765 1430 1864 periculum,

194 1879 224 1951 si
249 1879 383 1952 flumen
408 1878 606 1968 transisset,
632 1876 783 1950 ostendi.
822 1874 974 1950 Intranti
991 1875 1138 1974 Erigyio
1161 1875 1431 1950 tabernaculum
1449 1895 1482 1944 ea

193 1991 287 2089 regis
314 1988 526 2063 Aristander
552 1997 771 2078 occurrerat,
808 1986 926 2060 tristia
956 1997 1042 2060 exte
1073 1987 1181 2062 fuisse
1207 1987 1429 2086 significans:

193 2102 282 2174 haec
308 2125 355 2174 ex
380 2111 465 2174 vate
497 2109 680 2198 comperta
705 2097 872 2198 Erigyius
904 2098 1103 2172 nuntiabat.
1158 2095 1238 2187 Quo
1269 2098 1431 2190 inhibito,
1448 2117 1482 2167 as

193 2209 420 2302 Alexander,
464 2235 537 2284 non
571 2211 626 2284 ira
660 2209 794 2298 solum,
838 2207 903 2282 sed
938 2209 1045 2282 etiam
1079 2207 1218 2307 pudore
1252 2210 1431 2300 confimus,

195 2319 293 2417 quod
318 2320 534 2419 superstitio,
561 2345 668 2417 quam
694 2319 883 2409 celaverat,
911 2317 1157 2418 detegebatur,
1178 2317 1433 2395 Aristandrum

195 2432 317 2505 vocari
342 2431 450 2504 iubet.
505 2427 574 2519 Qui
599 2440 640 2504 ut
666 2431 775 2521 venit,
801 2430 944 2503 intuens
972 2456 1064 2521 eum,
1098 2429 1182 2505 Non
1206 2457 1276 2524 rec,
1306 2431 1485 2528 inquitis

194 2543 255 2616 sed
277 2542 431 2640 pacatus
456 2565 541 2614 eum.
595 2537 806 2638 Sucr'yicium
832 2553 868 2614 ut
887 2543 1038 2640 facere,
1072 2541 1255 2634 mundovi;
1289 2541 1372 2644 quid
1396 2567 1433 2617 eo

188 2651 455 2750 portenderetur,
480 2676 547 2758 'cur
572 2652 668 2750 apud
692 2651 811 2744 ulium,
849 2677 950 2751 quum
976 2652 1071 2750 upcrd
1095 2675 1147 2724 ene
1172 2656 1348 2754 prqleeaue
1372 2649 1433 2725 es?

193 2761 360 2864 Eriqqius
385 2787 513 2837 areuna
537 2789 612 2838 meu
638 2775 667 2837 et
691 2775 830 2855 secretu,
856 2775 885 2836 te
904 2764 1082 2862 prodente,
1114 2765 1269 2862 ooqnovit.
1326 2759 1433 2847 Quem

194 2886 318 2948 catum
343 2875 522 2950 ceraue
547 2875 645 2950 babeo
670 2887 818 2948 edorum
843 2873 1015 2974 interprete
1040 2875 1089 2949 uti
1113 2885 1200 2949 oen
1225 2899 1295 2950 aco.
1353 2872 1434 2948 Tibi
1449 2891 1486 2942 es

229 3169 294 3239 Gap.
312 3175 359 3237 81,
387 3172 411 3236 ξ.
433 3174 475 3222 2².
515 3185 546 3222 ea
572 3178 629 3223 vute
655 3177 794 3238 comperte.
830 3165 1014 3237 Ginterprem‚
1031 3167 1431 3240 rior-,Herrspreooassem

193 3237 343 3292 Insolenter
360 3245 531 3306 corrumpunt
548 3236 619 3290 Flor.
633 3236 681 3289 AB
700 3253 731 3288 ec
749 3251 795 3288 sue
829 3234 852 3289 B
872 3235 951 3289 Voss.
969 3241 984 3289 2
1002 3237 1165 3308 interpretem
1181 3247 1218 3292 ut.

194 3315 332 3376 compertu,
351 3305 431 3360 Bam.
449 3305 474 3357 A
491 3321 523 3358 er
540 3322 604 3358 saue
621 3322 703 3374 comp.
720 3303 795 3356 Laid.
865 3308 943 3370 §.ab
971 3305 1031 3358 Tibi
1049 3316 1132 3360 eutem
1151 3307 1272 3376 quietius,
1291 3313 1434 3375 quampot-

194 3391 290 3428 eesuo
309 3372 479 3442 compilor.
501 3372 622 3426 CBern.
643 3371 666 3424 B
684 3375 793 3425 vossi
830 3381 876 3438 est,
896 3374 1026 3427 detentio.
1061 3374 1135 3428 Haeo
1151 3383 1209 3428 erat
1222 3372 1372 3428 emendatio
1386 3388 1434 3426 no·

194 3451 254 3498 eata
272 3451 410 3511 comperta,
428 3439 511 3494 ceteri
527 3439 661 3508 vulgatam
679 3448 795 3492 tuentur.
830 3449 899 3505 stra,
922 3457 1001 3510 quam
1023 3441 1132 3496 abiiciat
1153 3442 1199 3514 qui
1220 3441 1312 3495 melius
1334 3439 1434 3511 aliquid

229 3512 252 3578 ᾗ.
279 3516 320 3562 24.
363 3525 414 3560 non
440 3525 487 3561 rer
516 3510 564 3560 sed
607 3510 705 3561 doetus
730 3525 796 3560 sum.
830 3507 985 3579 reppererit,
1003 3511 1049 3564 sed
1060 3510 1170 3580 vulgata
1186 3510 1250 3564 seni
1267 3527 1320 3564 non
1337 3507 1433 3580 potuit,

195 3575 412 3645 Smkenburgius
428 3585 457 3628 et
474 3574 578 3629 Schmie
598 3591 657 3630 erus
678 3575 796 3628 ultimam
832 3593 884 3646 qua
901 3575 995 3630 vulnus
1016 3595 1069 3632 non
1091 3587 1213 3632 senatum
1234 3586 1287 3644 est,
1313 3578 1361 3631 sed
1382 3594 1434 3631 unu

193 3661 285 3699 rocem
301 3661 336 3697 ex
356 3643 418 3714 uugi
433 3643 536 3710 volunt,
554 3653 585 3696 ut
602 3644 668 3698 haec
684 3661 744 3698 cum
756 3659 797 3696 sa·
831 3661 889 3698 oum
906 3647 1026 3700 membro
1043 3647 1137 3702 vitioso
1154 3654 1329 3718 amputatum.
1362 3643 1432 3698 Nem

195 3713 342 3785 quantiver
385 3711 716 3783 mandueiconiunguntur.
744 3712 797 3765 Sed
831 3730 890 3768 eum
912 3713 975 3768 olim
997 3716 1121 3769 ederetur
1149 3717 1196 3770 tibi
1221 3725 1305 3770 aretem
1327 3732 1341 3768 e
1393 3715 1435 3766 ius

194 3789 305 3854 possunt
315 3781 378 3834 baec
390 3779 520 3835 tamenim
528 3780 661 3903 explicari,
671 3781 797 3834 utsubin·
832 3799 909 3903 quom
922 3793 1009 3851 potest
1027 3785 1156 3850 denuntio,
1175 3783 1243 3838 sicut
1260 3789 1301 3836 est
1317 3781 1355 3863 in,
1384 3780 1434 3836 lor.

194 3849 298 3920 telliges
314 3867 386 3903 nunc
403 3850 539 3903 cumheec
574 3849 623 3916 ico,
641 3867 701 3903 nam
719 3848 740 3902 si
754 3865 797 3902 ma
874 3850 998 3920 BernA,
1017 3851 1123 3907 Medius
1140 3855 1246 3923 saepius
1264 3850 1372 3918 delevit,
1390 3866 1434 3904 ce·

194 3934 251 3974 esse
268 3933 358 3988 regem
374 3917 561 3986 meminissem,
585 3917 690 3990 gravim
708 3925 796 3972 tecum
830 3917 893 3972 teris
910 3919 985 3972 facile
1002 3919 1215 3992 obsequentibus.
1238 3920 1339 3973 Verum
1356 3919 1433 3974 codd.

195 4003 309 4058 agerem
831 3986 904 4040 Leid.
923 3985 980 4040 Pal
1000 3997 1011 4040 l
1030 3989 1103 4043 Flor.
1117 3988 1206 4043 ADFI
1224 3990 1271 4042 tibi
1288 3997 1373 4041 autem
1389 3987 1435 4056 qui

230 4057 369 4124 interprete
395 4056 434 4108 uti
460 4056 539 4125 mete]
581 4055 625 4109 Sic
651 4052 797 4108 rectissime
832 4057 920 4126 sepias
938 4074 1015 4126 quum
1027 4067 1124 4126 potest,
1143 4054 1343 4111 Floscmffl
1354 4055 1434 4109 Berm

195 4122 387 4177 Freinshemius
405 4123 479 4176 dedit
495 4123 620 4177 librorum
637 4141 697 4178 mss.
713 4139 798 4192 paene
833 4123 856 4176 B
874 4125 922 4177 tibi
939 4135 984 4178 aret
1002 4127 1091 4195 sepius
1109 4127 1147 4178 eet
1164 4129 1250 4192 citius,
1269 4128 1434 4178 Verresne

195 4208 331 4257 consensu,
349 4190 471 4262 quocirca
483 4190 572 4244 mirari
590 4191 662 4244 subit
678 4199 734 4244 tam
751 4191 796 4243 diu
832 4208 905 4245 more
922 4192 1012 4262 inepta
1029 4193 1162 4264 corrigens
1179 4196 1227 4248 tibi
1240 4195 1345 4262 saepius
1363 4193 1437 4246 tund

195 4267 344 4330 corruptam
369 4259 511 4329 primanus
537 4257 682 4312 editionum
705 4257 796 4312 lectio-
831 4277 908 4331 quum
921 4271 1015 4331 potest.
1050 4261 1161 4333 Nosqai
1178 4265 1264 4333 sepius
1283 4268 1436 4332 corruptum

195 4343 347 4409 remquam
363 4337 459 4382 catum
476 4329 617 4380 mehercule
634 4329 715 4380 buteo
729 4338 797 4381 erto·
831 4335 955 4398 putamus
972 4345 1005 4382 ex
1024 4332 1142 4400 quietius.
1160 4329 1210 4385 ie.
1227 4329 1365 4402 placidius,
1383 4327 1437 4381 cle-

195 4414 254 4450 rum
266 4405 429 4465 interpretem
442 4406 509 4450 metu
521 4413 569 4450 suo
578 4394 663 4448 teneri
671 4395 797 4466 potuisse.
832 4396 946 4450 mentius
964 4415 1041 4469 quum
1065 4399 1122 4454 fieri
1138 4407 1241 4470 potest,
1268 4413 1348 4469 quam
1364 4396 1436 4468 quis-

195 4465 266 4520 Nam
290 4463 368 4536 pauci
393 4462 454 4519 libri
476 4463 546 4519 Flor.
564 4463 602 4520 ΕΙ
625 4467 798 4536 interpetrem,
834 4481 914 4536 quam
938 4466 1075 4546 expepturi
1103 4477 1193 4541 pote-st
1222 4483 1265 4522 me
1295 4466 1435 4533 facturum,
