3254 5292
517 365 567 416 ns
593 363 719 418 cnsms
744 362 853 415 sunu
879 364 930 434 rv,
955 361 999 414 ιε.
1312 343 1384 416 135

149 552 279 648 ignem,
293 558 335 621 ut
358 547 427 620 illis
454 546 599 646 dignam
623 557 746 622 vetere
771 547 886 644 gloria
910 547 1154 643 maiorumque
1179 570 1387 620 monumen·

98 682 132 730 ra
151 663 197 734 tis
229 657 476 734 fortitudinem
509 657 733 756 inspirarent.
791 655 840 730 Et
871 658 1048 756 profecto,
1081 657 1111 730 si
1142 681 1213 753 qua
1244 654 1387 730 divinae

150 772 228 870 opis
254 768 404 866 auguria
428 768 585 842 humana
609 778 728 844 mente
754 768 891 865 concipi
916 777 1073 865 possent,
1099 765 1186 842 deos
1212 775 1308 842 stare
1332 791 1386 840 se·

151 905 242 954 cum.
300 879 384 952 Illos
418 903 533 976 nuper
563 877 800 954 Macedonum
840 878 966 952 animis
1005 878 1159 952 subitam
1196 877 1387 952 incussisse

151 989 391 1064 formidinem:
424 987 541 1062 adhuc
566 989 772 1087 lymphatos
798 989 881 1062 ferri
908 989 1053 1086 agique,
1078 1013 1179 1062 arma
1203 988 1387 1062 iacientes:

152 1110 321 1199 expetere
355 1098 537 1196 praesides
569 1096 761 1172 Persarum
792 1100 930 1196 imperii
961 1097 1100 1172 debitas
1126 1123 1147 1174 e
1172 1098 1387 1172 vecordibus

101 1229 135 1277 ιι
153 1233 297 1308 poenas.
350 1207 425 1282 Nec
450 1211 567 1308 ipsum
594 1207 721 1281 ducem
747 1208 924 1281 saniorem
950 1233 1048 1282 esse:
1085 1209 1216 1308 quippe
1241 1210 1314 1284 ritu
1339 1210 1388 1283 fe·

153 1343 274 1392 rarum
299 1317 471 1416 praedam
496 1317 615 1410 mode,
628 1343 735 1416 quam
762 1329 958 1417 expeteret,
976 1321 1186 1410 intuentem,
1211 1321 1249 1394 in
1274 1320 1388 1418 perni-

154 1431 253 1520 ciem,
280 1454 371 1524 quae
397 1439 482 1502 ante
506 1427 678 1527 praedam
702 1430 820 1527 posita
846 1440 951 1520 esset,
976 1430 1165 1504 incurrere.

257 1535 387 1613 Similis
420 1539 516 1637 apud
541 1539 755 1614 Macedones
791 1564 933 1637 quoque
967 1539 1168 1615 sollicitudo
1200 1552 1294 1615 erat:
1328 1565 1390 1612 no·

154 1660 334 1747 ctemque,
374 1651 475 1723 velut
507 1650 544 1722 in
579 1676 659 1724 eam
695 1651 887 1724 certamine
921 1649 1055 1741 edicto,
1096 1661 1195 1724 metu
1230 1661 1390 1750 egenmt.

103 1779 138 1828 ιι
155 1759 380 1850 Alexander,
414 1786 488 1832 non
522 1761 609 1834 alias
643 1762 756 1860 magis
792 1762 953 1850 territus,
989 1758 1036 1832 sd
1070 1771 1158 1834 vota
1196 1773 1233 1836 et
1267 1787 1391 1859 preces

154 1870 408 1944 Aristandrum
434 1871 555 1944 vocari
581 1871 690 1945 iubet.
741 1871 805 1945 lile
830 1872 867 1944 in
893 1868 1045 1944 candida
1070 1881 1187 1961 veste,
1213 1873 1390 1945 verbenas

154 2006 266 2055 mauu
290 1981 503 2078 praeferens,
532 1982 648 2078 capite
673 1983 794 2055 velato
821 1981 984 2080 praeibat
1009 2004 1133 2076 preces
1159 1982 1245 2078 regi,
1258 1981 1392 2072 Iovem,

104 2110 138 2158 ιι
155 2089 425 2187 Minervamque
451 2101 488 2164 et
513 2088 711 2164 Victoriam
735 2091 952 2190 propitianti.
992 2088 1093 2164 Tunc
1118 2089 1262 2187 quidem
1287 2091 1392 2164 sacri-

160 2329 245 2384 solem
261 2347 278 2383 a
293 2331 379 2384 Persis
389 2331 506 2384 Mithrae
522 2331 628 2384 nomine
645 2331 698 2385 coli
713 2348 759 2384 re·
827 2339 852 2401 s.
881 2339 920 2388 15.
965 2333 1088 2386 vatam
1117 2350 1197 2386 manu
1217 2335 1318 2404 praet]
1361 2336 1395 2388 In

159 2406 231 2452 teres
257 2399 398 2453 munna
442 2399 565 2453 Tradunt
581 2414 665 2467 trane,
692 2398 760 2454 sicut
793 2404 873 2457 Bern.
890 2403 917 2456 A
934 2419 1014 2472 supra
1030 2400 1075 2453 lin.
1094 2400 1254 2472 adscriptam
1272 2410 1324 2454 est:
1351 2419 1395 2454 so-

159 2465 261 2520 Strabo
279 2465 323 2520 lib.
341 2482 390 2534 ιν,
409 2485 436 2536 p.
456 2473 519 2532 732,
544 2468 590 2520 sed
612 2468 760 2522 accuratior
793 2489 854 2525 cras
861 2473 988 2592 prandes,
1006 2479 1034 2522 ut
1051 2471 1393 2549 tauron,oicum,myrtamr.

158 2534 338 2588 recentiorum
357 2535 476 2588 doctrina
493 2534 660 2588 nihilominus
677 2536 760 2590 inter-
793 2541 844 2594 Est
880 2555 913 2593 oc
930 2557 987 2592 sum
1007 2545 1065 2590 tum
1081 2553 1115 2590 ex
1134 2537 1394 2600 commentanoser-

157 2619 215 2656 esse
232 2603 333 2674 aliquid
350 2602 421 2656 inter
434 2602 504 2656 sidus
522 2602 588 2656 illud
596 2612 625 2657 et
633 2603 760 2658 Mithram
793 2608 829 2662 vii
847 2609 881 2660 ad
899 2555 1006 2678 Vergid)
1017 2608 1084 2659 Aen.
1102 2619 1161 2672 xn,
1187 2612 1252 2660 120:
1276 2606 1396 2660 Verbera

157 2671 212 2726 τὸν
230 2677 349 2740 μεσίτην
366 2671 451 2724 docet.
788 2677 898 2746 proprie
916 2685 954 2728 est
971 2674 1050 2727 tata
1068 2691 1156 2740 sowa,
1174 2675 1347 2740 rosnruriaus,
1366 2681 1395 2726 ut

191 2741 371 2819 seniorumque
387 2741 567 2810 mcnwuentis]
590 2740 759 2795 dionumento
793 2746 868 2798 mtdti
885 2745 980 2810 nolunt,
999 2744 1017 2796 i.
1030 2758 1050 2793 e.
1069 2738 1229 2808 λιβανωτίς,
1241 2752 1344 2810 sumpta
1363 2744 1395 2795 de

158 2807 220 2860 bb
245 2815 308 2861 sunt
330 2823 402 2877 ipsae
424 2823 466 2860 res
489 2824 506 2859 a
526 2807 666 2861 maioribus
703 2825 760 2861 rae·
795 2815 826 2865 da
844 2814 898 2864 ioco
916 2808 1036 2864 sacroC
1071 2810 1146 2876 tratti,
1165 2827 1215 2878 pira
1233 2811 1395 2862 coronabun-

157 2875 229 2930 clsre
246 2883 347 2946 gestae,
357 2874 425 2928 usur
440 2873 532 2929 Cicero
549 2891 599 2955 pro
616 2893 670 2946 reg.
707 2876 762 2931 cio·
795 2891 838 2933 arr
862 2880 977 2932 Fetiuter
998 2886 1023 2930 et
1071 2887 1128 2930 ater
1139 2885 1265 2945 patratas
1279 2879 1395 2944 ,foedera

158 2951 220 2998 turo
239 2959 262 2996 c.
278 2951 310 2997 14
329 2944 363 2995 de
377 2943 490 2996 Caesare
508 2943 584 2997 dinc:
602 2947 684 2998 muita
701 2953 762 2997 sunt
786 2948 893 3018 facturi
910 2948 948 2998 ost
966 2947 1032 2997 balta
1050 2945 1183 2997 indicturi.
1219 2945 1333 2997 Abusive
1354 2953 1396 2996 ta·

159 3021 220 3064 tuce
238 3013 387 3064 derivamine
401 3022 572 3076 monumento,
591 3015 639 3065 ssd
650 3014 762 3064 maxime
795 3033 853 3067 men
883 3015 1044 3066 verbenas
1076 3014 1129 3064 iam
1162 3029 1281 3064 vocamus
1308 3027 1395 3064 omnes

160 3096 248 3132 corson
266 3080 464 3147 incolumitates,
483 3081 574 3150 quibus
592 3083 700 3134 sulutem
719 3083 762 3133 de·
786 3084 901 3154 frondes
925 3089 1055 3142 sacram,
1080 3089 1108 3132 ut
1125 3089 1164 3132 est
1190 3081 1299 3144 Ιαιινιιι,
1327 3081 1395 3132 oliva
1442 3104 1445 3109 ·
1481 3136 1487 3149 ,

162 3147 235 3200 disti.
253 3145 307 3199 Sed
324 3147 454 3200 maiorum
471 3147 569 3216 primus
587 3147 661 3201 dedit
678 3147 762 3200 Aldus
796 3152 835 3203 vel
852 3157 960 3217 myrtus.
998 3147 1149 3200 Terentius:
1174 3147 1223 3200 Ex
1241 3165 1299 3201 aro
1317 3147 1396 3199 binc

162 3214 198 3266 de
215 3213 367 3272 coniectura
392 3221 423 3267 ut
446 3214 554 3284 opinor.
579 3223 652 3269 certe
677 3215 763 3268 nostri
796 3219 961 3271 verbenas
979 3233 1081 3268 sume.
1103 3216 1178 3268 Nam
1191 3225 1302 3284 myrtum
1305 3216 1398 3285 fuisse

162 3290 192 3336 et
209 3281 288 3336 Snuk.
308 3297 400 3336 omnes
416 3283 763 3353 praeterFlor.GetV0ss.
796 3287 946 3340 blacarder
969 3293 1093 3348 testatis,
1124 3286 1156 3338 de
1188 3301 1236 3354 quo
1262 3284 1397 3336 Terentius

164 3357 176 3404 1
198 3349 230 3416 (si
245 3349 489 3403 fidesesthabcnda
506 3351 622 3421 silentio)
640 3354 763 3406 maiorem
798 3355 939 3408 transtulit.
958 3351 1031 3406 Infra
1047 3367 1089 3419 IV,
1108 3357 1140 3404 59
1159 3352 1319 3404 Aristander
1336 3351 1398 3404 albo

161 3418 300 3486 exhibent,
320 3418 463 3498 deteriores
481 3419 561 3472 etiam
576 3423 696 3489 pluriam.
738 3489 743 3501 ·
798 3423 1106 3501 oesteinduturetdertra
1113 3422 1398 3500 prup‘erenstoareom.

163 3489 282 3607 Addulnat
303 3487 765 3633 edidiap‘gdsetedoeblsddsyaydudrmldeb'fl
798 3489 1227 3627 riddsfflprdopdii'dntdmgddw
1249 3489 1399 3608 {stiffi

162 3622 211 3674 sed
228 3638 286 3673 eam
304 3638 397 3675 vocem
413 3631 540 3692 ignorant
556 3623 639 3677 nostri
656 3633 684 3677 et
699 3624 765 3677 Sne·
799 3625 924 3680 mendose
959 3627 1029 3693 repis
1062 3623 1202 3691 exhibent,
1241 3639 1401 3693 quamquam

165 3688 307 3766 kanburgii
328 3689 497 3760 manuscripti
520 3699 625 3761 praeter
649 3691 721 3745 Flor.
740 3691 766 3744 G
793 3694 954 3773 propitiant
976 3699 1091 3745 servm
1127 3690 1251 3745 Correxit
1267 3693 1320 3745 hoc
1338 3691 1400 3743 Aci-

165 3763 196 3807 et
212 3755 250 3820 E,
274 3774 302 3807 m
319 3773 371 3826 quo
389 3757 441 3810 alia
457 3775 536 3810 manu
553 3759 683 3813 adiectum
701 3758 766 3829 legi-
800 3761 892 3824 dahas,
911 3777 971 3812 nam
988 3760 1083 3812 tertius
1101 3775 1176 3812 casus
1194 3758 1223 3812 in
1235 3759 1285 3812 hac
1298 3757 1401 3813 dicendi

164 3832 220 3890 tur,
238 3839 333 3894 neque,
352 3823 374 3876 si
390 3825 471 3892 desit,
489 3825 625 3896 quisquam
689 3827 766 3880 uitet.
801 3827 914 3883 formula
931 3827 1055 3882 obtinuit.
1092 3826 1234 3880 Praeterea
1258 3827 1357 3896 legitur
1373 3827 1402 3880 iu

164 3891 220 3945 Pro
242 3907 276 3944 eo
304 3893 377 3962 quod
398 3900 441 3946 est
462 3896 641 3948 corcorditer
690 3895 767 3949 odius
801 3896 864 3951 olim
873 3895 950 3948 editis
961 3895 1203 3964 Ioventinervaque
1220 3893 1402 3962 victoriam,in

163 3959 302 4030 vulgarem
319 3977 395 4012 usum
413 3969 517 4014 secutus
535 3961 609 4014 dedit
626 3965 767 4017 uaecordi·
800 3971 955 4017 missuum
966 3964 1401 4032 Iovemdliueroamquevictoriam.

164 4029 220 4092 tus,
240 4029 316 4098 quod
334 4027 432 4097 legitur
448 4027 476 4107 in
492 4028 563 4083 Flor.
582 4029 632 4082 DF
633 4030 673 4083 GI
679 4070 687 4096 ,
714 4039 768 4084 est-
802 4031 884 4097 Quod
899 4031 1005 4084 Medius
1023 4031 1121 4112 primus
1140 4029 1214 4083 dedit
1231 4031 1325 4096 Ioum,
1344 4031 1401 4084 Mi-

165 4113 218 4165 que
242 4095 295 4148 alia
323 4112 404 4148 mauu
430 4097 560 4149 adiectum
585 4097 613 4148 in
637 4096 707 4151 Flor.
733 4097 767 4166 E,
801 4117 908 4153 umam
931 4100 1120 4168 Victorrarupne
1145 4098 1227 4178 vulgo
1250 4099 1336 4153 adhuc
1353 4098 1403 4152 cir·

163 4181 225 4217 eum
241 4162 371 4216 abfuisset
388 4163 558 4234 praepositio,
576 4164 644 4219 sicut
660 4167 769 4220 abesta
802 4167 953 4222 cumsertur.
971 4166 1045 4220 Nihil
1054 4175 1142 4220 autem
1150 4165 1314 4220 verisimilius
1324 4183 1404 4236 quarn

164 4231 237 4285 Flos.
255 4231 285 4284 H
302 4231 384 4284 Bern.
401 4231 435 4284 B.
801 4235 873 4306 qnod
890 4252 927 4286 nu
989 4235 1039 4288 'me
1056 4235 1137 4288 etiam
1153 4233 1307 4288 Miitzellius
1324 4251 1404 4288 exco-

200 4304 225 4367 9.
246 4306 288 4353 14.
311 4309 379 4352 metu
397 4304 513 4368 eumont]
531 4299 589 4354 Liv.
606 4315 659 4368 vn,
677 4307 720 4367 21,
736 4308 767 4356 1s
821 4301 906 4370 tavit,
954 4303 1002 4356 'sse
1010 4303 1206 4371 strueremque
1216 4313 1239 4356 et
1254 4304 1404 4358 Victoriam.

166 4377 295 4436 totumque
312 4383 371 4420 eam
388 4377 486 4420 noctem
504 4387 560 4421 com
577 4387 671 4438 mayoc
686 4371 769 4423 animi
801 4321 898 4450 iisque
921 4371 958 4425 sic
983 4370 1062 4424 edidi.
1089 4369 1211 4426 Minerva
1232 4378 1260 4424 et
1283 4369 1405 4424 Victoria

165 4444 233 4488 matu
245 4435 384 4504 perpetuis
402 4435 500 4504 cipiliis
519 4438 577 4505 epit.
803 4446 1001 4508 coniunguntur
1017 4437 1099 4492 etiam
1115 4451 1179 4506 vm,
1194 4445 1405 4507 2,eaet11,24.
