<?xml version="1.0" encoding="UTF-8"?>
<!DOCTYPE html PUBLIC "-//W3C//DTD XHTML 1.0 Transitional//EN"
    "http://www.w3.org/TR/xhtml1/DTD/xhtml1-transitional.dtd">
<html xmlns="http://www.w3.org/1999/xhtml" xml:lang="en" lang="en">
 <head>
  <title>
</title>
<meta http-equiv="Content-Type" content="text/html;charset=utf-8" />
  <meta name='ocr-system' content='tesseract 3.04.00' />
  <meta name='ocr-capabilities' content='ocr_page ocr_carea ocr_par ocr_line ocrx_word'/>
</head>
<body>
  <div class='ocr_page' id='page_1' title='image "./qcurtiirufidege00zumpgoog_0186.png"; bbox 0 0 3254 5292; ppageno 0'>
   <div class='ocr_carea' id='block_1_1' title="bbox 526 376 1398 459">
    <p class='ocr_par' dir='ltr' id='par_1_1' title="bbox 526 376 1398 459">
     <span class='ocr_line' id='line_1_1' title="bbox 526 376 1398 459; baseline 0.008 -17"><span class='ocrx_word' id='word_1_1' title='bbox 526 391 577 442; x_wconf 84' lang='lat' dir='ltr'>nn</span> <span class='ocrx_word' id='word_1_2' title='bbox 604 391 731 446; x_wconf 77' lang='lat' dir='ltr'>orans</span> <span class='ocrx_word' id='word_1_3' title='bbox 757 389 867 442; x_wconf 75' lang='lat' dir='ltr'>Anax.</span> <span class='ocrx_word' id='word_1_4' title='bbox 893 387 1011 459; x_wconf 87' lang='lat' dir='ltr'>1v,or.</span> <span class='ocrx_word' id='word_1_5' title='bbox 1326 376 1398 450; x_wconf 75' lang='lat'>157</span> 
     </span>
    </p>
   </div>
   <div class='ocr_carea' id='block_1_2' title="bbox 103 555 1452 3280">
    <p class='ocr_par' dir='ltr' id='par_1_2' title="bbox 103 555 1452 3280">
     <span class='ocr_line' id='line_1_2' title="bbox 156 555 1399 674; baseline 0.004 -26"><span class='ocrx_word' id='word_1_6' title='bbox 156 555 218 670; x_wconf 85' lang='lat' dir='ltr'>qui</span> <span class='ocrx_word' id='word_1_7' title='bbox 251 571 353 670; x_wconf 91' lang='lat' dir='ltr'>sequi</span> <span class='ocrx_word' id='word_1_8' title='bbox 383 598 457 648; x_wconf 94' lang='lat' dir='ltr'>non</span> <span class='ocrx_word' id='word_1_9' title='bbox 490 583 675 674; x_wconf 76' lang='lat' dir='ltr'><strong>poterant,</strong></span> <span class='ocrx_word' id='word_1_10' title='bbox 708 575 802 650; x_wconf 87' lang='lat' dir='ltr'>inter</span> <span class='ocrx_word' id='word_1_11' title='bbox 836 583 981 648; x_wconf 87' lang='lat' dir='ltr'>mutuos</span> <span class='ocrx_word' id='word_1_12' title='bbox 1007 574 1161 671; x_wconf 83' lang='lat' dir='ltr'>gemitus</span> <span class='ocrx_word' id='word_1_13' title='bbox 1188 575 1399 653; x_wconf 83' lang='lat' dir='ltr'>desereban-</span> 
     </span>
     <span class='ocr_line' id='line_1_3' title="bbox 156 669 1400 786; baseline 0.005 -28"><span class='ocrx_word' id='word_1_14' title='bbox 156 695 227 758; x_wconf 87' lang='lat' dir='ltr'>tur.</span> <span class='ocrx_word' id='word_1_15' title='bbox 276 680 360 760; x_wconf 88' lang='lat' dir='ltr'>Sitis</span> <span class='ocrx_word' id='word_1_16' title='bbox 385 686 576 786; x_wconf 86' lang='lat' dir='ltr'>praecipue</span> <span class='ocrx_word' id='word_1_17' title='bbox 600 686 770 786; x_wconf 84' lang='lat' dir='ltr'>fatigatos</span> <span class='ocrx_word' id='word_1_18' title='bbox 796 696 834 760; x_wconf 89' lang='lat' dir='ltr'>et</span> <span class='ocrx_word' id='word_1_19' title='bbox 856 669 998 760; x_wconf 70' lang='lat' dir='ltr'>&#39;nudos</span> <span class='ocrx_word' id='word_1_20' title='bbox 1024 685 1227 782; x_wconf 88' lang='lat' dir='ltr'>perurebat,</span> <span class='ocrx_word' id='word_1_21' title='bbox 1253 691 1400 786; x_wconf 86' lang='lat' dir='ltr'>passim·</span> 
     </span>
     <span class='ocr_line' id='line_1_4' title="bbox 156 795 1401 899; baseline 0.006 -31"><span class='ocrx_word' id='word_1_22' title='bbox 156 820 228 893; x_wconf 87' lang='lat' dir='ltr'>que</span> <span class='ocrx_word' id='word_1_23' title='bbox 262 795 427 872; x_wconf 84' lang='lat' dir='ltr'>omnibus</span> <span class='ocrx_word' id='word_1_24' title='bbox 462 797 548 872; x_wconf 88' lang='lat' dir='ltr'>rivis</span> <span class='ocrx_word' id='word_1_25' title='bbox 580 809 854 899; x_wconf 81' lang='lat' dir='ltr'>prostraverant</span> <span class='ocrx_word' id='word_1_26' title='bbox 884 820 1051 895; x_wconf 86' lang='lat' dir='ltr'>corpora,</span> <span class='ocrx_word' id='word_1_27' title='bbox 1087 799 1401 897; x_wconf 84' lang='lat' dir='ltr'>praeterfluentem</span> 
     </span>
     <span class='ocr_line' id='line_1_5' title="bbox 105 907 1402 1009; baseline 0.008 -33"><span class='ocrx_word' id='word_1_28' title='bbox 105 925 137 976; x_wconf 77' lang='lat' dir='ltr'>re</span> <span class='ocrx_word' id='word_1_29' title='bbox 156 931 289 1005; x_wconf 87' lang='lat' dir='ltr'>aquam</span> <span class='ocrx_word' id='word_1_30' title='bbox 321 907 436 982; x_wconf 86' lang='lat' dir='ltr'>hianti</span> <span class='ocrx_word' id='word_1_31' title='bbox 467 933 530 982; x_wconf 91' lang='lat' dir='ltr'>ore</span> <span class='ocrx_word' id='word_1_32' title='bbox 561 919 759 1009; x_wconf 81' lang='lat' dir='ltr'>captantes.</span> <span class='ocrx_word' id='word_1_33' title='bbox 821 907 939 1002; x_wconf 83' lang='lat' dir='ltr'>Quam</span> <span class='ocrx_word' id='word_1_34' title='bbox 974 932 1056 981; x_wconf 87' lang='lat' dir='ltr'>eum</span> <span class='ocrx_word' id='word_1_35' title='bbox 1088 908 1194 984; x_wconf 88' lang='lat' dir='ltr'>avide</span> <span class='ocrx_word' id='word_1_36' title='bbox 1219 910 1402 988; x_wconf 82' lang='lat' dir='ltr'>turbidam</span> 
     </span>
     <span class='ocr_line' id='line_1_6' title="bbox 155 1018 1400 1120; baseline 0.006 -28"><span class='ocrx_word' id='word_1_37' title='bbox 155 1018 370 1109; x_wconf 80' lang='lat' dir='ltr'><strong>hausissent,</strong></span> <span class='ocrx_word' id='word_1_38' title='bbox 383 1019 626 1094; x_wconf 65' lang='lat' dir='ltr'>tendebantur</span> <span class='ocrx_word' id='word_1_39' title='bbox 652 1021 834 1120; x_wconf 84' lang='lat' dir='ltr'>extemplo</span> <span class='ocrx_word' id='word_1_40' title='bbox 860 1019 1070 1120; x_wconf 87' lang='lat' dir='ltr'>praecordia</span> <span class='ocrx_word' id='word_1_41' title='bbox 1094 1031 1279 1120; x_wconf 82' lang='lat' dir='ltr'>premente</span> <span class='ocrx_word' id='word_1_42' title='bbox 1305 1024 1400 1117; x_wconf 91' lang='lat' dir='ltr'>limo,</span> 
     </span>
     <span class='ocr_line' id='line_1_7' title="bbox 154 1130 1402 1232; baseline 0.006 -28"><span class='ocrx_word' id='word_1_43' title='bbox 154 1130 394 1227; x_wconf 78' lang='lat' dir='ltr'>resolutisque</span> <span class='ocrx_word' id='word_1_44' title='bbox 420 1140 458 1206; x_wconf 91' lang='lat' dir='ltr'>et</span> <span class='ocrx_word' id='word_1_45' title='bbox 482 1133 708 1230; x_wconf 79' lang='lat' dir='ltr'>torpentibus</span> <span class='ocrx_word' id='word_1_46' title='bbox 734 1134 914 1222; x_wconf 89' lang='lat' dir='ltr'>membris,</span> <span class='ocrx_word' id='word_1_47' title='bbox 940 1156 1022 1207; x_wconf 89' lang='lat' dir='ltr'>cum</span> <span class='ocrx_word' id='word_1_48' title='bbox 1048 1135 1315 1232; x_wconf 89' lang='lat' dir='ltr'>supervenisset</span> <span class='ocrx_word' id='word_1_49' title='bbox 1340 1136 1402 1212; x_wconf 91' lang='lat' dir='ltr'>ho·</span> 
     </span>
     <span class='ocr_line' id='line_1_8' title="bbox 105 1240 1402 1346; baseline 0.011 -36"><span class='ocrx_word' id='word_1_50' title='bbox 105 1259 138 1308; x_wconf 82' lang='lat'>14</span> <span class='ocrx_word' id='word_1_51' title='bbox 156 1241 243 1332; x_wconf 87' lang='lat' dir='ltr'>stis,</span> <span class='ocrx_word' id='word_1_52' title='bbox 280 1242 385 1316; x_wconf 90' lang='lat' dir='ltr'>novis</span> <span class='ocrx_word' id='word_1_53' title='bbox 424 1243 633 1318; x_wconf 82' lang='lat' dir='ltr'>vulneribus</span> <span class='ocrx_word' id='word_1_54' title='bbox 673 1245 933 1320; x_wconf 86' lang='lat' dir='ltr'>excitabantur.</span> <span class='ocrx_word' id='word_1_55' title='bbox 1006 1240 1179 1337; x_wconf 84' lang='lat' dir='ltr'>Quidam,</span> <span class='ocrx_word' id='word_1_56' title='bbox 1218 1250 1402 1346; x_wconf 87' lang='lat' dir='ltr'>occupatis</span> 
     </span>
     <span class='ocr_line' id='line_1_9' title="bbox 154 1351 1403 1455; baseline 0.006 -29"><span class='ocrx_word' id='word_1_57' title='bbox 154 1351 330 1452; x_wconf 88' lang='lat' dir='ltr'>proximis</span> <span class='ocrx_word' id='word_1_58' title='bbox 356 1353 453 1445; x_wconf 87' lang='lat' dir='ltr'>rivis,</span> <span class='ocrx_word' id='word_1_59' title='bbox 480 1353 713 1430; x_wconf 86' lang='lat' dir='ltr'>deverterant</span> <span class='ocrx_word' id='word_1_60' title='bbox 737 1356 897 1455; x_wconf 84' lang='lat' dir='ltr'>longius,</span> <span class='ocrx_word' id='word_1_61' title='bbox 922 1364 967 1429; x_wconf 88' lang='lat' dir='ltr'>nt</span> <span class='ocrx_word' id='word_1_62' title='bbox 991 1353 1158 1454; x_wconf 88' lang='lat' dir='ltr'>quiequid</span> <span class='ocrx_word' id='word_1_63' title='bbox 1184 1357 1314 1430; x_wconf 88' lang='lat' dir='ltr'>occulti</span> <span class='ocrx_word' id='word_1_64' title='bbox 1338 1359 1403 1434; x_wconf 91' lang='lat' dir='ltr'>hu·</span> 
     </span>
     <span class='ocr_line' id='line_1_10' title="bbox 153 1463 1405 1567; baseline 0.006 -29"><span class='ocrx_word' id='word_1_65' title='bbox 153 1463 267 1556; x_wconf 85' lang='lat' dir='ltr'>moris</span> <span class='ocrx_word' id='word_1_66' title='bbox 293 1489 445 1562; x_wconf 92' lang='lat' dir='ltr'>usquam</span> <span class='ocrx_word' id='word_1_67' title='bbox 470 1477 652 1558; x_wconf 88' lang='lat' dir='ltr'>manaret,</span> <span class='ocrx_word' id='word_1_68' title='bbox 688 1468 914 1567; x_wconf 74' lang='lat' dir='ltr'>exciperent,</span> <span class='ocrx_word' id='word_1_69' title='bbox 949 1491 1016 1540; x_wconf 87' lang='lat' dir='ltr'>neo</span> <span class='ocrx_word' id='word_1_70' title='bbox 1041 1467 1115 1540; x_wconf 88' lang='lat' dir='ltr'>ulla</span> <span class='ocrx_word' id='word_1_71' title='bbox 1140 1466 1232 1543; x_wconf 89' lang='lat' dir='ltr'>adeo</span> <span class='ocrx_word' id='word_1_72' title='bbox 1258 1471 1341 1544; x_wconf 86' lang='lat' dir='ltr'>avia</span> <span class='ocrx_word' id='word_1_73' title='bbox 1366 1481 1405 1546; x_wconf 91' lang='lat' dir='ltr'>et</span> 
     </span>
     <span class='ocr_line' id='line_1_11' title="bbox 106 1576 1403 1680; baseline 0.011 -38"><span class='ocrx_word' id='word_1_74' title='bbox 106 1593 137 1642; x_wconf 80' lang='lat'>15</span> <span class='ocrx_word' id='word_1_75' title='bbox 156 1576 253 1649; x_wconf 86' lang='lat' dir='ltr'>sicea</span> <span class='ocrx_word' id='word_1_76' title='bbox 278 1576 407 1650; x_wconf 84' lang='lat' dir='ltr'>lacuna</span> <span class='ocrx_word' id='word_1_77' title='bbox 432 1587 529 1670; x_wconf 88' lang='lat' dir='ltr'>erat,</span> <span class='ocrx_word' id='word_1_78' title='bbox 555 1588 598 1650; x_wconf 90' lang='lat' dir='ltr'>ut</span> <span class='ocrx_word' id='word_1_79' title='bbox 623 1578 879 1676; x_wconf 78' lang='lat' dir='ltr'>vestigantium</span> <span class='ocrx_word' id='word_1_80' title='bbox 903 1578 999 1653; x_wconf 91' lang='lat' dir='ltr'>sitim</span> <span class='ocrx_word' id='word_1_81' title='bbox 1024 1578 1173 1652; x_wconf 83' lang='lat' dir='ltr'>falleret</span> <span class='ocrx_word' id='word_1_82' title='bbox 1225 1577 1257 1652; x_wconf 87' lang='grc' dir='ltr'><em>Ε</em></span> <span class='ocrx_word' id='word_1_83' title='bbox 1284 1583 1403 1680; x_wconf 89' lang='lat' dir='ltr'>proxi-</span> 
     </span>
     <span class='ocr_line' id='line_1_12' title="bbox 155 1687 1403 1789; baseline 0.006 -29"><span class='ocrx_word' id='word_1_84' title='bbox 155 1687 226 1760; x_wconf 92' lang='lat' dir='ltr'>mis</span> <span class='ocrx_word' id='word_1_85' title='bbox 259 1713 348 1763; x_wconf 87' lang='lat' dir='ltr'>vero</span> <span class='ocrx_word' id='word_1_86' title='bbox 382 1688 499 1762; x_wconf 89' lang='lat' dir='ltr'>itineri</span> <span class='ocrx_word' id='word_1_87' title='bbox 533 1689 621 1764; x_wconf 87' lang='lat' dir='ltr'>vicis</span> <span class='ocrx_word' id='word_1_88' title='bbox 647 1691 805 1764; x_wconf 75' lang='lat' dir='ltr'>nuans</span> <span class='ocrx_word' id='word_1_89' title='bbox 831 1715 958 1764; x_wconf 87' lang='lat' dir='ltr'>senum</span> <span class='ocrx_word' id='word_1_90' title='bbox 983 1689 1267 1789; x_wconf 79' lang='lat' dir='ltr'>feminarumque</span> <span class='ocrx_word' id='word_1_91' title='bbox 1294 1717 1403 1768; x_wconf 87' lang='lat' dir='ltr'>exau·</span> 
     </span>
     <span class='ocr_line' id='line_1_13' title="bbox 157 1796 1384 1898; baseline 0.003 -26"><span class='ocrx_word' id='word_1_92' title='bbox 157 1796 360 1891; x_wconf 89' lang='lat' dir='ltr'>diebantur,</span> <span class='ocrx_word' id='word_1_93' title='bbox 386 1799 542 1873; x_wconf 87' lang='lat' dir='ltr'>barbaro</span> <span class='ocrx_word' id='word_1_94' title='bbox 567 1801 640 1876; x_wconf 88' lang='lat' dir='ltr'>ritu</span> <span class='ocrx_word' id='word_1_95' title='bbox 665 1799 825 1876; x_wconf 82' lang='lat' dir='ltr'>Dareum</span> <span class='ocrx_word' id='word_1_96' title='bbox 851 1800 970 1876; x_wconf 86' lang='lat' dir='ltr'>adbuc</span> <span class='ocrx_word' id='word_1_97' title='bbox 995 1825 1118 1898; x_wconf 86' lang='lat' dir='ltr'>regem</span> <span class='ocrx_word' id='word_1_98' title='bbox 1145 1801 1384 1876; x_wconf 86' lang='lat' dir='ltr'>clamantium</span> 
     </span>
     <span class='ocr_line' id='line_1_14' title="bbox 104 1908 1452 2012; baseline 0.009 -36"><span class='ocrx_word' id='word_1_99' title='bbox 104 1929 136 1978; x_wconf 85' lang='lat' dir='ltr'>ro</span> <span class='ocrx_word' id='word_1_100' title='bbox 261 1908 488 2000; x_wconf 83' lang='lat' dir='ltr'>Alexander,</span> <span class='ocrx_word' id='word_1_101' title='bbox 527 1921 570 1984; x_wconf 93' lang='lat' dir='ltr'>nt</span> <span class='ocrx_word' id='word_1_102' title='bbox 607 1937 718 2012; x_wconf 87' lang='lat' dir='ltr'>supra</span> <span class='ocrx_word' id='word_1_103' title='bbox 761 1911 897 1986; x_wconf 87' lang='lat' dir='ltr'>dictum</span> <span class='ocrx_word' id='word_1_104' title='bbox 938 1923 1010 2002; x_wconf 90' lang='lat' dir='ltr'>est,</span> <span class='ocrx_word' id='word_1_105' title='bbox 1057 1910 1209 1984; x_wconf 87' lang='lat' dir='ltr'>inhibito</span> <span class='ocrx_word' id='word_1_106' title='bbox 1254 1917 1452 1988; x_wconf 78' lang='lat' dir='ltr'>suorum62</span> 
     </span>
     <span class='ocr_line' id='line_1_15' title="bbox 155 2021 1403 2122; baseline 0.002 -28"><span class='ocrx_word' id='word_1_107' title='bbox 155 2021 295 2120; x_wconf 89' lang='lat' dir='ltr'>impetn</span> <span class='ocrx_word' id='word_1_108' title='bbox 320 2021 368 2095; x_wconf 88' lang='lat' dir='ltr'>ad</span> <span class='ocrx_word' id='word_1_109' title='bbox 393 2021 531 2121; x_wconf 82' lang='lat' dir='ltr'>Lycum</span> <span class='ocrx_word' id='word_1_110' title='bbox 556 2048 698 2098; x_wconf 91' lang='lat' dir='ltr'>amnem</span> <span class='ocrx_word' id='word_1_111' title='bbox 725 2033 949 2122; x_wconf 87' lang='lat' dir='ltr'>pervenerat,</span> <span class='ocrx_word' id='word_1_112' title='bbox 969 2023 1032 2096; x_wconf 92' lang='lat' dir='ltr'>nbi</span> <span class='ocrx_word' id='word_1_113' title='bbox 1057 2023 1183 2120; x_wconf 86' lang='lat' dir='ltr'>ingens</span> <span class='ocrx_word' id='word_1_114' title='bbox 1209 2021 1403 2098; x_wconf 88' lang='lat' dir='ltr'>multitudo</span> 
     </span>
     <span class='ocr_line' id='line_1_16' title="bbox 155 2134 1404 2234; baseline 0.001 -27"><span class='ocrx_word' id='word_1_115' title='bbox 155 2134 370 2232; x_wconf 85' lang='lat' dir='ltr'>fugientium</span> <span class='ocrx_word' id='word_1_116' title='bbox 396 2144 610 2209; x_wconf 82' lang='lat' dir='ltr'>oneraverat</span> <span class='ocrx_word' id='word_1_117' title='bbox 634 2143 798 2234; x_wconf 86' lang='lat' dir='ltr'>pontem,</span> <span class='ocrx_word' id='word_1_118' title='bbox 825 2144 863 2208; x_wconf 89' lang='lat' dir='ltr'>et</span> <span class='ocrx_word' id='word_1_119' title='bbox 888 2134 1063 2233; x_wconf 83' lang='lat' dir='ltr'>plerique,</span> <span class='ocrx_word' id='word_1_120' title='bbox 1099 2159 1181 2207; x_wconf 90' lang='lat' dir='ltr'>oum</span> <span class='ocrx_word' id='word_1_121' title='bbox 1206 2135 1320 2210; x_wconf 91' lang='lat' dir='ltr'>hostis</span> <span class='ocrx_word' id='word_1_122' title='bbox 1346 2159 1404 2208; x_wconf 92' lang='lat' dir='ltr'>ur·</span> 
     </span>
     <span class='ocr_line' id='line_1_17' title="bbox 156 2245 1404 2345; baseline 0.002 -28"><span class='ocrx_word' id='word_1_123' title='bbox 156 2255 279 2342; x_wconf 85' lang='lat' dir='ltr'>geret,</span> <span class='ocrx_word' id='word_1_124' title='bbox 313 2247 351 2319; x_wconf 92' lang='lat' dir='ltr'>in</span> <span class='ocrx_word' id='word_1_125' title='bbox 385 2247 519 2320; x_wconf 93' lang='lat' dir='ltr'>flumen</span> <span class='ocrx_word' id='word_1_126' title='bbox 554 2271 593 2321; x_wconf 92' lang='lat' dir='ltr'>se</span> <span class='ocrx_word' id='word_1_127' title='bbox 619 2245 963 2345; x_wconf 83' lang='lat' dir='ltr'>praecipitaverant,</span> <span class='ocrx_word' id='word_1_128' title='bbox 995 2271 1198 2345; x_wconf 86' lang='lat' dir='ltr'>gravesque</span> <span class='ocrx_word' id='word_1_129' title='bbox 1231 2246 1339 2320; x_wconf 84' lang='lat' dir='ltr'>armis</span> <span class='ocrx_word' id='word_1_130' title='bbox 1366 2257 1404 2321; x_wconf 90' lang='lat' dir='ltr'>et</span> 
     </span>
     <span class='ocr_line' id='line_1_18' title="bbox 103 2356 1406 2456; baseline 0.008 -34"><span class='ocrx_word' id='word_1_131' title='bbox 103 2375 135 2422; x_wconf 82' lang='lat' dir='ltr'>rr</span> <span class='ocrx_word' id='word_1_132' title='bbox 157 2357 294 2454; x_wconf 91' lang='lat' dir='ltr'>proelio</span> <span class='ocrx_word' id='word_1_133' title='bbox 321 2383 363 2430; x_wconf 87' lang='lat' dir='ltr'>ae</span> <span class='ocrx_word' id='word_1_134' title='bbox 390 2359 476 2456; x_wconf 85' lang='lat' dir='ltr'>fuga</span> <span class='ocrx_word' id='word_1_135' title='bbox 501 2358 687 2456; x_wconf 85' lang='lat' dir='ltr'>defatigati</span> <span class='ocrx_word' id='word_1_136' title='bbox 711 2358 913 2456; x_wconf 82' lang='lat' dir='ltr'>gurgitibus</span> <span class='ocrx_word' id='word_1_137' title='bbox 939 2358 1206 2432; x_wconf 86' lang='lat' dir='ltr'>hauriebantur.</span> <span class='ocrx_word' id='word_1_138' title='bbox 1257 2356 1406 2455; x_wconf 89' lang='lat' dir='ltr'>Iamque</span> 
     </span>
     <span class='ocr_line' id='line_1_19' title="bbox 156 2467 1405 2568; baseline 0.003 -30"><span class='ocrx_word' id='word_1_139' title='bbox 156 2491 233 2541; x_wconf 92' lang='lat' dir='ltr'>non</span> <span class='ocrx_word' id='word_1_140' title='bbox 264 2493 358 2567; x_wconf 92' lang='lat' dir='ltr'>pons</span> <span class='ocrx_word' id='word_1_141' title='bbox 391 2468 500 2544; x_wconf 91' lang='lat' dir='ltr'>modo</span> <span class='ocrx_word' id='word_1_142' title='bbox 536 2470 729 2567; x_wconf 82' lang='lat' dir='ltr'>fugientes,</span> <span class='ocrx_word' id='word_1_143' title='bbox 764 2467 901 2542; x_wconf 91' lang='lat' dir='ltr'>sedne</span> <span class='ocrx_word' id='word_1_144' title='bbox 928 2469 1042 2542; x_wconf 86' lang='lat' dir='ltr'>amnis</span> <span class='ocrx_word' id='word_1_145' title='bbox 1069 2468 1215 2567; x_wconf 89' lang='lat' dir='ltr'>quidem</span> <span class='ocrx_word' id='word_1_146' title='bbox 1240 2469 1405 2568; x_wconf 88' lang='lat' dir='ltr'>capiebat</span> 
     </span>
     <span class='ocr_line' id='line_1_20' title="bbox 158 2578 1405 2681; baseline 0.003 -29"><span class='ocrx_word' id='word_1_147' title='bbox 158 2578 305 2677; x_wconf 84' lang='lat' dir='ltr'>agmina</span> <span class='ocrx_word' id='word_1_148' title='bbox 330 2604 397 2653; x_wconf 89' lang='lat' dir='ltr'>sua</span> <span class='ocrx_word' id='word_1_149' title='bbox 420 2579 622 2679; x_wconf 89' lang='lat' dir='ltr'>improvide</span> <span class='ocrx_word' id='word_1_150' title='bbox 649 2578 801 2653; x_wconf 90' lang='lat' dir='ltr'>subinde</span> <span class='ocrx_word' id='word_1_151' title='bbox 828 2581 1068 2655; x_wconf 86' lang='lat' dir='ltr'>cumulantes:</span> <span class='ocrx_word' id='word_1_152' title='bbox 1102 2581 1235 2681; x_wconf 90' lang='lat' dir='ltr'>quippe</span> <span class='ocrx_word' id='word_1_153' title='bbox 1266 2581 1328 2656; x_wconf 90' lang='lat' dir='ltr'>ubi</span> <span class='ocrx_word' id='word_1_154' title='bbox 1353 2581 1405 2656; x_wconf 89' lang='lat' dir='ltr'>in·</span> 
     </span>
     <span class='ocr_line' id='line_1_21' title="bbox 158 2689 1406 2791; baseline 0 -27"><span class='ocrx_word' id='word_1_155' title='bbox 158 2690 274 2764; x_wconf 88' lang='lat' dir='ltr'>travit</span> <span class='ocrx_word' id='word_1_156' title='bbox 298 2691 436 2766; x_wconf 85' lang='lat' dir='ltr'>animos</span> <span class='ocrx_word' id='word_1_157' title='bbox 462 2716 589 2790; x_wconf 90' lang='lat' dir='ltr'>pavor,</span> <span class='ocrx_word' id='word_1_158' title='bbox 614 2689 652 2764; x_wconf 90' lang='lat' dir='ltr'>id</span> <span class='ocrx_word' id='word_1_159' title='bbox 678 2691 795 2765; x_wconf 90' lang='lat' dir='ltr'>solum</span> <span class='ocrx_word' id='word_1_160' title='bbox 819 2700 1005 2783; x_wconf 90' lang='lat' dir='ltr'>metuunt,</span> <span class='ocrx_word' id='word_1_161' title='bbox 1032 2691 1131 2790; x_wconf 94' lang='lat' dir='ltr'>quod</span> <span class='ocrx_word' id='word_1_162' title='bbox 1156 2694 1311 2791; x_wconf 89' lang='lat' dir='ltr'>primum</span> <span class='ocrx_word' id='word_1_163' title='bbox 1335 2691 1406 2766; x_wconf 90' lang='lat' dir='ltr'>for-</span> 
     </span>
     <span class='ocr_line' id='line_1_22' title="bbox 158 2843 1406 2982; baseline -0.001 -71"><span class='ocrx_word' id='word_1_164' title='bbox 158 2925 170 2978; x_wconf 65' lang='lat' dir='ltr'><strong>l</strong></span> <span class='ocrx_word' id='word_1_165' title='bbox 190 2861 222 2938; x_wconf 62' lang='lat' dir='ltr'>p.</span> <span class='ocrx_word' id='word_1_166' title='bbox 241 2863 281 2912; x_wconf 75' lang='lat'>12.</span> <span class='ocrx_word' id='word_1_167' title='bbox 306 2859 424 2939; x_wconf 60' lang='lat' dir='ltr'>omnen</span> <span class='ocrx_word' id='word_1_168' title='bbox 440 2856 648 2982; x_wconf 46' lang='lat' dir='ltr'>{efflet</span> <span class='ocrx_word' id='word_1_169' title='bbox 665 2873 694 2910; x_wconf 68' lang='lat' dir='ltr'>a</span> <span class='ocrx_word' id='word_1_170' title='bbox 710 2874 766 2937; x_wconf 59' lang='lat' dir='ltr'>ma</span> <span class='ocrx_word' id='word_1_171' title='bbox 800 2859 918 2979; x_wconf 58' lang='lat' dir='ltr'>pennen</span> <span class='ocrx_word' id='word_1_172' title='bbox 931 2843 1100 2980; x_wconf 26' lang='lat' dir='ltr'>,sawt</span> <span class='ocrx_word' id='word_1_173' title='bbox 1116 2857 1192 2911; x_wconf 80' lang='lat' dir='ltr'>noa.</span> <span class='ocrx_word' id='word_1_174' title='bbox 1209 2858 1330 2980; x_wconf 54' lang='lat' dir='ltr'>⁰th</span> <span class='ocrx_word' id='word_1_175' title='bbox 1347 2856 1406 2928; x_wconf 75' lang='lat' dir='ltr'>qur-</span> 
     </span>
     <span class='ocr_line' id='line_1_23' title="bbox 160 2926 1407 3076; baseline -0.002 -26"><span class='ocrx_word' id='word_1_176' title='bbox 160 2943 520 3075; x_wconf 62' lang='lat' dir='ltr'>vvr..</span> <span class='ocrx_word' id='word_1_177' title='bbox 552 2942 767 3076; x_wconf 57' lang='lat' dir='ltr'>teritus</span> <span class='ocrx_word' id='word_1_178' title='bbox 1061 2926 1407 3074; x_wconf 59' lang='lat' dir='ltr'>sesemen</span> 
     </span>
     <span class='ocr_line' id='line_1_24' title="bbox 159 3061 1271 3187; baseline -0.002 0"><span class='ocrx_word' id='word_1_179' title='bbox 159 3063 767 3187; x_wconf 83' lang='lat'>&lt;..</span> <span class='ocrx_word' id='word_1_180' title='bbox 975 3061 1271 3184; x_wconf 62' lang='lat' dir='ltr'>nene</span> 
     </span>
     <span class='ocr_line' id='line_1_25' title="bbox 188 3137 1406 3280; baseline 0 -26"><span class='ocrx_word' id='word_1_181' title='bbox 188 3217 263 3254; x_wconf 71' lang='lat' dir='ltr'>emm</span> <span class='ocrx_word' id='word_1_182' title='bbox 280 3219 335 3256; x_wconf 75' lang='lat' dir='ltr'>non</span> <span class='ocrx_word' id='word_1_183' title='bbox 351 3199 379 3254; x_wconf 77' lang='lat' dir='ltr'>in</span> <span class='ocrx_word' id='word_1_184' title='bbox 415 3137 487 3256; x_wconf 68' lang='lat' dir='ltr'>aad</span> <span class='ocrx_word' id='word_1_185' title='bbox 504 3201 555 3256; x_wconf 73' lang='lat' dir='ltr'>soc</span> <span class='ocrx_word' id='word_1_186' title='bbox 571 3207 622 3268; x_wconf 71' lang='lat' dir='ltr'>ea,</span> <span class='ocrx_word' id='word_1_187' title='bbox 640 3199 687 3252; x_wconf 63' lang='lat' dir='ltr'>aa</span> <span class='ocrx_word' id='word_1_188' title='bbox 704 3169 766 3254; x_wconf 45' lang='lat' dir='ltr'>oon-¹</span> <span class='ocrx_word' id='word_1_189' title='bbox 800 3149 858 3254; x_wconf 68' lang='lat' dir='ltr'>la</span> <span class='ocrx_word' id='word_1_190' title='bbox 875 3199 957 3254; x_wconf 71' lang='lat' dir='ltr'>sesac</span> <span class='ocrx_word' id='word_1_191' title='bbox 974 3171 1077 3253; x_wconf 63' lang='lat' dir='ltr'>incas}</span> <span class='ocrx_word' id='word_1_192' title='bbox 1102 3199 1177 3270; x_wconf 68' lang='lat' dir='ltr'>argo</span> <span class='ocrx_word' id='word_1_193' title='bbox 1194 3199 1329 3280; x_wconf 53' lang='lat' dir='ltr'>augam</span> <span class='ocrx_word' id='word_1_194' title='bbox 1345 3214 1406 3270; x_wconf 67' lang='lat' dir='ltr'>pre.</span> 
     </span>
    </p>
   </div>
   <div class='ocr_carea' id='block_1_3' title="bbox 160 3219 1408 4232">
    <p class='ocr_par' dir='ltr' id='par_1_3' title="bbox 160 3219 1408 4232">
     <span class='ocr_line' id='line_1_26' title="bbox 160 3219 1406 3350; baseline -0.002 -26"><span class='ocrx_word' id='word_1_195' title='bbox 160 3276 233 3324; x_wconf 77' lang='lat' dir='ltr'>suns</span> <span class='ocrx_word' id='word_1_196' title='bbox 259 3269 376 3324; x_wconf 88' lang='lat' dir='ltr'>omnium</span> <span class='ocrx_word' id='word_1_197' title='bbox 396 3219 529 3342; x_wconf 73' lang='lat' dir='ltr'>librorum</span> <span class='ocrx_word' id='word_1_198' title='bbox 546 3287 606 3324; x_wconf 81' lang='lat' dir='ltr'>mss.</span> <span class='ocrx_word' id='word_1_199' title='bbox 625 3266 766 3350; x_wconf 79' lang='lat' dir='ltr'>scriptura.</span> <span class='ocrx_word' id='word_1_200' title='bbox 801 3284 845 3322; x_wconf 72' lang='grc' dir='ltr'>ωε</span> <span class='ocrx_word' id='word_1_201' title='bbox 866 3267 945 3322; x_wconf 75' lang='lat' dir='ltr'>inisse</span> <span class='ocrx_word' id='word_1_202' title='bbox 971 3267 1094 3323; x_wconf 86' lang='lat' dir='ltr'>existimo</span> <span class='ocrx_word' id='word_1_203' title='bbox 1119 3284 1223 3349; x_wconf 80' lang='lat' dir='ltr'>vesperi</span> <span class='ocrx_word' id='word_1_204' title='bbox 1244 3286 1276 3324; x_wconf 80' lang='lat' dir='ltr'>cc</span> <span class='ocrx_word' id='word_1_205' title='bbox 1292 3284 1342 3340; x_wconf 88' lang='lat' dir='ltr'>per</span> <span class='ocrx_word' id='word_1_206' title='bbox 1358 3285 1406 3321; x_wconf 92' lang='lat' dir='ltr'>no·</span> 
     </span>
     <span class='ocr_line' id='line_1_27' title="bbox 196 3337 1407 3409; baseline 0 -17"><span class='ocrx_word' id='word_1_207' title='bbox 196 3340 220 3406; x_wconf 69' lang='lat'>§-</span> <span class='ocrx_word' id='word_1_208' title='bbox 238 3345 278 3393; x_wconf 80' lang='lat'>18.</span> <span class='ocrx_word' id='word_1_209' title='bbox 297 3357 355 3393; x_wconf 80' lang='lat' dir='ltr'>cam</span> <span class='ocrx_word' id='word_1_210' title='bbox 369 3341 445 3393; x_wconf 81' lang='lat' dir='ltr'>avide</span> <span class='ocrx_word' id='word_1_211' title='bbox 458 3341 590 3393; x_wconf 78' lang='lat' dir='ltr'>turbidam</span> <span class='ocrx_word' id='word_1_212' title='bbox 605 3339 765 3405; x_wconf 60' lang='lat' dir='ltr'>tamarcem]</span> <span class='ocrx_word' id='word_1_213' title='bbox 800 3344 871 3391; x_wconf 79' lang='lat' dir='ltr'>ctam</span> <span class='ocrx_word' id='word_1_214' title='bbox 896 3353 946 3408; x_wconf 88' lang='lat' dir='ltr'>pro</span> <span class='ocrx_word' id='word_1_215' title='bbox 971 3337 1078 3392; x_wconf 81' lang='lat' dir='ltr'>fortuna</span> <span class='ocrx_word' id='word_1_216' title='bbox 1109 3354 1243 3409; x_wconf 68' lang='lat' dir='ltr'>regnorum</span> <span class='ocrx_word' id='word_1_217' title='bbox 1273 3353 1407 3392; x_wconf 77' lang='lat' dir='ltr'>amonim</span> 
     </span>
     <span class='ocr_line' id='line_1_28' title="bbox 160 3405 910 3486; baseline 0.001 -28"><span class='ocrx_word' id='word_1_218' title='bbox 160 3405 241 3486; x_wconf 69' lang='lat' dir='ltr'>Vulg.</span> <span class='ocrx_word' id='word_1_219' title='bbox 260 3425 317 3462; x_wconf 79' lang='lat' dir='ltr'>cvm</span> <span class='ocrx_word' id='word_1_220' title='bbox 336 3409 383 3461; x_wconf 76' lang='lat' dir='ltr'>dia</span> <span class='ocrx_word' id='word_1_221' title='bbox 400 3408 482 3461; x_wconf 83' lang='lat' dir='ltr'>avidi.</span> <span class='ocrx_word' id='word_1_222' title='bbox 517 3407 572 3461; x_wconf 84' lang='lat' dir='ltr'>Sed</span> <span class='ocrx_word' id='word_1_223' title='bbox 594 3408 641 3460; x_wconf 76' lang='lat' dir='ltr'>diu</span> <span class='ocrx_word' id='word_1_224' title='bbox 664 3413 692 3460; x_wconf 82' lang='lat' dir='ltr'>et</span> <span class='ocrx_word' id='word_1_225' title='bbox 719 3421 766 3476; x_wconf 85' lang='lat' dir='ltr'>per</span> <span class='ocrx_word' id='word_1_226' title='bbox 800 3405 910 3460; x_wconf 79' lang='lat' dir='ltr'>habitas.</span> 
     </span>
     <span class='ocr_line' id='line_1_29' title="bbox 161 3473 1407 3545; baseline -0.001 -17"><span class='ocrx_word' id='word_1_227' title='bbox 161 3490 191 3528; x_wconf 85' lang='lat' dir='ltr'>ae</span> <span class='ocrx_word' id='word_1_228' title='bbox 207 3475 272 3528; x_wconf 88' lang='lat' dir='ltr'>mhil</span> <span class='ocrx_word' id='word_1_229' title='bbox 293 3483 335 3530; x_wconf 79' lang='lat' dir='ltr'>eet</span> <span class='ocrx_word' id='word_1_230' title='bbox 360 3477 386 3529; x_wconf 76' lang='lat' dir='ltr'>la</span> <span class='ocrx_word' id='word_1_231' title='bbox 408 3476 476 3529; x_wconf 86' lang='lat' dir='ltr'>let</span> <span class='ocrx_word' id='word_1_232' title='bbox 498 3475 672 3530; x_wconf 82' lang='lat' dir='ltr'>abomnibus</span> <span class='ocrx_word' id='word_1_233' title='bbox 689 3474 766 3528; x_wconf 89' lang='lat' dir='ltr'>codd.</span> <span class='ocrx_word' id='word_1_234' title='bbox 836 3473 902 3545; x_wconf 81' lang='lat' dir='ltr'>Cap.</span> <span class='ocrx_word' id='word_1_235' title='bbox 921 3481 967 3538; x_wconf 78' lang='lat'>62,</span> <span class='ocrx_word' id='word_1_236' title='bbox 986 3478 1009 3544; x_wconf 85' lang='lat'>§.</span> <span class='ocrx_word' id='word_1_237' title='bbox 1030 3481 1070 3530; x_wconf 76' lang='lat' dir='ltr'>lt.</span> <span class='ocrx_word' id='word_1_238' title='bbox 1106 3477 1215 3530; x_wconf 73' lang='lat' dir='ltr'>inhibito</span> <span class='ocrx_word' id='word_1_239' title='bbox 1232 3493 1340 3530; x_wconf 71' lang='lat' dir='ltr'>auom</span> <span class='ocrx_word' id='word_1_240' title='bbox 1357 3476 1407 3527; x_wconf 81' lang='lat' dir='ltr'>im-</span> 
     </span>
     <span class='ocr_line' id='line_1_30' title="bbox 162 3542 1406 3615; baseline 0 -19"><span class='ocrx_word' id='word_1_241' title='bbox 162 3543 273 3612; x_wconf 84' lang='lat' dir='ltr'>(noatris</span> <span class='ocrx_word' id='word_1_242' title='bbox 289 3552 362 3598; x_wconf 86' lang='lat' dir='ltr'>certe</span> <span class='ocrx_word' id='word_1_243' title='bbox 379 3553 408 3598; x_wconf 89' lang='lat' dir='ltr'>et</span> <span class='ocrx_word' id='word_1_244' title='bbox 425 3543 506 3598; x_wconf 84' lang='lat' dir='ltr'>Snak.</span> <span class='ocrx_word' id='word_1_245' title='bbox 538 3545 622 3598; x_wconf 83' lang='lat' dir='ltr'>abest.</span> <span class='ocrx_word' id='word_1_246' title='bbox 646 3543 717 3598; x_wconf 83' lang='lat' dir='ltr'>Flor.</span> <span class='ocrx_word' id='word_1_247' title='bbox 741 3542 765 3596; x_wconf 90' lang='lat' dir='ltr'>B</span> <span class='ocrx_word' id='word_1_248' title='bbox 796 3547 872 3613; x_wconf 79' lang='lat' dir='ltr'>peta]</span> <span class='ocrx_word' id='word_1_249' title='bbox 890 3543 1029 3598; x_wconf 85' lang='lat' dir='ltr'>Editionec</span> <span class='ocrx_word' id='word_1_250' title='bbox 1042 3555 1151 3615; x_wconf 84' lang='lat' dir='ltr'>praeter</span> <span class='ocrx_word' id='word_1_251' title='bbox 1162 3544 1236 3598; x_wconf 87' lang='lat' dir='ltr'>Mod.</span> <span class='ocrx_word' id='word_1_252' title='bbox 1252 3562 1341 3611; x_wconf 76' lang='lat' dir='ltr'>curso,</span> <span class='ocrx_word' id='word_1_253' title='bbox 1356 3542 1406 3596; x_wconf 91' lang='lat' dir='ltr'>mi·</span> 
     </span>
     <span class='ocr_line' id='line_1_31' title="bbox 162 3610 1406 3683; baseline -0.001 -18"><span class='ocrx_word' id='word_1_254' title='bbox 162 3627 221 3664; x_wconf 80' lang='grc' dir='ltr'>αιπι</span> <span class='ocrx_word' id='word_1_255' title='bbox 238 3615 331 3666; x_wconf 61' lang='lat' dir='ltr'>dende</span> <span class='ocrx_word' id='word_1_256' title='bbox 348 3615 480 3667; x_wconf 79' lang='lat' dir='ltr'>turbidam</span> <span class='ocrx_word' id='word_1_257' title='bbox 521 3612 569 3666; x_wconf 86' lang='lat' dir='ltr'>lor.</span> <span class='ocrx_word' id='word_1_258' title='bbox 585 3610 688 3667; x_wconf 83' lang='lat' dir='ltr'>CEGH</span> <span class='ocrx_word' id='word_1_259' title='bbox 706 3614 767 3665; x_wconf 81' lang='lat' dir='ltr'>dum</span> <span class='ocrx_word' id='word_1_260' title='bbox 800 3629 929 3666; x_wconf 87' lang='lat' dir='ltr'>rumcum</span> <span class='ocrx_word' id='word_1_261' title='bbox 939 3629 1031 3666; x_wconf 87' lang='lat' dir='ltr'>omnes</span> <span class='ocrx_word' id='word_1_262' title='bbox 1039 3613 1116 3667; x_wconf 79' lang='lat' dir='ltr'>codd</span> <span class='ocrx_word' id='word_1_263' title='bbox 1125 3613 1192 3666; x_wconf 86' lang='lat' dir='ltr'>illud</span> <span class='ocrx_word' id='word_1_264' title='bbox 1199 3613 1406 3683; x_wconf 80' lang='lat' dir='ltr'>praeferantne-</span> 
     </span>
     <span class='ocr_line' id='line_1_32' title="bbox 163 3680 1408 3802; baseline 0.002 -70"><span class='ocrx_word' id='word_1_265' title='bbox 163 3680 239 3757; x_wconf 71' lang='lat' dir='ltr'>naida</span> <span class='ocrx_word' id='word_1_266' title='bbox 257 3683 395 3736; x_wconf 81' lang='lat' dir='ltr'>turbidam.</span> <span class='ocrx_word' id='word_1_267' title='bbox 431 3680 601 3735; x_wconf 81' lang='lat' dir='ltr'>Adiectivurn</span> <span class='ocrx_word' id='word_1_268' title='bbox 622 3681 696 3734; x_wconf 85' lang='lat' dir='ltr'>nvidi</span> <span class='ocrx_word' id='word_1_269' title='bbox 718 3695 767 3733; x_wconf 87' lang='lat' dir='ltr'>neo</span> <span class='ocrx_word' id='word_1_270' title='bbox 801 3697 853 3759; x_wconf 83' lang='lat' dir='ltr'>que</span> <span class='ocrx_word' id='word_1_271' title='bbox 878 3697 971 3735; x_wconf 69' lang='lat' dir='ltr'>mersae</span> <span class='ocrx_word' id='word_1_272' title='bbox 1001 3681 1143 3802; x_wconf 75' lang='lat' dir='ltr'>quicquam</span> <span class='ocrx_word' id='word_1_273' title='bbox 1167 3681 1334 3752; x_wconf 85' lang='lat' dir='ltr'>intelligetur</span> <span class='ocrx_word' id='word_1_274' title='bbox 1360 3699 1408 3735; x_wconf 91' lang='lat' dir='ltr'>cur</span> 
     </span>
     <span class='ocr_line' id='line_1_33' title="bbox 164 3749 1152 3820; baseline 0.003 -20"><span class='ocrx_word' id='word_1_275' title='bbox 164 3763 251 3817; x_wconf 86' lang='lat' dir='ltr'>rpsnrn</span> <span class='ocrx_word' id='word_1_276' title='bbox 267 3757 307 3804; x_wconf 86' lang='lat' dir='ltr'>est</span> <span class='ocrx_word' id='word_1_277' title='bbox 324 3749 351 3804; x_wconf 89' lang='lat' dir='ltr'>in</span> <span class='ocrx_word' id='word_1_278' title='bbox 368 3750 452 3817; x_wconf 82' lang='lat' dir='ltr'>mstis,</span> <span class='ocrx_word' id='word_1_279' title='bbox 471 3749 522 3804; x_wconf 86' lang='lat' dir='ltr'>nisi</span> <span class='ocrx_word' id='word_1_280' title='bbox 539 3751 611 3804; x_wconf 87' lang='lat' dir='ltr'>forte</span> <span class='ocrx_word' id='word_1_281' title='bbox 627 3749 656 3802; x_wconf 93' lang='lat' dir='ltr'>in</span> <span class='ocrx_word' id='word_1_282' title='bbox 664 3749 765 3804; x_wconf 76' lang='lat' dir='ltr'>Voss-2</span> <span class='ocrx_word' id='word_1_283' title='bbox 801 3767 887 3803; x_wconf 85' lang='lat' dir='ltr'>nunus</span> <span class='ocrx_word' id='word_1_284' title='bbox 904 3751 1047 3820; x_wconf 86' lang='lat' dir='ltr'>probatum</span> <span class='ocrx_word' id='word_1_285' title='bbox 1076 3749 1152 3803; x_wconf 86' lang='lat' dir='ltr'>uerit.</span> 
     </span>
     <span class='ocr_line' id='line_1_34' title="bbox 164 3813 1406 3889; baseline 0.001 -20"><span class='ocrx_word' id='word_1_286' title='bbox 164 3813 211 3887; x_wconf 89' lang='lat' dir='ltr'>qui</span> <span class='ocrx_word' id='word_1_287' title='bbox 228 3815 327 3872; x_wconf 89' lang='lat' dir='ltr'>siletur.</span> <span class='ocrx_word' id='word_1_288' title='bbox 836 3822 861 3884; x_wconf 74' lang='lat' dir='ltr'>s.</span> <span class='ocrx_word' id='word_1_289' title='bbox 881 3825 921 3871; x_wconf 83' lang='lat'>17.</span> <span class='ocrx_word' id='word_1_290' title='bbox 944 3819 1087 3888; x_wconf 81' lang='lat' dir='ltr'>improvide</span> <span class='ocrx_word' id='word_1_291' title='bbox 1104 3819 1216 3872; x_wconf 74' lang='lat' dir='ltr'>subinde</span> <span class='ocrx_word' id='word_1_292' title='bbox 1233 3819 1406 3889; x_wconf 58' lang='lat' dir='ltr'>munster]</span> 
     </span>
     <span class='ocr_line' id='line_1_35' title="bbox 197 3885 1406 3957; baseline 0.002 -19"><span class='ocrx_word' id='word_1_293' title='bbox 197 3887 221 3953; x_wconf 70' lang='grc' dir='ltr'>ξ.</span> <span class='ocrx_word' id='word_1_294' title='bbox 245 3893 286 3940; x_wconf 79' lang='lat'>14.</span> <span class='ocrx_word' id='word_1_295' title='bbox 329 3889 491 3940; x_wconf 81' lang='lat' dir='ltr'>deverterunt</span> <span class='ocrx_word' id='word_1_296' title='bbox 517 3885 684 3940; x_wconf 82' lang='lat' dir='ltr'>scribendum</span> <span class='ocrx_word' id='word_1_297' title='bbox 709 3892 768 3940; x_wconf 82' lang='lat' dir='ltr'>erat</span> <span class='ocrx_word' id='word_1_298' title='bbox 801 3885 868 3940; x_wconf 86' lang='lat' dir='ltr'>Meti</span> <span class='ocrx_word' id='word_1_299' title='bbox 886 3885 1030 3940; x_wconf 84' lang='lat' dir='ltr'>deteriores</span> <span class='ocrx_word' id='word_1_300' title='bbox 1046 3886 1149 3956; x_wconf 87' lang='lat' dir='ltr'>(quales</span> <span class='ocrx_word' id='word_1_301' title='bbox 1168 3893 1231 3940; x_wconf 86' lang='lat' dir='ltr'>sunt</span> <span class='ocrx_word' id='word_1_302' title='bbox 1247 3885 1320 3940; x_wconf 83' lang='lat' dir='ltr'>Flor.</span> <span class='ocrx_word' id='word_1_303' title='bbox 1334 3885 1406 3957; x_wconf 67' lang='lat' dir='ltr'>Gr),</span> 
     </span>
     <span class='ocr_line' id='line_1_36' title="bbox 161 3953 1407 4026; baseline 0 -18"><span class='ocrx_word' id='word_1_304' title='bbox 161 3956 341 4009; x_wconf 83' lang='lat' dir='ltr'>etsecnndnm</span> <span class='ocrx_word' id='word_1_305' title='bbox 350 3954 767 4025; x_wconf 82' lang='lat' dir='ltr'>regulaanuncquidemomnium</span> <span class='ocrx_word' id='word_1_306' title='bbox 802 3971 837 4008; x_wconf 84' lang='lat' dir='ltr'>ex</span> <span class='ocrx_word' id='word_1_307' title='bbox 855 3955 950 4025; x_wconf 83' lang='lat' dir='ltr'>quibus</span> <span class='ocrx_word' id='word_1_308' title='bbox 965 3953 1096 4026; x_wconf 84' lang='lat' dir='ltr'>principes</span> <span class='ocrx_word' id='word_1_309' title='bbox 1112 3955 1172 4008; x_wconf 90' lang='lat' dir='ltr'>edd.</span> <span class='ocrx_word' id='word_1_310' title='bbox 1183 3961 1245 4008; x_wconf 89' lang='lat' dir='ltr'>sunt</span> <span class='ocrx_word' id='word_1_311' title='bbox 1258 3971 1407 4026; x_wconf 83' lang='lat' dir='ltr'>expressae,</span> 
     </span>
     <span class='ocr_line' id='line_1_37' title="bbox 162 4022 1408 4164; baseline 0.001 -19"><span class='ocrx_word' id='word_1_312' title='bbox 162 4025 629 4164; x_wconf 52' lang='lat' dir='ltr'>wtttfflttttttffltt</span> <span class='ocrx_word' id='word_1_313' title='bbox 648 4023 768 4146; x_wconf 60' lang='lat' dir='ltr'>“dilui</span> <span class='ocrx_word' id='word_1_314' title='bbox 801 4022 1408 4162; x_wconf 61' lang='lat' dir='ltr'>tetttttttttttttttittttt</span> 
     </span>
     <span class='ocr_line' id='line_1_38' title="bbox 161 4090 1408 4232; baseline 0 -18"><span class='ocrx_word' id='word_1_315' title='bbox 161 4090 277 4228; x_wconf 58' lang='lat' dir='ltr'>gemm)</span> <span class='ocrx_word' id='word_1_316' title='bbox 294 4160 488 4216; x_wconf 83' lang='lat' dir='ltr'>auctoritatem.</span> <span class='ocrx_word' id='word_1_317' title='bbox 522 4161 661 4214; x_wconf 85' lang='lat' dir='ltr'>Edebstur</span> <span class='ocrx_word' id='word_1_318' title='bbox 678 4167 768 4214; x_wconf 84' lang='lat' dir='ltr'>antem</span> <span class='ocrx_word' id='word_1_319' title='bbox 801 4161 910 4232; x_wconf 90' lang='lat' dir='ltr'>aliquod</span> <span class='ocrx_word' id='word_1_320' title='bbox 932 4178 1029 4216; x_wconf 90' lang='lat' dir='ltr'>nomen</span> <span class='ocrx_word' id='word_1_321' title='bbox 1050 4163 1122 4232; x_wconf 90' lang='lat' dir='ltr'>qnod</span> <span class='ocrx_word' id='word_1_322' title='bbox 1142 4161 1287 4214; x_wconf 84' lang='lat' dir='ltr'>adiicerent</span> <span class='ocrx_word' id='word_1_323' title='bbox 1323 4159 1408 4214; x_wconf 83' lang='lat' dir='ltr'>ucesi-</span> 
     </span>
    </p>
   </div>
   <div class='ocr_carea' id='block_1_4' title="bbox 162 4177 1406 4303">
    <p class='ocr_par' dir='ltr' id='par_1_4' title="bbox 162 4177 1406 4303">
     <span class='ocr_line' id='line_1_39' title="bbox 162 4177 1406 4303; baseline 0 -19"><span class='ocrx_word' id='word_1_324' title='bbox 162 4231 330 4284; x_wconf 79' lang='lat' dir='ltr'>diverterant.</span> <span class='ocrx_word' id='word_1_325' title='bbox 801 4239 913 4298; x_wconf 81' lang='lat' dir='ltr'>verunt,</span> <span class='ocrx_word' id='word_1_326' title='bbox 941 4229 1002 4283; x_wconf 91' lang='lat' dir='ltr'>inde</span> <span class='ocrx_word' id='word_1_327' title='bbox 1032 4237 1122 4283; x_wconf 84' lang='lat' dir='ltr'>antem</span> <span class='ocrx_word' id='word_1_328' title='bbox 1145 4229 1259 4303; x_wconf 84' lang='lat' dir='ltr'>profecti</span> <span class='ocrx_word' id='word_1_329' title='bbox 1285 4177 1357 4284; x_wconf 74' lang='lat' dir='ltr'>Flor.</span> <span class='ocrx_word' id='word_1_330' title='bbox 1383 4227 1406 4284; x_wconf 81' lang='lat' dir='ltr'>(l</span> 
     </span>
    </p>
   </div>
   <div class='ocr_carea' id='block_1_5' title="bbox 162 4297 1408 4560">
    <p class='ocr_par' dir='ltr' id='par_1_5' title="bbox 162 4297 1408 4560">
     <span class='ocr_line' id='line_1_40' title="bbox 196 4297 1408 4421; baseline 0 -69"><span class='ocrx_word' id='word_1_331' title='bbox 196 4308 224 4352; x_wconf 75' lang='lat' dir='ltr'>nt</span> <span class='ocrx_word' id='word_1_332' title='bbox 241 4299 437 4370; x_wconf 74' lang='lat' dir='ltr'>vertiycnc&#39;nm]</span> <span class='ocrx_word' id='word_1_333' title='bbox 460 4297 563 4380; x_wconf 39' lang='lat' dir='ltr'>&#39;Vulgo</span> <span class='ocrx_word' id='word_1_334' title='bbox 580 4315 646 4369; x_wconf 79' lang='lat' dir='ltr'>quoe</span> <span class='ocrx_word' id='word_1_335' title='bbox 667 4299 733 4352; x_wconf 79' lang='lat' dir='ltr'>verti</span> <span class='ocrx_word' id='word_1_336' title='bbox 748 4338 768 4378; x_wconf 72' lang='lat'>:²</span> <span class='ocrx_word' id='word_1_337' title='bbox 796 4301 1029 4421; x_wconf 64' lang='lat' dir='ltr'>providevlcpae,</span> <span class='ocrx_word' id='word_1_338' title='bbox 1056 4299 1085 4352; x_wconf 90' lang='grc' dir='ltr'><strong>Η</strong></span> <span class='ocrx_word' id='word_1_339' title='bbox 1106 4305 1135 4352; x_wconf 89' lang='lat' dir='ltr'>et</span> <span class='ocrx_word' id='word_1_340' title='bbox 1155 4299 1237 4352; x_wconf 85' lang='lat' dir='ltr'>Bern.</span> <span class='ocrx_word' id='word_1_341' title='bbox 1254 4297 1408 4368; x_wconf 80' lang='lat' dir='ltr'>Bpror&#39;nde</span> 
     </span>
     <span class='ocr_line' id='line_1_41' title="bbox 162 4367 1407 4560; baseline 0 -72"><span class='ocrx_word' id='word_1_342' title='bbox 162 4367 617 4503; x_wconf 46' lang='lat' dir='ltr'>ffiochrgcqqdqeqdnquorqp</span> <span class='ocrx_word' id='word_1_343' title='bbox 628 4385 769 4560; x_wconf 48' lang='grc' dir='ltr'>ἒὲἒέπσαῗ</span> <span class='ocrx_word' id='word_1_344' title='bbox 793 4370 1203 4500; x_wconf 52' lang='lat' dir='ltr'>lluddd&#39;ludibsiidffidbasrb</span> <span class='ocrx_word' id='word_1_345' title='bbox 1219 4385 1261 4489; x_wconf 62' lang='lat' dir='ltr'>ada</span> <span class='ocrx_word' id='word_1_346' title='bbox 1267 4367 1407 4490; x_wconf 53' lang='lat' dir='ltr'>qugunqrg</span> 
     </span>
    </p>
   </div>
   <div class='ocr_carea' id='block_1_6' title="bbox 163 4503 1235 4577">
    <p class='ocr_par' dir='ltr' id='par_1_6' title="bbox 163 4503 1235 4577">
     <span class='ocr_line' id='line_1_42' title="bbox 163 4503 1235 4577; baseline 0.004 -23"><span class='ocrx_word' id='word_1_347' title='bbox 163 4504 318 4572; x_wconf 67' lang='lat' dir='ltr'>stipantium</span> <span class='ocrx_word' id='word_1_348' title='bbox 335 4505 435 4576; x_wconf 81' lang='lat' dir='ltr'>legitur</span> <span class='ocrx_word' id='word_1_349' title='bbox 451 4523 505 4560; x_wconf 92' lang='lat' dir='ltr'>non</span> <span class='ocrx_word' id='word_1_350' title='bbox 522 4523 618 4560; x_wconf 86' lang='lat' dir='ltr'>moror.</span> <span class='ocrx_word' id='word_1_351' title='bbox 662 4503 770 4577; x_wconf 88' lang='lat' dir='ltr'>equitur</span> <span class='ocrx_word' id='word_1_352' title='bbox 803 4504 978 4577; x_wconf 77' lang='lat' dir='ltr'>integriomm</span> <span class='ocrx_word' id='word_1_353' title='bbox 995 4505 1126 4576; x_wconf 76' lang='lat' dir='ltr'>scriptura</span> <span class='ocrx_word' id='word_1_354' title='bbox 1161 4505 1235 4559; x_wconf 82' lang='lat' dir='ltr'>nirit.</span> 
     </span>
    </p>
   </div>
   <div class='ocr_carea' id='block_1_7' title="bbox 0 0 1643 5292">
    <p class='ocr_par' dir='ltr' id='par_1_7' title="bbox 0 0 1643 5292">
     <span class='ocr_line' id='line_1_43' title="bbox 0 0 1643 5292; baseline 0 0"><span class='ocrx_word' id='word_1_355' title='bbox 0 0 1643 5292; x_wconf 95' lang='lat' dir='ltr'> </span> 
     </span>
    </p>
   </div>
  </div>
 </body>
</html>
