3238 5296
502 399 552 450 nn
579 397 705 450 casus
732 398 840 451 max
867 398 944 466 vm,
966 394 1008 442 aa.
1301 373 1373 446 387

142 580 322 657 discedere
347 607 409 658 eos
436 581 483 658 ad
509 585 667 659 curanda
693 609 852 683 corpora,
880 582 1047 682 quoniam
1072 589 1151 654 tota
1172 587 1278 652 nocte
1299 602 1377 676 per·

143 693 325 786 stitissent,
357 696 466 771 iubet
518 696 614 770 Data
640 697 787 794 singulis
813 694 1069 794 quinquaginta
1095 690 1275 781 sestertia,
1310 689 1379 763 col·

141 805 306 897 laudatis,
332 805 429 904 quod
455 808 562 882 etiam
588 809 664 882 aliis
690 807 823 881 tradita
848 808 937 897 vice,
963 816 1084 879 tamen
1101 802 1280 878 excubare
1301 827 1378 900 per-

142 928 379 992 severassent.

108 1048 143 1098 ao
245 1028 300 1101 Illi
324 1038 427 1102 tanta
452 1053 516 1127 spe
550 1029 712 1105 destituti
744 1029 870 1104 domos
903 1029 1045 1102 abeunt.
1097 1026 1146 1099 Et
1172 1025 1280 1100 ceteri
1306 1023 1429 1121 qui-23

144 1139 227 1214 dem
259 1141 499 1238 expectabant
531 1143 694 1218 stationis
733 1167 819 1216 suae
855 1150 1016 1214 noctem:
1057 1137 1267 1236 Epimenes,
1304 1134 1380 1208 sive

144 1251 311 1325 comitate
328 1252 431 1349 regis,
458 1276 529 1349 qua
544 1253 662 1351 ipsum
677 1253 770 1326 inter
788 1251 990 1326 coniuratos
1009 1257 1209 1347 exceperat,
1233 1256 1381 1344 repente

143 1371 314 1451 mutatus,
340 1363 417 1437 sive
442 1363 525 1460 quia
550 1363 685 1463 coeptis
713 1362 799 1438 deos
826 1361 970 1435 obstare
987 1360 1167 1450 credebat,
1192 1360 1295 1432 fratri
1313 1382 1378 1431 suo

145 1471 366 1570 Eurylocho,
410 1499 516 1571 quem
557 1484 664 1548 antea
703 1485 886 1573 expeitem
926 1491 1005 1546 esse
1040 1471 1174 1546 consilii
1208 1470 1382 1558 voluerat,

94 1581 232 1680 21quid
265 1595 468 1680 pararetur,
509 1586 632 1684 aperit.
692 1582 867 1662 Omnibus
902 1583 1066 1658 Philotae
1101 1581 1313 1680 supplicium
1346 1579 1384 1651 in

147 1693 258 1766 oculis
293 1706 379 1768 erat
440 1696 565 1794 Itaque
600 1696 761 1794 protinus
796 1695 907 1768 iniicit
940 1695 1042 1768 fratri
1075 1717 1240 1783 manum,
1276 1701 1313 1765 et
1346 1689 1383 1762 in

146 1806 281 1902 regiam
306 1807 486 1904 pervenit,
518 1809 753 1904 excitatisque
779 1805 987 1882 custodibus
1014 1806 1188 1902 corporis,
1220 1801 1268 1874 ad
1294 1800 1384 1871 salu·

95 1932 129 1982 22
147 1925 222 1990 tem
252 1918 346 2016 regis
378 1919 575 2016 pertinere,
617 1943 708 2016 quae
740 1919 902 2006 afferret,
937 1917 1100 1990 affirmat.
1152 1913 1201 1988 Et
1231 1923 1384 2011 tempus,

147 2053 218 2124 quo
243 2038 433 2118 venerant,
469 2039 507 2101 et
531 2029 653 2101 vultus
680 2027 777 2102 haud
804 2051 889 2100 sane
915 2027 1030 2100 securi
1056 2026 1164 2100 animi
1188 2023 1314 2114 index,
1350 2034 1387 2096 et

146 2139 326 2212 maestitia
360 2163 379 2210 e
415 2137 555 2211 duobus
597 2138 759 2228 alterius,
798 2136 1042 2211 Ptolemaeum
1085 2162 1127 2210 ac
1161 2135 1386 2209 Leonnatum

149 2249 368 2322 excubantes
401 2245 448 2319 ad
481 2249 632 2322 cubiculi
656 2249 764 2322 limen
790 2249 1048 2323 excitaverunt.
1099 2246 1226 2344 Itaque
1253 2247 1385 2346 apertis

149 2358 305 2450 foribus,
331 2368 368 2431 et
392 2357 525 2432 lumine
550 2360 664 2450 illato,
683 2361 855 2459 ¹sopitum
880 2385 979 2435 mero
1006 2384 1048 2433 ac
1074 2383 1199 2432 somno
1227 2358 1387 2432 excitant

149 2493 281 2567 regem.
332 2468 395 2543 Ille
421 2470 592 2568 paulatim
617 2481 738 2544 mente
763 2472 928 2562 collecta,
955 2469 1039 2570 quid
1065 2471 1248 2558 afferrent,
1281 2469 1387 2540 inter·

102 2599 134 2648 aa
153 2589 268 2678 rogat.
326 2579 400 2654 Nec
435 2592 622 2655 cunctatus
657 2579 900 2681 EuiylochuS,
939 2608 1012 2656 non
1045 2605 1093 2654 ex
1127 2591 1206 2656 toto
1241 2579 1387 2653 domum

152 2717 254 2765 suam
286 2693 443 2766 aversari
476 2691 562 2766 deos
595 2692 704 2786 dixit,
745 2695 828 2793 quia
861 2695 971 2768 frater
1002 2693 1131 2790 ipsius,
1174 2713 1390 2789 quamquam

150 2803 298 2901 impium
333 2804 469 2878 lacinus
502 2829 611 2877 ausus
643 2805 754 2895 foret,
796 2815 917 2877 tamen
952 2813 989 2876 et
1021 2801 1277 2901 poenitentiam
1312 2800 1388 2872 eius

151 2925 283 3013 ageret,
311 2925 348 2986 et
372 2938 438 3013 per
463 2939 502 2990 se
527 2915 753 3013 potissimum
778 2914 1007 3012 profiteretur
1028 2901 1209 2986 indicium.
1251 2909 1294 2983 In
1311 2933 1391 2983 eam

152 3139 202 3186 tat
236 3129 362 3185 Proxime
386 3129 487 3186 mandit
512 3129 624 3186 Flor.C
647 3130 676 3185 in
699 3149 752 3203 quo
788 3129 885 3186 obiecit
910 3129 962 3185 dici
988 3128 1094 3201 quidem
1119 3128 1234 3199 aliquam
1264 3143 1320 3181 iem
1345 3141 1392 3195 cpe

152 3209 243 3255 tamen
264 3207 305 3253 est
332 3203 530 3279 devoraverunt,
557 3199 610 3254 GH
631 3200 753 3255 Bem.B
788 3203 930 3267 devorare,
966 3217 1020 3252 non
1050 3200 1136 3278 ipsam
1161 3214 1233 3276 spem
1259 3198 1392 3276 deuorare.

152 3286 207 3322 non
223 3268 302 3340 longe
319 3269 469 3334 dnoedunt,
499 3269 545 3322 sed
562 3277 591 3322 et
607 3269 658 3339 ipsi
680 3272 754 3324 devo·
788 3268 859 3324 Nam
876 3266 1016 3322 translatio
1033 3275 1114 3320 etlam
1130 3275 1229 3322 castior
1246 3281 1277 3319 ac
1292 3261 1392 3335 simpli-

153 3347 275 3392 racemo!
292 3346 321 3391 et
336 3345 476 3410 praeterea
491 3339 583 3392 mentis
603 3343 668 3402 (non
684 3356 754 3392 mac·
788 3337 845 3392 cior
860 3337 893 3391 fit
910 3337 959 3390 hac
975 3334 1085 3390 ratione.

153 3409 204 3474 tes)
220 3405 355 3460 exhibent
389 3405 423 3459 In
444 3405 562 3477 pluribus
582 3408 754 3477 praeterhac
824 3409 847 3474 ξ.
868 3413 909 3461 19.
947 3407 1021 3460 Dato
1043 3405 1155 3474 unquis
1173 3433 1208 3445 —-
1224 3401 1390 3466 collaudatis,

152 3475 296 3529 vametates
313 3475 394 3529 etiam
428 3492 488 3529 uam
506 3473 679 3542 desideratur,
697 3475 754 3529 Pal.
789 3476 870 3546 quod]
906 3472 991 3530 Omisi
1013 3482 1073 3526 sunt
1096 3472 1169 3553 quod
1189 3470 1270 3540 vulgo
1293 3468 1392 3540 legitur

156 3543 281 3598 1Voss2
300 3543 371 3597 Flor.
428 3581 434 3595 .
462 3541 516 3595 Sed
529 3542 662 3597 breviores
677 3544 756 3597 etiam
790 3547 853 3598 dcta
874 3553 934 3597 sunt
955 3543 1079 3612 singulis,
1102 3559 1174 3594 iussu
1191 3539 1267 3593 codd
1286 3546 1391 3592 nostro·

154 3619 184 3662 et
200 3612 233 3664 ad
246 3611 334 3690 ipsam
350 3611 490 3664 veritatem
506 3609 614 3682 propius
628 3613 756 3666 acceden-
789 3630 847 3664 rum
866 3612 947 3664 Bem.
965 3611 990 3662 A
1008 3609 1029 3662 F
1031 3609 1078 3663 lor.
1096 3605 1267 3687 ABDGIet
1282 3615 1391 3661 auctore

154 3685 197 3731 tes
226 3677 363 3748 sigeberg.
386 3678 460 3730 Leid.
473 3680 583 3758 'Vosal
612 3678 686 3733 Flor.
704 3680 755 3733 AB
789 3679 890 3760 Modip,
909 3695 966 3759 pon
984 3677 1043 3756 sinc·
1057 3695 1117 3730 mss.
1135 3675 1172 3730 sic
1188 3677 1302 3756 edituro.
1337 3673 1392 3728 Sed

155 3747 756 3894 ttt'tltttttslttttttttwtt
791 3742 1392 3891 tltttttttttff‘ttttttstuttg

156 3897 302 3964 comaxens
332 3889 430 3963 enatet
460 3878 526 3932 illud
551 3883 623 3960 quod
649 3881 757 3962 Curtius
791 3881 854 3935 ferri
879 3880 952 3936 nullo
978 3889 1057 3950 pacto
1082 3887 1172 3959 potest
1197 3886 1226 3933 et
1252 3878 1393 3933 venumda

155 3953 260 4006 videtur
276 3949 401 4016 voluisse,
426 3949 550 4030 quodque
571 3948 633 4002 olim
649 3950 757 4004 Modius
791 3959 832 4004 est
850 3968 898 4020 que
915 3967 949 4002 ex
962 3965 994 4002 eo
1007 3947 1078 4019 quod
1095 3955 1215 4029 sequntur
1266 3950 1302 4002 ccl
1317 3964 1393 4018 prae·

31 4021 44 4046 '
154 4019 182 4074 in
203 4019 273 4100 notis
291 4027 319 4073 et
335 4018 478 4099 dcidnbua·
481 4016 640 4138 probarunt,
684 4036 757 4072 nam-
792 4035 881 4089 gresso
898 4015 1025 4096 vocpbulo
1044 4017 1199 4096 adhaesisse:
1257 4015 1393 4095 tomitti-

156 4106 234 4159 quam
251 4088 296 4170 ¹¹¹⁰.
315 4087 419 4158 quidem
436 4087 479 4140 edi
498 4091 556 4138 erat
589 4103 650 4140 uum
666 4037 757 4142 dama·
791 4095 836 4140 tur
858 4089 928 4158 quod
948 4103 974 4138 m
991 4085 1071 4138 Bern.
1088 4085 1122 4140 B.
1157 4084 1243 4138 Abam
1264 4093 1394 4138 rationem

155 4175 205 4211 nae
217 4167 310 4211 mentes
327 4155 549 4237 copcupc'scentice
563 4104 756 4237 obscuraverunt.
791 4154 886 4235 inierat
893 4152 999 4234 Medius
1012 4171 1070 4208 cum
1086 4155 1179 4234 ederet
1192 4153 1392 4222 collaudatque,

156 4222 572 4360 {scintillant
587 4222 758 4346 illudit
791 4221 1394 4367 tumultuabantflutas

157 4363 323 4418 membranae
340 4361 438 4432 Modii,
462 4369 568 4440 tantum
585 4361 657 4432 quod
673 4359 701 4415 in
719 4361 759 4416 hia
809 4363 983 4442 uthncqinta
1013 4363 1132 4414 sestertio
1163 4357 1218 4440 sive
1244 4362 1295 4410 500
1321 4371 1394 4436 aupes

158 4427 758 4567 lldc'libiiimddctrddaeobtsntaibmd‘uodlellmlnbbl
794 4499 846 4554 duo
862 4425 1325 4568 ldlcnnlbmlsuiclriqiiiiiqdichilnl’liiisl²5
1339 4439 1394 4480 m

1175 4579 1222 4632 26'
