3254 5292
514 385 564 434 ns
591 382 717 436 orsrrs
743 381 852 432 lanx.
879 381 929 450 rv,
956 377 999 431 cs.
1322 361 1392 433 131

155 572 374 670 expleverat.
426 566 506 640 Hoc
539 564 648 639 modo
679 564 845 640 instructi
877 562 1001 636 decem
1036 562 1153 636 stadia
1186 563 1397 667 procedunt,

153 683 312 778 iussique
339 679 544 767 subsistere,
572 680 699 751 armati
724 682 866 756 hostem
893 675 1142 772 expectabant.

103 814 136 862 14
235 788 460 864 ‘Alexandri
486 789 682 862 exereitum
709 815 839 887 pavor,
873 787 972 858 cuius
1008 811 1116 858 causa
1140 811 1214 857 non
1240 786 1446 876 suberatdd

155 902 305 976 invasit:
343 901 475 998 quippe
508 899 685 998 lymphati
711 899 892 998 trepidare
918 905 1127 992 coeperunt,
1155 895 1313 967 omnium
1338 922 1397 993 pe·

156 1025 259 1086 ctora
303 1010 443 1083 occulto
485 1019 585 1082 metu
628 1021 868 1107 percurrente.
941 1005 1039 1080 Coeli
1078 1006 1196 1102 sulgor
1236 1009 1397 1104 tempore

157 1122 296 1197 aestivo
332 1119 473 1194 ardenti
509 1118 631 1212 similis
664 1121 875 1194 internitens
907 1117 999 1215 ignis
1034 1116 1200 1213 praebuit
1234 1117 1398 1214 speciem,

158 1235 391 1329 flammasque
418 1255 464 1302 ex
489 1227 599 1302 Darei
626 1232 751 1304 castris
780 1230 983 1330 splendere,
1018 1227 1119 1300 velut
1135 1225 1238 1299 ,illati
1263 1213 1399 1300 temere

107 1362 139 1412 15
158 1343 355 1442 praesidiis,
382 1338 585 1413 credebant.
639 1338 775 1430 Quodsi
802 1339 973 1440 perculsis
999 1335 1186 1426 Mazaeus,
1213 1339 1273 1434 qui
1298 1328 1399 1435 prae-

160 1453 300 1526 sidebat
331 1453 464 1541 itineri,
500 1451 782 1546 supervenisset,
818 1454 944 1549 ingens
977 1447 1095 1521 clades
1123 1447 1235 1544 accipi
1260 1449 1396 1545 potuit:
1434 1501 1438 1510 .

158 1583 264 1653 nunc,
291 1562 462 1635 dumille
489 1561 608 1658 segnis
643 1563 681 1634 in
707 1589 750 1636 eo
778 1587 884 1660 quem
915 1569 1155 1657 occupaverat
1181 1558 1319 1630 tumulo
1347 1583 1399 1632 se-

108 1694 141 1742 ro
161 1673 233 1764 det,
260 1683 450 1747 contentus
476 1696 550 1744 non
575 1673 711 1764 lacessi,
738 1670 955 1760 Alexander,
970 1668 1112 1766 cognito
1138 1692 1273 1765 pavore
1300 1694 1400 1741 exer-

162 1786 271 1876 citus,
298 1784 440 1881 signum
466 1795 505 1855 ut
533 1783 770 1856 consisterent
796 1783 891 1872 dari,
927 1791 1010 1852 ante
1041 1781 1138 1878 ipsos
1167 1803 1266 1853 arma
1293 1778 1400 1876 depo-

161 1917 248 1968 nere
282 1919 325 1967 ac
355 1894 476 1966 levare
512 1917 677 1990 corpora,
718 1895 832 1985 iubet,
873 1891 1084 1979 admonens,
1120 1889 1255 1961 nullam
1278 1881 1400 1960 ¹subiti

111 2024 142 2071 1⁷
162 2029 308 2077 causam
334 2027 413 2076 esse
438 2005 595 2093 terroriS,
609 1989 750 2077 hostem
775 2003 901 2101 procul
927 2017 1032 2073 stare.
1073 1997 1233 2071 Tandem
1259 2023 1401 2096 compo-

162 2123 219 2187 tes
246 2115 301 2186 sui
326 2115 460 2211 pariter
486 2114 586 2188 arma
611 2125 649 2186 et
674 2117 811 2187 animos
836 2135 1019 2208 recepere:
1047 2135 1114 2182 nec
1139 2109 1328 2206 quicquam
1355 2135 1402 2183 ex

164 2226 412 2320 praesentibus
448 2226 560 2298 tutius
595 2226 712 2297 visum
744 2236 814 2315 est,
859 2247 967 2321 quam
998 2220 1125 2294 eodem
1160 2221 1240 2292 loeo
1284 2231 1403 2294 eastra

113 2353 148 2403 rs
167 2335 315 2406 munire.
366 2335 516 2408 Postero
550 2335 607 2408 die
642 2334 825 2425 Mazaeus,
858 2335 918 2431 qui
950 2358 1031 2406 cum
1065 2331 1210 2404 delectis
1243 2333 1402 2427 equitum

165 2499 257 2552 abiens
279 2511 375 2554 centnm
402 2511 426 2553 et
450 2511 548 2554 centum
574 2503 658 2555 millia
676 2502 766 2555 habet.
801 2502 848 2554 sed
864 2499 975 2553 insecuti
997 2498 1022 2551 ei
1044 2515 1099 2550 non
1138 2503 1264 2550 aruerunt
1282 2497 1316 2548 de
1333 2496 1402 2549 enti-

164 2567 270 2632 Quodsi
295 2568 445 2622 coniectura
468 2570 609 2637 utendum,
638 2569 660 2623 si
682 2573 766 2624 decies
800 2587 913 2640 quorum
930 2567 1061 2621 editorum
1082 2515 1135 2620 rell
1151 2566 1210 2618 'one
1233 2564 1403 2632 somniantes,

164 2647 270 2690 centena
289 2638 361 2690 arilia
380 2636 521 2707 scripseris,
540 2637 623 2708 ipsam
637 2638 766 2708 pedestris
800 2656 914 2758 <porum
944 2654 993 2690 nos
1019 2644 1066 2688 aut
1092 2654 1118 2688 m
1146 2651 1188 2687 am
1214 2634 1349 2686 fortunam
1375 2631 1404 2686 in
1434 2658 1437 2663 ·

164 2705 295 2758 exercitus
312 2723 456 2770 summam,
484 2721 552 2775 quae
570 2714 610 2758 est
627 2707 698 2776 apud
714 2709 767 2759 Ar·
801 2705 928 2776 eigendis
951 2703 1029 2758 bonis
1058 2721 1118 2757 mss.
1142 2709 1189 2755 aut
1215 2701 1404 2772 negligentiam

163 2773 229 2827 rien.
247 2787 298 2839 111,
323 2779 338 2827 8
365 2773 490 2842 habebis;
508 2774 633 2844 'equitum
657 2773 701 2827 ille
726 2789 766 2826 xa
800 2793 856 2827 non
890 2790 1028 2843 possumus
1060 2789 1115 2824 non
1150 2787 1278 2824 acnmare.
1322 2770 1404 2823 Nunc

163 2839 235 2894 milia
252 2841 331 2894 fuisse
348 2841 440 2895 trudit.
801 2857 890 2895 autem
913 2859 963 2910 pro
991 2837 1157 2892 adversativa
1185 2837 1315 2908 particula
1340 2844 1404 2906 post

199 2909 265 2979 Cap.
289 2917 340 2976 46,
373 2913 396 2978 §-
422 2916 461 2961 14.
489 2910 556 2963 velat
580 2911 650 2962 illati
676 2919 768 2962 temere
801 2909 985 2963 condicionem
1002 2907 1117 2976 aliquam
1134 2906 1150 2958 i.
1167 2922 1190 2958 e.
1203 2914 1271 3023 post
1288 2904 1404 2974 particu-

157 2979 325 3046 prcesidiic,
350 2977 367 3029 i.
386 2993 409 3029 e.
447 2977 503 3030 ussi
527 2976 572 3046 qui
589 2977 671 3030 Darei
688 2995 719 3030 oo
736 2977 768 3031 iis
801 2977 854 3030 lam
872 2979 897 3029 si
915 2975 989 3046 poni,
1008 2975 1087 3028 etium
1104 2973 1190 3026 lexiea
1221 2980 1404 3025 ocentetusu

164 3045 243 3098 cincti
261 3053 356 3098 essent.
391 2994 474 3097 Ndlo
493 3043 555 3097 loco
572 3044 632 3115 plus
649 3044 704 3097 vidi
719 2997 768 3097 ba·
801 3043 906 3114 vulgari
923 3049 1041 3107 constat,
1074 3040 1204 3112 Imprimis
1227 3040 1287 3092 vide
1305 3039 1405 3094 Hundii

165 3111 335 3165 riolationum
357 3113 428 3183 apud
445 3113 601 3192 interpretes
620 3131 699 3183 quam
716 3113 768 3166 hoe
803 3111 916 3166 Tursell.
935 3111 1013 3163 Tem.
1032 3123 1063 3162 1v
1080 3128 1105 3181 p.
1124 3115 1183 3163 840.

167 3181 769 3303 ddalrabldbbrddffldrdldonlrserepwrldceddiiibdds
823 3211 862 3286 ·§'
883 3213 937 3284 ω’·
958 3214 1018 3258 ⁰⁷²oe
1035 3205 1117 3272 im]
1153 3204 1222 3255 Am
1239 3201 1313 3280 quod
1330 3200 1406 3279 addi·
1508 3180 1511 3188 '

166 3324 266 3370 aare
283 3316 427 3382 vincens,
444 3317 540 3369 nasta.
575 3316 702 3384 uernae,
721 3317 769 3370 al.
804 3272 1104 3394 fflbffltfflm‘smk·
1122 3279 1150 3392 ἳξ
1167 3287 1218 3391 ‘2ss3
1227 3269 1406 3392 ,ffm‘ffi

167 3383 255 3438 dinam
277 3401 294 3437 a
319 3385 391 3454 vulg.
413 3385 527 3438 lectione
546 3385 697 3454 dissentire,
721 3403 770 3440 nec
803 3359 836 3464 ἕο
858 3358 1053 3464 οηᾞὲἒωω’
1072 3348 1165 3412 estqe

165 3452 658 3519 eoca.aem.as10r.‚nssinsm
676 3453 720 3505 va
757 3487 768 3497 .
820 3429 857 3483 Pl
890 3506 917 3517 ,,
1262 3501 1267 3514 ,

164 3521 238 3574 ribus
259 3530 290 3574 ut
318 3521 362 3573 alii
390 3521 507 3573 habeant
530 3523 607 3574 inlati
631 3521 675 3574 alii
698 3525 718 3574 il
730 3524 769 3574 uti
836 3506 921 3584 mm,
947 3520 1060 3584 mmm,
1081 3519 1137 3554 ³³⁸⁸
1172 3503 1291 3580 ΜΓαΐω]
1333 3497 1406 3579 M⁸l0

164 3588 210 3641 gffi
236 3588 314 3641 etiam
341 3591 415 3656 elati,
448 3589 503 3641 ΗΠΒ
547 3597 667 3642 ,aetem
688 3589 716 3642 in
738 3606 768 3642 ω
801 3572 882 3652 uulgo
900 3583 1000 3625 umens
1019 3571 1107 3622 editur
1123 3585 1157 3622 ex
1215 3567 1335 3688 napibus
1350 3567 1405 3620 edr-

165 3663 277 3708 mutare.
313 3655 367 3709 Sed
384 3657 496 3709 Iuniana
513 3607 575 3710 edit.
595 3657 708 3710 sortasse
726 3674 767 3710 er-
801 3641 916 3719 l¹⁰¹¹¹blls
941 3656 991 3719 Pr?
1061 3646 1137 3718 tum..
1189 3638 1258 3715 ed.¹
1278 3653 1309 3689 ⁹³
1335 3635 1406 3688 unde

167 3739 230 3776 rore
254 3725 411 3793 typothetae
433 3725 515 3778 habet
532 3726 638 3793 illotas,
661 3733 689 3778 et
706 3727 768 3778 Mo·
803 3715 934 3787 ‘immi
951 3709 985 3787 (¹¹,
1075 3706 1139 3758 mllu
1156 3713 1197 3758 θη
1215 3705 1314 3771 ‘lmese’
1359 3722 1405 3758 ΠΟ·

169 3789 227 3843 dius
244 3790 277 3850 ¹in
300 3792 456 3846 membranis
478 3791 565 3845 nescio
592 3810 671 3863 quam
696 3809 767 3860 vere,
803 3794 879 3855 mam,
903 3783 987 3854 ΜΠ
1017 3782 1089 3828 W
1115 3789 1205 3826 ⁰¹¹¹¹²0⁸
1231 3781 1260 3825 el
1286 3773 1323 3826 εἴ]
1360 3789 1406 3824 ‘³¹¹'

167 3867 196 3911 a
213 3858 380 3913 vehementer
397 3860 492 3914 cubito
509 3878 573 3913 num
590 3877 665 3942 vere,
683 3861 769 3915 traca
802 3845 924 3924 beream
941 3843 1041 3895 hebent
1059 3841 1129 3913 quod
1152 3857 1208 3894 0⁸³0
1226 3841 1306 3894 atses
1324 3851 1405 3921 terro,-

165 3943 223 3980 esse
244 3929 327 3981 illatis
350 3939 442 3981 temere
460 3931 590 3998 praediis.
625 3929 696 3983 Hm0
721 3931 768 3982 ha-
800 3929 848 3972 ²7³·
884 3910 957 3991 Issffl}
974 3928 996 3991 9·
1015 3915 1048 3963 48
1067 3909 1180 3963 eandem
1198 3909 1316 3979 ⁸Ppell³t
1333 3911 1405 3963 iuli·

164 3994 569 4067 sonncspenapsmneoepa.
803 3981 1047 4050 consonantem.

200 4067 223 4132 ξ,
243 4069 284 4116 15.
320 4083 388 4118 nanc
406 4067 467 4118 darn
485 4067 529 4117 ille
546 4067 650 4185 scynis}
672 4065 768 4118 Priora
836 4069 862 4131 §-
881 4071 921 4116 17.
957 4074 980 4117 et
997 4065 1100 4117 animos
1118 4065 1245 4132 recepere]
1281 4061 1407 4132 Plerique

165 4131 218 4184 duo
236 4133 320 4185 verbs
336 4151 405 4186 nanc
423 4136 499 4200 dam,
525 4149 592 4212 quae
615 4149 631 4186 a
667 4133 767 4187 cretio·
802 4133 877 4186 codd.
904 4139 933 4185 et
958 4132 1009 4184 mei
1036 4139 1065 4184 et
1090 4131 1171 4185 Snalr.
1198 4133 1326 4200 recepere,
1359 4129 1406 4183 sed

164 4215 225 4252 nem
243 4201 452 4254 connectendam
468 4217 582 4254 maxime
599 4201 715 4268 faciunt,
739 4201 767 4254 in
801 4209 875 4254 recte
901 4199 966 4252 editi
988 4199 1048 4253 libri
1074 4207 1103 4253 et
1128 4199 1200 4252 Flor.
1225 4197 1292 4266 BG,
1319 4213 1405 4269 neque

165 4268 236 4338 vulg·
258 4268 419 4322 editionibus
450 4269 560 4336 desum,
591 4268 709 4340 quamvis
725 4269 768 4339 ‚le-
801 4269 871 4322 enim
889 4268 1013 4323 describit
1030 4269 1076 4321 sed
1089 4267 1209 4338 procedit
1223 4267 1317 4321 oratio.
1335 4269 1405 4320 Item

165 4345 264 4406 guntur
287 4336 315 4389 in
339 4337 461 4392 omnibus
479 4337 556 4392 codd.
575 4336 673 4391 nostris
691 4345 719 4390 et
736 4337 767 4392 iis
801 4337 932 4391 Mazaeus
955 4338 1000 4406 qai
1025 4344 1098 4390 recte
1119 4343 1183 4406 post
1203 4335 1303 4390 Aldum
1329 4332 1403 4401 editi,

166 4421 232 4524 puos
255 4404 338 4458 Snak.
356 4407 478 4459 contulit.
501 4406 534 4458 ln
550 4405 668 4476 margine
686 4405 768 4458 habet
801 4405 893 4476 scripti
919 4403 1004 4458 nostri
1031 4404 1135 4474 quidem
1158 4411 1187 4458 et
1210 4404 1291 4459 Snalr.
1313 4417 1403 4460 omnes

181 4471 256 4528 unius
274 4481 302 4527 et
318 4473 347 4526 in
358 4481 463 4528 tartum
470 4482 640 4529 revocaverat
649 4473 782 4541 Modica·
801 4483 907 4544 praeter
923 4472 998 4530 Leid.
1019 4472 1147 4527 omittunt
1164 4477 1218 4542 qai.

1180 4547 1214 4608 94
