3270 5290
550 399 599 450 nu
626 395 753 450 ousrrs
779 397 888 448 anax.
914 352 1020 465 v,'ar.
1160 447 1165 452 ,
1327 375 1459 447 2211

160 586 331 684 sequitur.
382 604 425 656 u1
450 581 562 658 ferme
588 581 684 655 milia
716 579 920 654 resistentia
946 579 1062 652 occisa
1088 569 1191 670 sunt,
1226 579 1403 678 reliquum

158 721 288 795 agmen
315 691 494 794 pecudum
519 717 620 768 more
644 692 820 766 intactum
846 691 1036 790 agebatur,
1061 689 1208 764 iubente
1233 714 1334 788 rege,
1361 699 1403 764 ut

105 827 141 876 ao
158 805 329 881 caedibus
362 804 612 880 abstineretur.
671 801 785 878 Nemo
818 803 1043 902 captivorum
1075 811 1168 891 erat,
1209 801 1269 898 qui
1304 825 1403 875 mon·

158 931 274 993 strare
299 915 410 991 Darei
435 915 640 992 vehiculum
665 925 804 1014 posset:
831 913 970 1012 singuli,
996 922 1039 986 nt
1064 936 1227 1009 quaeque
1253 911 1403 1012 prende·

155 1039 246 1119 rent,
272 1028 535 1118 scrutabantur,
562 1051 629 1101 nec
654 1037 776 1100 tamen
801 1026 914 1098 ullum
949 1024 1141 1123 vestigium
1166 1025 1273 1121 fugae
1299 1023 1395 1122 regis

105 1159 141 1208 21
163 1138 322 1214 extabat.
373 1137 620 1212 Festinantem
653 1135 903 1210 Alexandnnn
938 1135 1001 1208 vix
1026 1135 1096 1208 tria
1122 1135 1218 1208 milia
1244 1135 1404 1231 equitnm

158 1260 348 1349 persecuta
373 1259 467 1324 sunt.
512 1249 565 1322 At
589 1249 627 1322 in
654 1273 725 1339 eos,
752 1247 812 1345 qui
838 1245 971 1323 lentius
995 1245 1247 1343 sequebantur,
1274 1245 1404 1318 incide·

105 1379 142 1430 aa
161 1362 250 1435 bant
274 1363 444 1436 universa
469 1359 681 1457 fugientium
708 1358 858 1458 agmina.
900 1356 975 1430 Vix
1001 1356 1168 1432 credibile
1194 1355 1302 1448 dictu,
1328 1356 1409 1456 plu·

159 1497 217 1546 res
245 1472 389 1571 captivi,
416 1497 525 1569 quam
550 1471 611 1568 qui
637 1479 816 1568 caperent,
844 1480 962 1543 erant:
988 1468 1080 1544 adeo
1097 1493 1241 1543 omnem
1258 1493 1404 1542 sensum

160 1584 293 1658 territis
329 1584 475 1657 fortuna
509 1582 652 1680 penitus
688 1591 912 1671 excusserat,
945 1592 986 1654 ut
1011 1605 1078 1654 nec
1103 1579 1260 1654 hostium
1286 1581 1404 1679 pauci·

160 1703 292 1786 tatem,
317 1719 384 1770 nec
410 1692 674 1768 multitudinem
701 1717 804 1766 suam
829 1693 917 1766 satis
943 1702 1140 1768 cemorent.

106 1823 141 1872 2³
263 1803 411 1880 Interim
437 1806 607 1896 iumenta,
634 1829 725 1904 qnae
738 1803 897 1878 Dareum
923 1804 1115 1894 vehebant,
1128 1805 1227 1875 nullo
1254 1801 1453 1902 regente38

161 1911 390 1992 decesserant
415 1916 557 1990 militari
583 1915 661 2008 via,
688 1925 726 1989 et
752 1938 873 1988 errore
899 1914 1020 1988 delata
1045 1939 1110 2014 per
1136 1925 1307 2012 quattuor
1334 1922 1404 1986 sta·

161 2023 235 2116 dia,
267 2027 305 2100 in
331 2027 487 2126 quadam
513 2028 607 2100 valle
634 2027 884 2117 constiterant,
920 2035 1023 2100 aestu
1049 2026 1224 2124 simulque
1249 2023 1403 2100 vulneri·

106 2155 142 2203 24
160 2137 228 2210 bus
262 2139 421 2238 fatigata.
473 2136 583 2212 Hand
614 2138 739 2236 procul
772 2147 849 2209 crat
879 2137 976 2228 fons,
1009 2134 1057 2210 ad
1090 2162 1196 2236 quem
1229 2144 1403 2210 monstra·

160 2257 238 2321 tum
265 2250 437 2350 aperitis
468 2249 697 2350 Polystratus
732 2247 882 2322 Macedo
918 2247 977 2320 siti
1008 2260 1208 2323 maceratus
1235 2243 1402 2335 accessit3

161 2382 204 2433 ac
230 2357 318 2433 dum
342 2351 445 2460 galea
471 2360 638 2433 haustam
664 2383 794 2457 aquam
821 2359 952 2451 sorbet,
980 2360 1053 2432 tela
1078 2361 1318 2434 iumentorum
1344 2356 1404 2431 de-

107 2485 142 2535 as
161 2467 356 2545 ficientium
382 2471 591 2570 corporibus
617 2471 729 2544 infixa
755 2471 952 2569 conspexit.
991 2469 1212 2571 Miratusque
1238 2471 1405 2546 confossa

160 2581 280 2677 potius
306 2606 414 2679 quam
441 2582 569 2655 abacta
595 2606 683 2673 esse,
711 2583 874 2657 semivivi
900 2582 922 2627 ¹⁵
948 2582 971 2627 ¹*
997 2583 1019 2628 ¹⁵

128 2819 137 2832 .
164 2779 286 2850 niominis
310 2781 437 2853 gemitum
458 2782 576 2856 percipit
612 2783 707 2855 Itaque
731 2799 805 2836 more
827 2783 927 2854 ingenii
950 2783 1057 2838 humani
1078 2783 1189 2854 cupidus
1206 2781 1324 2849 visendi,
1343 2779 1407 2852 qnid

162 2856 202 2910 rei
225 2857 347 2913 vehiculo
369 2857 423 2913 isto
447 2861 623 2934 conderetur,
647 2859 754 2915 dimotis
776 2860 902 2930 pellibus,
925 2859 1020 2930 quibus
1043 2860 1179 2914 obtectum
1201 2867 1271 2926 erat,
1289 2858 1407 2912 Dareum

162 2934 252 2988 multis
274 2934 428 2990 vulneribus
451 2937 604 2992 confossum
625 2936 753 3008 repperit.
788 2935 891 3007 Regius
913 2935 983 2990 enim
1001 2935 1099 3004 cultus,
1121 2943 1149 2988 et
1170 2951 1267 2988 aureae
1287 2941 1407 2997 catenae,
1502 2933 1505 2938 '

166 3009 224 3079 quis
247 3027 263 3062 a
285 3011 423 3080 parricidis
444 3012 549 3068 vinctus
576 3015 677 3082 fuerat,
704 3013 899 3067 dubitationem
927 3011 1088 3066 eximebant
1132 3012 1197 3065 Non
1224 3018 1283 3064 erat
1309 3024 1407 3078 expers

166 3085 264 3138 Graeci
286 3088 414 3142 sermonis
433 3088 551 3158 Dareus3
575 3090 728 3162 gratiasque
747 3091 847 3161 agebat
869 3089 934 3157 diis,
958 3087 1003 3160 qui
1020 3097 1084 3158 post
1100 3095 1176 3141 tanta
1192 3088 1276 3155 mala,
1299 3095 1407 3156 tamque

167 3159 268 3232 gravia,
286 3162 338 3217 hoc
355 3173 446 3219 tamen
463 3165 636 3222 indulsissent
653 3166 758 3236 solatii,
777 3185 811 3220 ne
829 3165 938 3221 omnino
956 3165 985 3219 in
1002 3163 1146 3219 solitudine
1164 3171 1312 3219 extremum
1329 3160 1408 3232 spiri·

200 3345 226 3408 s.
244 3349 285 3397 20.
320 3355 349 3398 ut
375 3363 491 3418 quaeque
516 3350 693 3416 prenderent,
711 3346 728 3400 i.
747 3363 770 3400 e.
806 3345 975 3400 caeme-
994 3362 1116 3416 qvemqne
1128 3347 1292 3415 prenderent
1309 3342 1410 3396 habent

165 3409 326 3491 Macedones
349 3431 399 3483 pro
422 3431 451 3467 ee
468 3415 579 3486 quisque
597 3415 619 3468 si
638 3416 708 3486 qnod
725 3432 770 3468 re·
804 3414 875 3468 Flor.
893 3387 992 3481 BFGl,
1010 3431 1131 3485 quemque
1144 3416 1305 3483 prenderent
1320 3409 1407 3465 Pall

165 3479 282 3532 haculum
299 3483 471 3550 prenderent,
497 3483 615 3537 studiose
637 3483 771 3555 perquire·
805 3483 827 3536 F
830 3483 877 3538 lor.
903 3482 945 3551 D,
968 3500 1091 3554 quemque
1108 3484 1250 3552 prenderet
1272 3498 1288 3534 a
1330 3499 1352 3534 r.
1374 3497 1411 3532 m.

166 3548 240 3627 bant.
284 3547 340 3602 Sed
376 3549 571 3604 coniunctivum
601 3553 709 3606 modum
744 3553 772 3605 in
805 3552 877 3605 Flor.
894 3551 932 3620 E,
955 3569 1077 3622 quemque
1090 3553 1281 3621 pretenderent
1325 3554 1409 3603 oss‘.)

168 3624 272 3694 actapue
301 3634 379 3698 saepe
414 3619 529 3690 repetita
564 3620 601 3674 sic
636 3620 773 3691 eleganter
806 3620 877 3699 Flor.
896 3621 937 3686 H,
962 3637 1034 3691 quem
1054 3637 1085 3673 ue
1097 3620 1270 3688 protenderet
1286 3615 1410 3670 Beruss.

167 3700 234 3754 pom
252 3684 374 3764 docurnrn
391 3705 500 3758 gramm.
519 3692 542 3757 ξ.
562 3695 620 3742 569.
638 3689 772 3742 Prendere
806 3687 897 3742 Ednio
914 3638 1067 3759 princdlll.
1082 3704 1198 3758 qaenqae
1211 3689 1411 3755 pretenderent,

168 3757 260 3831 autem
282 3761 370 3822 potrus
391 3773 468 3826 quam
481 3760 644 3826 pretendere
668 3765 773 3811 arete·
808 3755 867 3810 Iun.
899 3775 1015 3828 qtrenque
1036 3759 1249 3826 pretenderunt,
1281 3755 1355 3808 Mod.
1383 3761 1412 3806 et

169 3820 292 3901 rrbus'et
309 3823 506 3890 pronuntiatum
528 3833 557 3878 et
574 3825 700 3896 scriptum
718 3843 774 3880 csse
809 3825 889 3947 rugo
907 3841 1021 3896 quaeqae
1034 3826 1239 3894 pretenderent.

169 3889 258 3943 rdoner
281 3898 344 3943 sunt
366 3899 485 3970 auctores
507 3894 684 3964 grammatici,
709 3913 774 3964 quo·
869 3911 911 3964 ap.
930 3900 972 3960 88,
992 3897 1016 3959 s.
1034 3899 1076 3946 25.
1111 3891 1311 3959 semiriui”**]
1335 3889 1412 3944 Adii-

169 3975 230 4012 rum
247 3957 442 4014 observationes
466 3979 530 4016 exce
563 3971 605 4015 tas
627 3963 688 4016 vide
705 3982 720 4016 a
740 3964 775 4016 nd
810 3962 879 4016 citur
896 3964 1006 4015 bominis
1023 3961 1050 4014 in
1068 3961 1103 4014 ali
1124 3968 1171 4014 not
1188 3959 1262 4013 libris
1274 3957 1412 4013 deterioris

170 4026 252 4081 Conr.
272 4025 463 4108 Schneiderum
484 4031 512 4084 in
529 3981 614 4111 lllem.
632 4031 696 4102 ling.
754 4039 775 4084 t.
809 4029 935 4110 familiae,
957 4030 1079 4084 Bernss
1132 4047 1170 4083 or.
1189 4027 1292 4084 CEGH
1307 4035 1337 4108 et
1354 4027 1414 4080 edd.

169 4100 288 4217 &19¹5ss
289 4163 297 4216 i
298 4103 333 4217 pp
346 4099 475 4221 ἓξὲξ.
493 4117 555 4221 mslq
572 4117 609 4220 spo
625 4099 685 4221 serpi
697 4099 776 4154 scribi
810 4099 957 4220 petenham
981 4099 1027 4151 sed
1048 4097 1076 4152 in
1092 4099 1171 4220 lDltqr.
1192 4098 1250 4220 Alq
1269 4113 1346 4150 unms
1361 4095 1415 4217 ‘trel

170 4239 303 4301 emunt,
325 4233 386 4287 nae
409 4185 666 4317 nnlllit‘l,
683 4185 776 4305 iffi]
811 4183 1138 4316 plaludnnllcusslfriblo
1150 4182 1415 4314 plliolnllllblf

169 4317 272 4370 nosque
303 4303 376 4383 apud
408 4303 531 4357 Curtium
550 4305 605 4386 .¹¹b·
629 4321 674 4387 vn
708 4314 776 4386 extr.
810 4323 839 4359 m
856 4305 975 4377 margine
992 4306 1026 4358 ab
1043 4305 1135 4385 eadem
1152 4304 1295 4386 manased
1313 4303 1416 4381 drverso

166 4374 781 4514 transcurreremus:
811 4375 1416 4513 tttttl‘tttttltltttttttt

172 4507 263 4559 aierem
280 4507 379 4578 legitur
396 4510 423 4563 in
441 4509 516 4565 Leid.
534 4511 611 4566 Voss.
630 4521 643 4566 1
662 4512 734 4567 Flor.
751 4515 778 4566 A
812 4521 836 4565 et
849 4514 1009 4582 principium
1027 4514 1117 4582 quinti.
