3158 5294
501 399 550 450 nn
576 397 703 452 ousris
728 399 837 450 innx.
864 401 901 467 x,
928 395 952 442 r.
1265 377 1338 448 493

14 624 18 632 ,
77 605 201 681 equae
227 591 408 673 extarent,
434 581 622 656 restituere
648 581 835 656 damnetis.
889 578 962 654 Soli
988 579 1240 671 Athenienses,
1266 605 1340 654 non

110 718 194 768 suae
221 694 346 784 inodo,
380 691 444 768 sed
471 693 578 766 etiem
603 693 765 793 publices
792 690 950 766 vindices
977 689 1201 790 [libertatis],
1234 691 1340 764 collu-

13 836 16 866 τ
110 805 253 880 vionem
279 804 445 879 ordinum
470 803 653 878 hominum
687 805 771 902 quio
797 827 904 902 aegre
929 802 1109 894 ferebant,
1143 829 1217 876 non
1243 804 1340 902 regio

12 993 14 998 ,
108 918 275 1016 imperio,
306 914 372 989 sed
396 916 535 1015 legibus
561 917 791 1012 moribusque
825 913 950 1013 patriis
975 913 1052 1011 regi
1078 913 1226 1005 assucti,
1261 939 1369 1012 pro·

12 1069 13 1100 ;
76 1029 256 1102 rhibuere
282 1026 428 1117 finibus,
455 1027 575 1100 omnis
599 1027 719 1126 potius
745 1026 946 1117 toleraturi,
973 1051 1081 1123 quem
1106 1035 1342 1124 purgamento

11 1149 16 1214 ἶ·
109 1139 289 1238 quondam
314 1137 413 1212 urbis
440 1163 540 1229 suee,
566 1147 653 1211 tunc
678 1139 786 1212 etiem
812 1138 925 1228 exilii,
952 1136 1192 1210 admitterent

11 1255 14 1338 J=
74 1269 91 1319 s
211 1247 427 1340 Alexander,
454 1249 652 1325 senioribus
671 1250 822 1323 militum
839 1247 876 1320 in
902 1248 1056 1346 petriam
1079 1247 1245 1338 remissis,
1271 1257 1341 1321 tre·
1369 1250 1390 1320 8

10 1535 15 1580 ,-
109 1433 412 1558 titttlttlbt.
426 1450 492 1556 tt
509 1432 708 1570 lidii:
742 1432 1343 1580 tltttttffinttttttttttt3

108 1571 233 1626 Perditne
259 1573 390 1633 civitates,
425 1573 571 1642 desperatis
594 1572 712 1624 omnibns
743 1569 771 1623 in
796 1586 851 1622 nno
878 1569 949 1622 Flor.
976 1518 1007 1624 (i
1027 1568 1240 1640 interpunctione
1274 1569 1344 1622 iacti

107 1641 194 1707 rebus,
211 1642 257 1694 lios
274 1642 357 1695 solent
374 1639 457 1692 critas
474 1641 590 1692 exitiales
607 1639 709 1707 labne,
780 1643 805 1690 st
826 1638 990 1706 prohibuere,
1026 1637 1116 1707 Eryo
1135 1639 1244 1691 eculei
1259 1639 1343 1708 sini-

9 1765 10 1772 ,
107 1718 136 1762 at
162 1710 280 1762 domnoli
313 1710 342 1761 in
372 1709 424 1760 inte
527 1709 709 1772 restituuntur,
765 1706 973 1772 nieiicinnt,
1001 1707 1047 1759 sed
1072 1713 1220 1760 extremum
1238 1705 1344 1776 quidem

9 1777 12 1806 ³
108 1777 187 1830 vincti
203 1779 348 1840 solvuntur,
374 1792 421 1829 era
433 1792 460 1829 er
478 1779 649 1840 reducantur,
666 1793 708 1829 rei
743 1775 853 1828 verbum
870 1773 898 1827 in
914 1774 1040 1846 margine.
1075 1775 1195 1828 Eandem
1213 1774 1344 1828 rationem

8 1873 15 1900 .·
108 1847 240 1899 iudicatae
257 1847 448 1899 rescindantur,
477 1845 549 1906 Quor
566 1862 623 1898 cnm
641 1846 710 1898 occi·
742 1844 828 1897 Aldus
845 1850 873 1895 et
889 1841 977 1895 Iunius
995 1843 1079 1896 secuti
1099 1842 1237 1896 ediderunt
1253 1845 1344 1914 proli-

8 1915 10 1922 ’
108 1917 188 1980 dunt,
217 1931 290 1968 nenio
317 1921 354 1966 est
388 1914 452 1984 qnin
481 1914 608 1984 imelliqot
633 1931 709 1966 ruere
743 1913 827 1966 tuere
881 1911 970 1980 Ipitnr
994 1913 1081 1966 ceiiles
1099 1911 1203 1979 finibus
1229 1913 1344 1978 eiicinnt,

8 1988 14 2034 ἰ
107 1982 182 2036 illum
198 1983 388 2052 rempublicam.
743 1982 830 2034 omnia
848 1986 897 2032 eet.
932 1979 1000 2032 Mihi
1017 1979 1143 2033 Modiana
1167 1978 1236 2034 ratio
1261 1979 1345 2049 magis

143 2054 165 2119 ξ.
188 2057 212 2104 e.
255 2051 368 2103 vindices
395 2049 535 2120 libertatis]
589 2047 657 2101 Cum
681 2047 710 2101 iii
743 2049 879 2119 probatur,
898 2064 966 2119 quae
983 2048 1093 2102 etiamr
1140 2065 1157 2100 o
1171 2055 1281 2118 accepta
1293 2056 1344 2116 est,

7 2101 14 2150 i
108 2117 228 2174 omnibus
247 2118 324 2172 codd.
342 2125 413 2170 esset
429 2134 482 2170 non
499 2135 546 2170 iiio
563 2119 646 2184 modo,
665 2118 712 2170 red
745 2133 798 2187 qua
814 2115 900 2169 media
917 2116 962 2170 illa
979 2119 1061 2172 verbe
1086 2049 1224 2171 eddonem.
1259 2115 1344 2170 Nimi-

109 2189 189 2240 etiom
241 2187 306 2239 llice
328 2186 458 2251 vindices,
484 2193 513 2237 et
530 2186 637 2238 verbum
663 2184 710 2244 sli-
745 2201 803 2237 runi
820 2201 879 2238 cum
897 2187 983 2238 exules
1000 2183 1028 2238 iii
1049 2185 1167 2255 margine
1185 2185 1344 2255 interpreta-

8 2299 11 2311 .
111 2255 186 2335 quod
221 2269 296 2308 essse
312 2252 459 2320 rideretur,
477 2252 585 2307 Medius
602 2251 711 2308 liberta-
745 2251 824 2307 tionis
842 2269 920 2308 censs
944 2253 1104 2324 adscriptum
1129 2255 1209 2320 esset,
1235 2254 1345 2324 posthac

7 2325 11 2372 ἰ
108 2330 143 2376 tis
151 2322 262 2376 inseruit
270 2323 303 2374 de
312 2320 472 2387 coniectura,
482 2329 510 2374 et
518 2323 711 2391 sane—publi-
745 2321 852 2375 ridetnr
869 2321 948 2375 etiam
965 2323 1045 2392 ipitnr
1069 2322 1263 2376 connectendas
1286 2340 1345 2376 ora·

6 2442 10 2458 ,
109 2389 284 2445 caeoorrexit
302 2389 388 2443 Aliter
396 2388 480 2443 Aldus
495 2389 591 2461 quique
600 2407 712 2444 erimus·
745 2389 822 2444 tionis
840 2407 918 2444 muse
935 2391 1096 2445 accessisse..

6 2471 11 2488 ·
109 2476 162 2530 que
179 2460 214 2513 ed
230 2457 353 2512 Medium
370 2455 452 2512 secuti
470 2465 544 2512 sunt:
570 2477 623 2512 non
649 2476 711 2512 suae
781 2459 821 2514 Ca
839 2463 938 2528 .8,§.8.
961 2461 990 2512 in
1003 2462 1122 2530 patriam
1139 2461 1266 2528 reiniseis]
1288 2460 1344 2514 Its·

6 2555 9 2598 ζ
107 2531 182 2582 modo
207 2530 255 2581 red
280 2527 358 2580 etium
382 2528 423 2579 rei
437 2527 562 2648 publicae
587 2529 711 2581 uindices.
744 2475 1343 2649 pue,durtioauctore,duplexmilitummissio

108 2597 163 2650 Sed
180 2613 239 2650 eum
254 2595 329 2648 nulls
350 2593 385 2649 sit
400 2612 437 2665 pu
457 2593 507 2648 lice
533 2611 576 2649 res
594 2595 711 2650 Graeco·
755 2603 814 2650 scta
831 2604 879 2662 est,
897 2613 949 2650 una
967 2613 1034 2668 quae
1053 2597 1164 2669 benigne
1181 2605 1288 2668 accepts
1304 2606 1344 2651 est

108 2683 176 2731 rum,
190 2663 319 2719 Modiana
335 2662 405 2717 ratio
422 2662 514 2718 melior
530 2663 645 2731 videtur,
664 2665 712 2716 sed
746 2663 907 2729 aveteranis,
925 2665 1010 2718 alters
1027 2682 1096 2737 quse
1113 2675 1171 2719 tuni
1188 2665 1344 2720 seditionem

107 2735 218 2787 verbum
235 2731 377 2786 insiticium
394 2731 467 2784 uncis
492 2730 598 2800 inclusi,
625 2741 655 2786 ut
672 2733 711 2785 di·
745 2732 858 2786 militum
888 2733 1005 2803 seperari
1034 2733 1180 2787 nolentium
1210 2734 1343 2789 excitavit

146 2810 297 2868 osoeretur,
323 2799 345 2854 si
364 2799 422 2871 quis
439 2800 509 2854 sorte
526 2801 604 2853 aliem
621 2817 711 2854 emen·
745 2800 879 2854 Diodorus
896 2815 969 2868 xvn,
996 2802 1190 2867 memoriter,
1216 2803 1343 2856 Arrianus
1379 2819 1384 2829 ·

5 2893 6 2934 1
144 2869 190 2922 ndi
207 2867 278 2922 viam
294 2867 362 2922 inire
384 2867 484 2920 millet.
525 2867 601 2922 Dixit
621 2877 711 2922 tumen
745 2883 800 2935 vn,
824 2873 925 2922 8-12
952 2868 1037 2923 multo
1061 2869 1206 2924 accuratius
1232 2871 1266 2922 de
1291 2887 1345 2923 iius

109 2937 353 3017 similiter'Curtius
371 2954 402 3017 su
420 2953 451 2988 ra
468 2935 514 2990 lib.
531 2951 595 3004 vm,
614 2943 651 3017 ²⁰.
666 2953 710 3017 ae·
744 2945 851 3016 tantum
867 2935 989 3016 missione
1005 2938 1159 2991 turbulenta
1175 2944 1204 2990 et
1223 2947 1287 3008 post
1303 2955 1344 2992 se-

5 3039 6 3044 †
109 3007 298 3144 ruenti
312 3004 601 3152 tinemut?
615 3007 712 3153 ridi
744 3005 1344 3152 uqituiffli,

108 3141 308 3207 Macedonibus.
335 3141 507 3196 Deindecum
520 3149 620 3195 itemin
638 3141 710 3195 libris
744 3140 884 3212 plementis
905 3149 966 3214 post
990 3158 1048 3213 esp.
1061 3150 1090 3198 lt
1113 3141 1222 3196 alteram
1243 3142 1344 3197 missio·

108 3227 168 3264 mss.
186 3211 307 3265 omnibus
324 3217 394 3264 esset
411 3211 578 3264 colluvionem
595 3211 711 3263 ordinem
745 3226 805 3263 nem
826 3209 865 3263 ita
886 3209 1010 3264 describit
1030 3211 1104 3282 quasi
1125 3211 1177 3264 alia
1198 3229 1252 3265 non
1269 3222 1344 3265 ante·

109 3280 238 3333 lieniiniim
256 3280 319 3350 quin
340 3296 418 3348 oepre
429 3278 567 3348 serebant,
594 3277 710 3332 editores
745 3278 858 3332 oesserit
895 3277 966 3344 Quid
991 3295 1083 3332 verum
1109 3279 1143 3332 sit
1171 3279 1270 3348 neseio,
1297 3281 1344 3334 sed

109 3347 218 3400 alteram
243 3363 335 3401 vocem
352 3346 392 3400 ciii
418 3364 474 3400 non
499 3347 629 3400 heberent
646 3344 711 3416 quid
744 3347 819 3401 facile
840 3363 882 3400 res
908 3347 948 3402 ita
973 3347 1088 3401 ordinari
1112 3356 1214 3429 potest,
1241 3357 1271 3401 ut
1291 3347 1343 3402 iiiii

108 3415 227 3470 facerent
261 3415 431 3481 deleverunt,
467 3414 586 3469 nonnulli
619 3423 709 3469 temen
745 3415 817 3469 Susis
834 3433 882 3469 rer
904 3432 979 3470 senes
999 3426 1028 3470 et
1044 3416 1173 3470 inrihdos
1189 3415 1286 3470 milites
1304 3417 1344 3471 di·

107 3483 196 3538 verbis
213 3483 379 3554 transpositis
398 3483 435 3538 sic
448 3484 589 3538 ediderint
604 3485 710 3538 collavi·
743 3483 854 3566 miserit,
884 3493 977 3555 postes
999 3483 1053 3556 Opi
1078 3486 1113 3539 ed
1136 3485 1230 3566 Tigrin
1257 3487 1344 3540 denuo

109 3569 182 3605 onem
199 3554 342 3618 hominnm,
365 3554 480 3606 ordinem
498 3555 560 3624 quia
577 3569 652 3622 aspre
663 3553 709 3622 se·
743 3553 865 3624 selegerit
879 3571 990 3624 quorum
1001 3569 1082 3634 opere
1098 3555 1209 3624 emplius
1228 3555 1268 3607 uti
1285 3554 1344 3608 nol-

110 3621 215 3685 rebunt,
241 3618 342 3672 scilicet
363 3619 465 3691 spineti
491 3621 553 3701 quia
579 3621 710 3675 diceretur
743 3621 789 3675 let.
825 3621 893 3676 Cum
910 3622 986 3688 utris,
1005 3640 1027 3675 si
1044 3622 1141 3675 diversi
1158 3621 1343 3688 suerint,Crs-

109 3688 138 3738 in
155 3689 272 3740 ordinem
288 3689 388 3767 redipi,
405 3687 476 3741 idem
493 3689 633 3759 significari
650 3686 708 3743 solo
742 3697 815 3742 tsi-iis
836 3697 866 3742 et
886 3689 1081 3760 Polysperohon
1107 3689 1186 3743 duces
1208 3691 1236 3743 in
1253 3692 1343 3745 Mece-

109 3753 274 3808 substsntivo
291 3755 389 3807 ordene.
424 3755 479 3809 Sed
503 3757 555 3811 hoc
571 3757 710 3811 ridiculum
743 3757 848 3810 doniam
861 3757 932 3810 missi
946 3758 1008 3824 sint,
1023 3766 1199 3824 noneonstat‚
1219 3759 1344 3828 quoniam

109 3829 158 3876 est.
200 3821 286 3876 Mirer
310 3820 440 3875 neminem
466 3823 563 3877 vidisse
589 3827 710 3878 ordinmii
743 3841 775 3878 es
792 3825 1006 3905 parsOuitianae
1023 3825 1148 3879 historiae
1165 3825 1301 3882 intercidit
1314 3837 1343 3882 et

109 3889 276 3956 scribendum
294 3906 358 3944 esse.
393 3891 437 3943 An
459 3892 589 3962 duplicem
612 3890 710 3973 geniti·
743 3894 871 3966 spanus
892 3910 971 3946 unam
988 3901 1092 3946 tautum
1108 3893 1256 3948 missionem
1272 3915 1342 3950 com-

108 3977 170 4012 vum
195 3977 250 4040 non
277 3958 417 4012 tulerimt?
450 3960 491 4040 At
514 3969 632 4015 sexcenti
658 3959 710 4013 loci
743 3970 879 4015 memoret
897 3961 985 4040 UFieri
998 3960 1077 4015 etiam
1095 3969 1184 4034 potest
1200 3972 1232 4017 ut
1248 3973 1343 4046 postes

108 4035 170 4082 sunt
194 4045 239 4099 qui
265 4043 323 4081 esim
349 4034 571 4094 constructionem
596 4037 709 4095 veteres,
744 4029 842 4082 dimissi
863 4045 963 4100 priores
984 4029 1011 4084 in
1032 4029 1126 4084 itinere
1147 4041 1259 4087 assecuti
1281 4033 1342 4088 sint.

108 4096 154 4150 ubi
172 4113 240 4167 epm
256 4103 338 4163 emet,
364 4093 471 4149 minime
487 4096 516 4149 fu
537 4097 587 4150 'se
604 4099 708 4152 docent
743 4097 918 4152 Dimissoruin
938 4098 1088 4152 universum
1108 4117 1246 4154 numerum
1263 4102 1343 4154 fuisse

107 4164 185 4219 Dixit
199 4165 463 4218 autemcoltnriencm
477 4183 508 4218 or
527 4168 605 4232 inam,
619 4183 709 4239 quem-
743 4166 833 4221 decem
855 4165 926 4220 milia
948 4167 1115 4221 consentiunt
1137 4177 1269 4222 sudores:
1295 4170 1342 4223 ho-

107 4233 249 4288 idmodum
265 4231 355 4286 Livius
372 4247 412 4300 iv,
431 4239 446 4286 2
465 4236 631 4288 colluvionem
646 4253 710 4304 pen·
742 4251 802 4289 rum
827 4251 874 4289 sex
898 4234 970 4288 milia
996 4235 1120 4290 Craterus
1144 4236 1256 4292 triennio
1281 4246 1343 4309 post

108 4303 170 4356 tium
182 4303 371 4368 Romanorum,
390 4303 423 4354 de
440 4301 709 4360 sublsto'diserimine
744 4309 843 4372 (aetite
860 4307 956 4371 attt)
979 4320 1012 4356 ex
1029 4305 1094 4358 Asia
1113 4305 1142 4358 iu
1159 4303 1343 4360 Macedoniani

108 4369 238 4450 civiumst
249 4369 446 4442 inquilinorum,
464 4370 590 4425 nobilium
598 4381 627 4427 et
634 4371 709 4442 igno·
743 4371 863 4439 adduxit,
877 4371 1022 4454 Antipatro
1031 4373 1165 4496 suppetiis
1174 4373 1269 4442 ferens,
1283 4391 1342 4428 cuni

108 4438 215 4506 bilium,
233 4441 365 4494 bonorum
383 4439 564 4494 etmalorum.
743 4439 827 4510 iisque
849 4440 987 4495 victoriam
1008 4442 1043 4494 de
1087 4441 1169 4495 meeis
1189 4444 1224 4496 ed
1241 4443 1342 4497 Grano-

136 4509 294 4577 protilmcre
308 4505 423 4579 finitur]
473 4507 581 4564 Plenius
611 4509 710 4582 legitur
743 4526 805 4564 nem
831 4509 992 4580 deportavit,
1020 4517 1130 4566 sudore
1154 4509 1273 4565 Diodoro
1295 4510 1341 4566 lib.
