3270 5290
550 392 599 442 nn
628 389 755 442 ensrrs
780 391 890 440 anax.
917 391 967 460 vr,
994 389 1038 440 ro.
1337 369 1410 440 251

141 576 236 652 seed
261 599 427 649 recusare
452 598 526 645 non
553 597 670 662 ausos,
696 570 847 645 Persicis
875 582 1067 646 ornaverat
1093 571 1264 645 vestibus.
1308 569 1412 646 Pelli-

172 713 232 762 ces
258 707 329 760 ccc
355 694 393 758 et
417 707 478 774 nx,
513 682 665 757 totidem
691 691 779 779 quot
803 681 912 755 Darei
937 683 1095 772 fuerant,
1130 682 1265 778 regiam
1292 682 1412 779 imple·

171 797 270 886 bant,
297 819 385 891 ques
412 791 613 892 spadonum
637 815 775 892 greges,
802 802 839 866 et
863 792 933 890 ipsi
957 792 1144 866 muliebria
1168 793 1244 890 pati
1269 792 1413 884 assueti,

173 905 426 1002 sequebantur.

141 1037 157 1084 s
277 1009 377 1088 Heee
410 1015 502 1088 luxu
526 1023 565 1087 et
590 1013 786 1112 peregrinis
818 1014 948 1087 infecta
978 1013 1138 1087 moribus
1164 1021 1305 1086 veteres
1331 1010 1463 1084 Phi-21

173 1126 261 1224 lippi
286 1125 426 1216 milites,
452 1124 552 1198 rudis
578 1124 677 1197 natio
703 1123 751 1197 ad
778 1124 992 1221 voluptates,
1011 1125 1130 1222 pelam
1143 1121 1412 1214 aversabantur,

175 1237 332 1333 totisque
366 1236 494 1309 eastris
528 1259 621 1308 unus
648 1235 807 1308 omnium
834 1258 961 1308 sensus
988 1259 1030 1308 ao
1056 1257 1173 1308 sermo
1200 1242 1295 1324 erat,
1331 1233 1412 1330 plus

126 1364 158 1413 ιο
175 1347 346 1420 smissmn
371 1345 537 1435 victoria,
564 1369 671 1441 quam
696 1344 791 1418 bello
817 1369 897 1419 esse
923 1345 1133 1440 quaesitum.
1185 1341 1279 1414 Tum
1303 1343 1414 1416 maxi·

175 1483 233 1532 me
258 1457 353 1531 vinei
378 1456 487 1553 ipsos,
513 1453 667 1551 dedique
691 1455 813 1528 alienis
839 1455 999 1528 moribus
1026 1465 1063 1528 et
1089 1452 1266 1528 extemis:
1292 1462 1415 1527 tantae

174 1578 296 1640 morae
323 1569 496 1664 pretium,
531 1565 658 1639 domos
683 1567 786 1661 quasi
811 1567 849 1638 in
875 1565 1018 1664 captivo
1044 1565 1170 1639 habitu
1195 1587 1414 1637 reversuros.

175 1675 316 1750 Pudere
341 1677 413 1750 iam
439 1677 504 1749 sui.
539 1675 690 1773 Regem,
717 1677 820 1751 victis
847 1700 954 1774 quam
979 1675 1175 1748 victoribus
1201 1673 1415 1765 similiorem,

127 1805 225 1859 nex
248 1784 480 1860 Macedoniae
506 1787 721 1884 imperatore
746 1786 854 1860 Darei
880 1797 1049 1882 satrapen
1074 1785 1218 1858 factum.
1252 1782 1317 1857 ille
1342 1810 1416 1856 non

175 1896 320 1994 ignarus
355 1906 394 1970 et
426 1897 606 1995 principes
638 1897 833 1970 amicorum
868 1907 906 1970 et
939 1896 1137 1968 exercitum
1170 1893 1330 1990 graviter
1364 1894 1414 1964 of-

176 2005 289 2098 fendi,
337 2007 491 2104 gratiam
531 2006 745 2080 liberalitate
782 2006 957 2102 donisque
996 2027 1164 2102 reparare
1204 2005 1413 2101 temptabat.

251 2110 270 2146 δ

176 2226 259 2280 ruisse
277 2228 305 2280 ti
322 2245 438 2300 namque.
474 2229 559 2299 (Nam
575 2229 659 2284 nostri
676 2228 779 2283 oodiees
812 2227 874 2282 nni-i
891 2245 951 2282 mss.
987 2235 1073 2282 raeter
1096 2227 1166 2281 Flor.
1184 2226 1235 2280 DF
1252 2225 1310 2280 Pal.
1330 2233 1362 2293 1,
1388 2225 1418 2278 in

177 2293 259 2346 Bern.
276 2295 303 2348 A
319 2295 390 2350 Flor.
397 2297 447 2350 AB
466 2297 511 2368 qui
528 2299 637 2368 paulum
654 2298 780 2350 aberrant
814 2296 910 2367 quibus
928 2245 1037 2366 veriats
1054 2295 1159 2366 legitur,
1180 2311 1247 2365 quae
1263 2293 1342 2346 unice
1354 2310 1418 2347 vers

177 2361 278 2441 hebent
303 2363 344 2415 tii
367 2382 490 2436 nomque,
518 2366 607 2420 etsie
632 2365 708 2418 Leid.
729 2381 780 2418 neo
813 2372 860 2418 est
896 2363 1003 2417 Medius
1030 2373 1083 2416 tana
1110 2381 1167 2416 com
1193 2362 1305 2416 maxime
1322 2360 1415 2428 edidit,

176 2430 307 2510 discrepat
324 2430 401 2486 Voss.
419 2435 588 2504 tonumque.)
615 2435 660 2487 An
676 2441 779 2488 veteres
814 2433 848 2485 de
864 2431 1016 2486 coniectura
1033 2441 1173 2501 utramque
1196 2429 1337 2486 lectionem
1354 2447 1416 2484 oon-

176 2497 292 2552 edrtores
314 2499 469 2555 dubitarunt
490 2521 552 2554 num
573 2519 622 2572 pos
655 2510 780 2555 oneretur
812 2499 931 2570 iungens.

175 2584 212 2619 na
255 2571 309 2620 ue?
343 2567 517 2640 Postponitur
538 2586 603 2623 vero
637 2579 780 2640 requenter
847 2578 936 2622 tantae
958 2585 1047 2621 morae
1066 2568 1181 2638 pretium
1208 2568 1295 2620 domos
1317 2597 1353 2608 -
1374 2582 1416 2618 re-

130 2683 134 2686 ·
175 2651 226 2757 ii}
256 2635 399 2758 3113ῑο
423 2637 549 2758 000
568 2637 601 2759 1¹3
618 2637 780 2775 tratti
812 2632 1441 2772 'Sffitvdiffiffgitidiigffl

175 2742 463 2826 sueiorAlexandium
478 2745 649 2844 abodritibus
658 2774 780 2845 ἑταίροις
813 2771 915 2826 dieinae
938 2771 961 2824 si
980 2772 1053 2842 quod
1070 2770 1141 2824 eliud
1162 2787 1250 2840 egens
1288 2773 1321 2822 In
1338 2769 1415 2822 codd.

176 2906 771 2962 n
812 2839 882 2961 u
900 2838 1240 2960 0000

772 2949 779 2962 .
1332 2925 1349 2958 u

211 2974 328 3026 Persicis
364 2985 503 3028 emeretur
529 2925 660 3046 vestioffi
693 2977 721 3030 Si
738 2977 780 3030 cui
812 2925 847 3028 iri
882 2975 929 3028 lor.
947 2975 1063 3028 DEFHI
1086 2975 1167 3028 Bern.
1185 2923 1275 3027 B'eii
1308 2921 1416 3039 podpin

177 3039 265 3112 plaeet
296 3041 421 3094 continuo
452 3041 569 3112 corrigat
601 3061 660 3096 eum
685 3043 780 3098 Medio
814 3041 907 3114 uno
925 3045 1003 3095 dante
1020 3059 1099 3108 more,
1117 3043 1144 3095 in
1161 3041 1242 3095 Bern.
1259 3040 1287 3093 A
1330 3046 1412 3094 oss.1

177 3117 345 3188 oneraverat,
374 3109 475 3164 habent
509 3110 578 3163 enim
609 3111 647 3164 sio
693 3110 780 3166 lurimi
813 3129 863 3182 quo
888 3121 957 3164 tonte
980 3128 1063 3178 more,
1092 3127 1125 3162 ex
1153 3109 1227 3164 Leid.
1252 3127 1301 3179 qao
1328 3117 1416 3162 tantae

177 3176 309 3244 udemque
335 3184 429 3246 optimi
456 3177 523 3231 libri.
558 3130 693 3248 Nequed

177 3243 390 3365 000ῗὲ0
399 3240 780 3385 030ἵῖἲέᾞέἒέἘί
811 3246 1080 3368 000ρὲῗοῗοῙο
1093 3244 1416 3368 ttutttttatt

176 3379 240 3432 mihi
264 3380 370 3450 quidem
396 3399 412 3434 a
438 3381 549 3453 simplioi
570 3383 632 3437 stilo
654 3383 779 3436 historiae
812 3333 1031 3437 mirationem
1048 3383 1168 3436 deserere
1180 3379 1236 3435 ausi
1250 3389 1320 3448 sunt,
1339 3397 1415 3451 prae·

176 3447 262 3500 aliena
290 3465 346 3502 esse
368 3448 414 3503 illa
436 3449 530 3504 irrisio.
575 3451 668 3506 Solere
691 3459 779 3505 autem
812 3459 853 3504 ter
881 3449 1016 3514 Medium,
1068 3451 1095 3504 ui
1121 3469 1184 3522 quos
1210 3458 1299 3504 tantae
1326 3466 1415 3502 morae

176 3515 456 3597 rerbaistaoopfundi,
475 3519 497 3572 si
510 3518 553 3572 oui
561 3519 679 3586 dubium,
699 3521 779 3574 docet
806 3519 922 3588 pretium
931 3467 1075 3586 ediditsed
1126 3520 1202 3572 etima
1220 3517 1291 3570 unde
1308 3515 1415 3570 duxerit

177 3582 260 3636 Drak.
278 3584 313 3636 ad
329 3583 386 3638 Lrv.
401 3594 549 3652 xxxrv,10
565 3587 624 3641 init.
812 3603 866 3640 non
893 3585 1025 3642 indiesvit.
1114 3586 1202 3640 uidem
1237 3585 1413 3638 conieceram:

212 3653 236 3717 ξ.
263 3655 287 3702 8.
328 3652 438 3706 Pelliees
464 3655 538 3707 000
562 3665 586 3708 et
608 3656 673 3723 LX]
716 3655 779 3708 Hoe
811 3663 932 3708 motato
950 3672 1040 3708 more
1064 3658 1153 3710 domos
1171 3654 1250 3724 quasi
1266 3655 1295 3706 in
1312 3653 1414 3722 captivo

177 3720 235 3770 loeo
254 3733 345 3770 omnes
369 3719 429 3773 libri
451 3739 530 3774 mauu
553 3722 645 3794 scripti
671 3731 776 3778 eentum
811 3723 901 3776 habitu
918 3740 1074 3776 reversuros.

177 3785 279 3837 addunt
296 3801 422 3866 numero,
445 3803 505 3840 eum
529 3807 608 3868 mpra
625 3805 673 3856 111,
694 3798 706 3844 7
726 3801 777 3844 tre-
845 3793 869 3858 ξ.
885 3796 926 3843 11.
942 3792 1139 3870 proriam-re
1158 3793 1247 3858 arare]
1266 3787 1311 3843 sie
1322 3803 1413 3842 omnes

176 3861 266 3974 0
293 3864 431 3976 areu
444 3858 686 3979 0000
703 3858 778 3980 rt
812 3857 876 3978 0
897 3809 1241 3997 reaudire
1254 3856 1413 3980 00

176 4005 234 4042 eam
251 3963 407 4042 demiramur
428 3991 563 4071 eohortem
580 3993 615 4046 ed
633 3966 733 4047 dierum
749 3993 778 4046 in
812 3943 875 4047 iiam
948 4011 981 4048 ue
1005 3944 1074 4048 bede
1101 3993 1205 4048 dicatur
1222 3943 1313 4064 &daque
1340 3943 1413 4057 idus,

176 4073 246 4110 anno
264 4074 402 4110 numerum
418 4059 552 4112 referenti·
812 4062 883 4132 quod
899 4010 989 4132 affigo
1016 4062 1103 4115 editur
1134 4079 1305 4133 recuperare,
1332 4061 1412 4115 modo

211 4124 388 4206 Cap.2·1,§.
408 4135 431 4179 9.
467 4129 532 4181 bello
549 4145 605 4182 esse
622 4131 776 4210 quaesitum]
812 4130 884 4199 quod
909 4145 1031 4200 reparare
1054 4131 1167 4201 gratiam
1185 4149 1257 4184 suam
1276 4129 1355 4201 ipsius
1373 4129 1413 4182 in-

175 4193 238 4246 Hoe
261 4193 353 4275 ordine
377 4195 522 4250 verborum
543 4196 651 4267 optimi,
684 4197 778 4268 reliqua
811 4197 1073 4270 tellig0‚reouperare
1091 4199 1206 4253 alterius.
1231 4197 1326 4253 Gratia
1343 4197 1414 4250 enim

176 4277 232 4314 esse
250 4273 395 4330 quaesitum
413 4264 487 4330 bello,
506 4281 573 4318 unus
591 4265 662 4319 Flor.
681 4264 703 4320 0
722 4283 778 4319 esse
812 4267 1003 4321 alteriusutnus
1021 4275 1076 4334 est,
1103 4285 1150 4320 rex
1174 4266 1290 4320 desierat
1313 4282 1369 4319 esse
1386 4265 1412 4318 in

176 4330 418 4409 bello-quaesitae,
446 4333 582 4403 vulgatum
607 4335 671 4387 hello
689 4351 777 4404 quaes.
811 4335 899 4404 gratia
921 4336 991 4406 apud
1018 4335 1176 4403 exereitum,
1199 4334 1312 4406 gratiam
1339 4351 1413 4386 suam

176 4413 232 4449 esse
249 4415 277 4449 m
293 4397 367 4451 nullo
384 4416 432 4454 ms.
451 4409 498 4453 est.
811 4402 950 4471 animarat,
977 4419 1035 4456 eam
1061 4419 1184 4475 reparare
1214 4403 1352 4468 studebat,
1382 4409 1414 4453 nt

212 4467 236 4530 s.
256 4472 296 4520 10.
332 4476 384 4520 tum
410 4470 532 4536 siroaime]
575 4469 641 4524 Cum
666 4472 778 4525 maxime
811 4469 880 4524 sieut
897 4479 975 4526 antea
991 4473 1078 4542 gratia
1094 4473 1227 4527 exereitus
1244 4471 1359 4524 floreret.

690 3179 780 3232 ubium
814 3179 930 3232 efferum.
973 3177 1006 3230 In
1042 3178 1162 3232 omnibus
1192 3179 1267 3231 deest
1290 3178 1414 3246 pretium,
