3254 5292
536 407 586 457 na
614 405 740 458 cssrrs
766 405 876 456 anun.
908 407 958 476 rv,
988 404 1030 456 1⁵.
1356 391 1405 460 83

109 612 143 661 aa
164 589 417 690 Carthaginem
442 591 567 688 magis,
594 616 701 688 quarn
728 587 865 689 Tyrum
891 602 1118 664 ornaverant.
1152 587 1301 664 Sacnnn
1321 618 1405 688 quo·

161 729 241 802 que,
268 702 366 800 quod
393 700 558 799 equidem
585 699 651 774 diis
676 701 821 775 minime
847 699 947 774 cordi
971 725 1049 775 esse
1069 700 1290 792 crediderim,
1317 703 1405 774 mul·

160 817 208 888 tis
242 814 391 886 saeculis
423 813 666 887 intermissum
697 810 884 909 repetendi
915 823 1079 886 auctores
1115 811 1260 909 quidam
1292 823 1405 902 erant,

160 935 203 998 ut
236 924 412 1022 ingenuus
447 949 537 1021 puer
563 920 719 1013 Saturno
753 923 1016 996 immolaretur:
1049 921 1147 1020 quod
1181 924 1406 1021 sacrilegium

160 1036 281 1109 verius
309 1059 418 1131 quam
444 1059 586 1107 sacrum
612 1032 941 1130 Carthaginienses,
973 1061 995 1107 a
1026 1033 1271 1108 conditoribus
1297 1034 1405 1107 tradi·

159 1155 254 1237 tum,
288 1169 402 1241 usque
433 1144 480 1217 ad
505 1145 685 1218 excidium
715 1144 814 1218 urbis
841 1170 927 1218 suae
957 1146 1084 1219 fecisse
1115 1144 1292 1218 dicuntur.
1349 1144 1405 1217 Ac

160 1257 229 1332 nisi
261 1256 419 1330 seniores
454 1257 694 1346 obstitissent,
727 1279 879 1351 quorum
914 1256 1062 1330 consilio
1097 1267 1226 1330 cuncta
1252 1257 1404 1354 ageban-

159 1377 231 1458 tur,
257 1367 518 1441 humanitatem
545 1367 624 1440 dira
650 1367 856 1464 superstitio
881 1367 1036 1442 vicisset.

108 1500 144 1548 ns
271 1476 438 1552 Ceterum
470 1479 646 1552 efficacior
681 1478 779 1551 omni
809 1487 887 1550 arte
926 1479 1120 1554 necessitas
1160 1504 1233 1553 non
1272 1479 1454 1552 usitatald
1493 1541 1497 1548 .

161 1588 270 1664 modo
295 1587 483 1687 praesidia,
511 1589 575 1662 sed
602 1588 778 1685 quaedam
803 1589 912 1661 etiam
936 1615 1033 1664 nova
1058 1589 1253 1664 admonuit
1299 1587 1404 1664 Nam·

162 1727 230 1799 que
265 1699 313 1773 ad
344 1699 558 1797 implicanda
583 1700 741 1796 navigia,
775 1725 866 1796 quae
897 1727 1020 1775 muros
1055 1702 1244 1791 subibant,
1276 1700 1404 1774 validis

162 1811 341 1886 asseribus
378 1809 523 1909 [corvos
555 1819 593 1883 et
622 1811 756 1883 ferreas
787 1809 931 1908 manus]
963 1813 1204 1910 illigaverunt,
1231 1821 1289 1900 ut,
1323 1837 1404 1882 cum

161 1932 342 1996 tormento
369 1946 507 1995 asseres
532 1921 814 2020 promovissent,
849 1923 970 1995 subito
1001 1921 1133 1994 laxatis
1158 1922 1303 1994 funibus
1329 1922 1404 1993 inii·

196 2110 221 2172 5.
239 2111 281 2160 23.
361 2107 380 2158 d
400 2106 518 2174 equidem
545 2103 680 2184 aptissime
706 2102 768 2156 libri
801 2103 1008 2158 commendandi.
1036 2103 1185 2158 Schellerus
1203 2103 1359 2158 contradicit
1377 2113 1405 2158 et

161 2191 237 2241 mss.;
273 2191 291 2226 u
316 2177 317 2180 ’
342 2191 413 2226 nunc
430 2172 510 2243 vulgo
528 2173 617 2226 editur
631 2173 766 2242 quodqui·
801 2171 947 2241 genitivum
973 2171 1106 2243 postlrlat,
1133 2171 1272 2242 pueriliter
1297 2173 1405 2243 regulae

164 2245 219 2296 dem
247 2191 369 2295 alsAldc
392 2249 446 2308 est,
474 2259 505 2294 ac
531 2240 624 2295 dubito
650 2259 712 2294 num
739 2239 767 2294 in
800 2239 903 2310 vulgari
921 2242 1080 2308 adhaerens,
1103 2258 1164 2294 nam
1182 2255 1311 2296 novorum
1328 2259 1406 2312 prae-

163 2310 219 2364 ullo
236 2309 304 2362 libro
321 2328 368 2364 ms.
386 2309 522 2362 inventum
539 2309 589 2372 sit,
609 2326 767 2380 quamquam
800 2308 927 2363 aidiorum
935 2327 989 2363 non
997 2311 1166 2363 admonemus
1173 2308 1298 2380 aliquem,
1323 2310 1405 2381 uippe

164 2377 246 2432 Snalr.
264 2378 298 2430 de
315 2377 448 2431 Vossianis
471 2377 538 2431 silet.
574 2377 659 2431 Recte
677 2386 765 2431 autem
801 2394 869 2457 quae
886 2396 940 2432 non
958 2379 1010 2432 iam
1027 2395 1097 2431 nova
1114 2385 1216 2445 essent,
1241 2378 1263 2432 si
1285 2329 1404 2432 admoni-

161 2447 247 2500 Aldus
265 2445 378 2500 conexit
395 2447 465 2517 quod
482 2445 511 2500 in
528 2447 588 2500 edd.
603 2445 692 2516 primis
707 2454 766 2500 erat
799 2453 872 2500 tione
889 2455 1085 2502 revocarentur.
1104 2447 1255 2517 zeugmatis
1270 2448 1404 2527 quoddam

162 2523 190 2569 et
207 2515 342 2569 invenitur
358 2514 386 2568 in
403 2514 491 2568 multis
508 2514 594 2586 iisque
610 2515 686 2569 bonis
703 2532 764 2568 mas.
798 2531 882 2584 genus
908 2524 965 2583 est,
993 2533 1053 2569 cnm
1079 2516 1190 2568 verbum
1216 2515 1252 2568 im
1272 2515 1343 2568 nmis
1369 2516 1405 2569 ad

160 2595 310 2653 rqretentes.
346 2583 427 2636 Bcrn.
450 2584 477 2636 A
501 2600 575 2655 apr.
594 2601 674 2638 manu
691 2601 764 2653 repe·
798 2591 890 2637 vetera
906 2592 934 2637 et
952 2583 1015 2638 olim
1033 2586 1132 2638 usitata
1149 2585 1244 2653 praeci
1263 2586 1291 2636 iu
1309 2585 1405 2637 refera-

161 2662 216 2707 tene
235 2653 325 2717 babet,
344 2653 377 2704 ab
395 2651 479 2704 altera
497 2663 632 2722 repetente.
796 2659 850 2705 tur.
889 2651 975 2706 Simili
998 2653 1045 2706 sed
1068 2651 1171 2705 inversa
1196 2651 1300 2706 ratione
1325 2671 1346 2706 c
1373 2659 1403 2706 17

194 2739 276 2790 usque
294 2723 333 2774 ad
349 2722 479 2774 excidium
496 2722 570 2774 urbis
589 2723 662 2788 ncne]
687 2721 764 2775 Unus
799 2728 868 2773 extr.
881 2731 1074 2791 praeceperant
1091 2720 1206 2792 ponitur.

162 2788 344 2842 Tertullianus
361 2787 390 2841 in
407 2788 573 2860 apologetico
590 2807 612 2843 c
631 2793 647 2844 9
665 2788 763 2842 diutius
832 2806 922 2842 coruos
944 2808 977 2842 nc
991 2792 1102 2860 ferrens
1129 2807 1223 2843 manus
1247 2808 1304 2844 caen
1327 2792 1404 2844 uncie

160 2857 240 2911 etiam
254 2866 282 2910 et
295 2857 384 2928 palam
401 2874 483 2926 usque
500 2860 538 2910 ud
571 2859 764 2911 recensuissem
798 2859 961 2978 ccgnlcibus
1007 2858 1098 2910 Verba
1115 2857 1180 2911 haec
1197 2875 1214 2909 a
1231 2858 1307 2911 codd.
1323 2858 1403 2911 Bern.

163 2927 263 2980 liberii
279 2925 371 2980 secisse
388 2925 486 2991 tradit,
513 2925 547 2978 ad
567 2925 639 2996 'tque
656 2925 698 2979 vel
716 2942 764 2978 suo
798 2932 827 2978 et
868 2925 917 2978 lor.
935 2925 1056 2979 omnibus
1074 2926 1187 2990 absunt,
1211 2943 1261 2979 nec
1277 2925 1404 2994 leguntur

160 3003 281 3064 tempore
299 2994 365 3047 clam
383 2994 478 3059 iacere,
497 2993 679 3065 nescioquam
693 3010 764 3046 vere.
799 2993 850 3046 nisi
871 2993 899 3045 in
923 3011 1006 3062 marg.
1028 2994 1087 3046 cod.
1110 2993 1135 3046 E
1153 2994 1188 3045 ab
1205 2995 1296 3046 eadem
1314 3003 1404 3046 tamen

162 3061 288 3115 Ceterum
310 3061 400 3115 Scbcl.
424 3061 529 3114 Platon.
556 3061 601 3116 lib.
626 3063 690 3114 lde
708 3079 763 3131 rep.
799 3079 886 3115 manu.
912 3061 1019 3115 Desunt
1036 3061 1117 3114 etiam
1134 3061 1162 3113 in
1179 3059 1230 3114 illis
1247 3078 1312 3131 quos
1321 3060 1402 3113 Snnlr.

160 3148 188 3201 p.
203 3136 253 3184 145
270 3130 376 3184 Ruhnk.
394 3129 478 3183 simile
513 3131 558 3183 uid
576 3132 609 3182 de
623 3129 765 3200 Tyriorum
799 3129 921 3195 contulit,
942 3147 1100 3199 quamquam
1118 3128 1403 3183 mirorVoss.1men·

161 3215 237 3252 sacro
255 3197 353 3251 nefario
371 3216 387 3251 a
405 3198 505 3252 Clitarc
523 3215 541 3251 ο
558 3199 687 3252 traditum
702 3198 765 3252 scri-
800 3197 899 3252 tionem
920 3198 1016 3251 factam
1039 3213 1095 3250 esse
1123 3197 1231 3250 nullam.
1272 3197 1352 3262 Quod
1375 3197 1403 3250 iu

160 3266 217 3332 bit,
235 3268 305 3319 unde
321 3269 422 3320 iontem
440 3266 527 3321 Curtii
544 3285 677 3348 agnoscas.
800 3267 857 3320 cod.
883 3265 958 3319 Petri
984 3265 1103 3320 Danielis
1134 3274 1162 3320 et
1187 3265 1245 3319 Pal.
1273 3273 1287 3320 2
1322 3267 1403 3319 verba

196 3335 428 3406 Cap.16,§.24.
467 3337 601 3389 eicccsor
619 3337 689 3390 omni
707 3345 764 3388 erte
799 3335 887 3405 priora
904 3343 1008 3388 tautum
1026 3353 1115 3388 coruos
1133 3353 1166 3388 ec
1179 3337 1290 3404 ferreas
1307 3353 1402 3388 manue

158 3407 312 3473 necessitas]
335 3403 480 3458 AddiditA
493 3405 541 3456 nus
555 3406 764 3458 imminensante
799 3403 941 3458 desiderari
960 3405 1113 3471 traduntur,
1131 3403 1225 3456 salsum
1243 3419 1300 3456 esse
1337 3411 1399 3474 ut03

158 3475 311 3539 necessitas,
331 3473 377 3524 sed
395 3473 471 3526 abest
488 3472 598 3525 verbum
616 3474 693 3538 et,ab
709 3472 764 3525 edi·
798 3473 831 3524 de
849 3472 953 3525 Daniel.
972 3479 1044 3526 certa
1062 3471 1139 3538 libre,
1158 3471 1204 3542 qui
1217 3472 1297 3525 Bern.
1351 3479 1401 3538 est,

158 3541 275 3596 tionibus
305 3539 468 3610 principibus
495 3548 523 3594 et
549 3559 565 3593 a
587 3542 661 3595 ccrld.
688 3540 762 3594 Leid.
799 3541 914 3594 dubitari
931 3541 1033 3612 nequit.
1068 3539 1175 3594 Medius
1197 3539 1252 3594 sola
1270 3548 1403 3611 postrema

157 3612 236 3662 Voss.
256 3615 326 3674 lfa
346 3617 460 3679 utroque
477 3609 557 3662 Bern.
576 3619 605 3662 et
621 3609 645 3662 F
646 3609 694 3663 lor.
712 3609 762 3662 AB
798 3609 879 3662 verba
896 3627 952 3662 curn
971 3611 1046 3662 uncis
1066 3626 1098 3662 ac
1106 3610 1228 3678 falcibus
1250 3609 1339 3679 spuria
1356 3609 1403 3661 lra-

161 3676 245 3730 CEH.
276 3680 309 3729 ln
327 3677 418 3730 eadem
434 3676 545 3747 periodo
562 3694 611 3747 pro
629 3681 763 3730 ndnronuit
798 3677 857 3731 buit
883 3690 960 3748 utque
986 3677 1089 3730 omisit:
1118 3685 1210 3741 recte,
1244 3695 1305 3730 nam
1331 3678 1403 3748 quod

159 3743 260 3814 legitur
277 3745 381 3814 quidem
399 3746 426 3798 in
444 3745 540 3799 uostris
558 3745 678 3799 omnibus
695 3745 764 3798 aliis·
798 3744 917 3815 sequitur
942 3763 1040 3814 quoque
1068 3744 1132 3798 satis
1160 3744 1260 3798 indicat
1286 3747 1403 3798 nondum

161 3827 215 3883 que
232 3811 321 3865 multis
339 3812 470 3867 codicibus
488 3817 610 3882 adsueuit,
629 3831 677 3867 nec
686 3813 765 3867 aliter
798 3815 831 3866 de
849 3813 900 3865 illis
918 3813 1018 3866 dictum
1035 3829 1099 3866 essa
1121 3814 1304 3882 Agnoscamus
1321 3813 1404 3884 igitur

157 3878 187 3934 in
205 3879 364 3934 editionibus
386 3881 442 3936 anti
461 3882 501 3934 uis
524 3889 580 3949 est,
604 3891 635 3935 ut
659 3891 764 3953 praeter
797 3880 918 3934 lacunam
941 3881 983 3934 hic
1004 3881 1032 3934 in
1056 3880 1234 3934 vetustissimo
1261 3881 1403 3952 exemplari

157 3949 300 4003 Modiancs
324 3949 426 4003 codices
443 3900 630 4004 delaniensem
646 3961 674 4004 et
688 3951 763 4022 Sige-
797 3949 891 4014 luisse,
914 3967 981 4020 quae
1005 3968 1022 4002 a
1039 3949 1173 4002 veteribus
1190 3949 1403 4004 emendatoribus

158 4018 313 4089 bergensem
327 4027 414 4072 certos
426 4027 548 4073 auctores
563 4019 683 4072 lectionis
692 4037 762 4073 nunc
796 4035 829 4071 ex
848 4017 969 4088 sequenti
986 4018 1106 4071 oratione
1123 4017 1230 4090 expleta
1248 4018 1290 4071 sit.
1317 4017 1403 4072 Simili

156 4087 202 4140 vul
240 4096 283 4140 tae
305 4104 357 4140 uon
376 4087 525 4140 babeamus.
560 4087 612 4141 Est
634 4087 714 4141 etiam
731 4095 762 4140 ut
797 4095 869 4141 certe
887 4086 1069 4157 supplemento
1092 4105 1157 4157 opus
1182 4095 1231 4141 est.
1276 4085 1402 4141 Ceterum

156 4173 188 4210 su
225 4155 325 4208 ubitem
343 4157 376 4208 de
394 4155 446 4208 fide
464 4155 556 4210 Modii.
587 4155 641 4210 Sed
659 4155 762 4209 etiamsi
796 4156 867 4221 quod
885 4155 920 4208 ad
937 4173 993 4208 rem
1010 4155 1093 4226 ipsam
1102 4154 1228 4226 pertinet,
1247 4157 1329 4208 verba
1338 4156 1403 4208 baec

155 4223 202 4277 illa
219 4224 305 4278 Medii
323 4224 473 4278 emendatio
491 4224 584 4292 fuerit,
608 4225 689 4278 nihilo
713 4223 762 4276 mi·
796 4235 836 4286 ut,
859 4242 916 4276 enm
940 4234 1063 4277 tomento
1080 4242 1183 4278 casem
1202 4227 1401 4292 procreavissent,

155 4309 206 4346 nus
223 4309 313 4346 veram
331 4309 386 4346 esse
404 4302 483 4364 puto:
504 4311 587 4364 neque
606 4293 675 4346 enim
693 4292 762 4345 dati·
796 4293 880 4346 subito
899 4295 998 4346 laxatis
1007 4294 1123 4362 funibus
1142 4293 1279 4346 iniicerent
1296 4301 1401 4345 mutata

155 4379 205 4414 vus
222 4361 249 4414 in
267 4369 392 4432 promptu
406 4369 457 4428 est,
475 4362 516 4415 cui
532 4361 762 4432 praesidiaodmo-
795 4361 926 4414 rhetorice
959 4361 1162 4415 constructionis
1197 4361 1281 4413 forma
1316 4359 1403 4431 posita

156 4447 215 4482 nere
224 4430 365 4483 ueoemitas
374 4429 486 4550 dqcatur,
503 4449 562 4484 cunr
571 4439 663 4484 contra
672 4433 762 4482 crinin·
797 4437 858 4482 sunt
881 4448 929 4499 pro
952 4439 994 4495 ut,
1023 4432 1121 4484 Iacntis
1137 4430 1270 4510 senibus,
1298 4445 1401 4482 asseres

156 4513 220 4550 nere
240 4497 315 4552 facile
339 4498 504 4568 inteligatur
527 4517 604 4553 seusu
627 4498 762 4566 suadendi,
797 4507 920 4552 tormento
937 4509 1072 4567 praenotus
1090 4499 1228 4551 iniecerant
1253 4496 1398 4568 (navibus).

1127 4589 1161 4636 6*
