3270 5290
233 333 306 404 248
729 353 764 416 n.
785 351 911 404 curru
936 353 1022 404 surr

181 539 226 610 19
332 535 437 628 Erat,
468 545 510 610 ut
542 561 652 634 supra
685 535 821 608 dictum
856 544 928 626 est,
958 533 1163 634 Hyrcaniae
1194 535 1345 609 finitima
1378 562 1469 635 gens
1488 557 1523 605 ιι

230 650 471 737 Amazonum,
506 647 599 718 cirea
625 643 893 718 Thermodonta
928 669 1069 718 amnem
1096 643 1348 746 Themiscyrae
1373 646 1470 720 inco-
1614 717 1615 720 ,

230 761 380 834 lentium
415 781 570 854 campos.
629 753 804 852 Reginam
829 753 1013 830 habebant
1039 745 1270 847 Thale'strim,
1301 757 1466 830 omnibus
1487 773 1522 822 aa

231 872 325 944 inter
357 865 556 943 Caucasum
591 875 750 938 montem
782 874 820 937 et
849 863 983 940 Phasin
1019 891 1162 940 amnem
1194 866 1467 964 imperitantem

229 979 329 1054 Haec
361 976 525 1076 cupidine
559 974 698 1049 visendi
730 975 825 1072 regis
860 1000 1011 1051 accensa
1041 975 1172 1048 finibus
1197 977 1299 1074 regni
1325 979 1381 1050 sui
1406 1001 1467 1050 ex·

230 1091 355 1178 cessit,
390 1099 428 1161 et
458 1112 540 1159 cum
573 1086 670 1158 haud
701 1086 826 1184 procul
861 1085 1019 1176 abesset,
1050 1086 1234 1184 praemisit
1258 1085 1467 1176 indicantes,

230 1203 371 1275 venisse
397 1197 558 1295 reginam
582 1195 738 1270 adeundi
764 1196 839 1268 eius
865 1194 1175 1292 cognoscendique
1201 1194 1354 1269 avidam
1381 1194 1466 1268 Pro
1486 1214 1523 1264 aa

229 1314 325 1386 tinus
351 1310 447 1380 facta
472 1317 652 1404 potestate
677 1305 854 1396 veniendi,
880 1306 1007 1380 ceteris
1032 1305 1139 1378 iussis
1166 1303 1370 1395 subsistere,
1397 1318 1467 1380 tre·

229 1421 341 1494 centis
367 1418 578 1490 feminarum
604 1416 773 1490 comitata
797 1416 981 1513 processit.
1020 1415 1141 1510 Atque
1167 1426 1209 1488 ut
1233 1416 1388 1512 primum
1400 1441 1468 1488 rex

227 1533 264 1604 in
291 1538 484 1624 conspectu
509 1527 594 1618 fuit,
629 1551 721 1622 equo
751 1525 830 1622 ipsa
861 1524 1005 1598 desiluit
1030 1523 1120 1596 duaa
1145 1525 1288 1596 lanceas
1315 1522 1468 1598 dextera

228 1641 443 1739 praeferens.
490 1633 614 1710 Vestis
639 1662 713 1710 non
740 1647 818 1708 toto
844 1635 1069 1707 Amazonum
1095 1634 1236 1731 corpori
1260 1633 1467 1708 obducitur:
1485 1653 1523 1701 ar

228 1847 362 1902 omittitur
379 1844 460 1899 etiam
478 1853 511 1911 et,
529 1844 601 1915 quod
618 1859 691 1897 more
699 1840 829 1896 Curtiano
866 1852 944 1908 tum,
968 1843 1014 1911 qai
1031 1841 1155 1895 mendice
1173 1858 1260 1896 eonon
1277 1843 1394 1896 ministri
1403 1842 1470 1912 sue-

229 1931 290 1969 cum
320 1913 429 1984 singulis
459 1911 607 1966 nominibus
674 1910 753 1964 situm
778 1909 831 1962 fre·
864 1919 944 1976 rant,
962 1910 1063 1962 occidit

229 1990 342 2055 quanter
374 1981 444 2035 idem
474 1980 546 2034 valet
572 1997 610 2050 qu
671 1979 750 2032 etium
776 1977 831 2031 aive
884 1978 928 2056 Ιιἰι
951 1987 1087 2056 conspecto
1107 1978 1177 2046 suit]
1220 1976 1296 2031 Nihil
1322 1977 1380 2048 agit
1404 1977 1467 2032 Mo-

229 2069 378 2189 qwcllpdttt,
386 2121 456 2186 §.tt
467 2117 621 2185 Hyrcaniae
625 2115 756 2183 finitimo]
775 2112 829 2166 Re-
864 2045 1045 2192 ffibdthtrerld
1063 2043 1252 2193 qunrqqeppswtpp
1276 2043 1388 2184 lhldqdllle„⁵
1397 2054 1470 2166 ’enill

227 2186 830 2257 petiterroremquemsnpraoap.12commise-
863 2187 949 2233 noan-1
975 2196 1024 2233 nec
1041 2179 1122 2234 Snalr.
1140 2198 1280 2251 quicquam
1297 2189 1421 2248 mutant,
1439 2189 1469 2235 et

228 2263 280 2319 rat,
298 2251 407 2306 Pontici
415 2249 742 2319 marinoramcumcaapio
752 2248 830 2302 litore
862 2246 907 2300 illc
924 2249 988 2300 dum
1010 2246 1059 2301 arbi
1077 2248 1260 2318 patrocinatur
1277 2267 1372 2319 parum
1388 2265 1471 2303 accu-

229 2320 399 2376 confundens.
421 2318 492 2371 Nam
509 2320 673 2371 Amazonum
689 2316 789 2396 regina,
808 2316 830 2370 si
866 2323 924 2368 rate
941 2314 1066 2385 loquitur.

228 2387 301 2441 venit
318 2389 353 2440 ad
369 2386 551 2440 Alexandrum
567 2385 596 2438 in
608 2385 744 2454 Hyr-emus
762 2401 833 2438 com-
902 2385 962 2452 ipso
980 2385 1095 2452 desiluit]
1131 2382 1220 2454 Vulgo
1242 2383 1307 2438 editi
1325 2385 1381 2438 fere
1398 2387 1470 2438 deai-

228 2463 391 2534 morantem,
410 2453 477 2532 sicut
494 2468 557 2532 sane
575 2452 728 2532 Clitarchus¹
742 2451 833 2505 multi·
867 2451 923 2518 tiit,
946 2450 1015 2504 male
1040 2459 1069 2506 et
1091 2459 1185 2506 contra
1202 2451 1310 2506 codices.
1346 2452 1416 2508 Vide
1433 2454 1471 2507 ad

229 2540 282 2656 dlll
295 2518 835 2668 gruoeuffidaqnglpefflpatpqppirpqdhlpp:
867 2525 1008 2640 1vlielcdteru
1029 2605 1099 2656 prae
1114 2588 1200 2658 netu]
1235 2587 1352 2667 Qantara
1369 2605 1424 2642 uno
1442 2597 1472 2643 et

229 2660 356 2712 medonte
381 2606 506 2738 echan
530 2671 614 2736 usque
631 2657 666 2736 ad
683 2655 832 2736 Hyrcanos,
867 2653 952 2733 altero
970 2655 1087 2724 (Flenll
1103 2657 1116 2723 )
1134 2655 1346 2734 etdeterrorihua
1355 2665 1470 2728 excepto

230 2729 343 2798 quinque
360 2736 383 2779 at
401 2726 493 2796 usqintt
512 2727 613 2778 danum
630 2733 698 2776 inter
712 2723 833 2792 msesua-
868 2729 953 2776 nostrr
969 2739 1067 2776 omncs.
1084 2723 1153 2777 Item
1170 2723 1305 2794 aliquanto
1322 2733 1386 2795 post
1402 2729 1470 2779 udu-

1121 2791 1471 2862 ...

230 2930 291 2986 libri
312 2931 444 3012 scribunt,
467 2878 587 3009 pimplicl
600 2927 692 2982 littera
712 2926 832 3006 plerique
866 2925 923 2980 anti
943 2943 1006 2980 uum
1023 2926 1179 2997 scriptorem
1202 2927 1329 2996 movisse,
1347 2938 1379 2982 ut
1400 2930 1472 2984 hanc

230 2996 832 3132 ιιιιιιιιιιιιιιιτιιιιιὲ
866 2993 946 3142 rt..
964 2994 1471 3143 aucuparentur

230 3086 374 3190 lenborch.
404 3135 438 3187 ad
463 3131 558 3187 Silium
583 3133 652 3185 Pun.
679 3147 715 3198 11,
743 3136 777 3185 80
803 3139 832 3184 ct
865 3129 936 3182 ahud
955 3138 1076 3200 superest
1094 3148 1144 3184 msr
1166 3140 1197 3185 ut
1214 3133 1321 3203 singulis
1339 3133 1403 3188 locis
1421 3151 1470 3187 au-

251 3221 298 3257 uoa
315 3203 412 3256 laudat.
430 3202 484 3256 Sed
501 3201 601 3253 habent
618 3208 706 3252 tamen
720 3198 832 3252 ooFlor.
866 3197 1017 3251 etantatem
1042 3197 1168 3252 librorum
1195 3202 1382 3270 expendamus.
1423 3200 1472 3256 Sic

258 3271 302 3335 Η,
336 3271 497 3323 termodonta
523 3267 603 3320 Bern.
631 3269 658 3320 A
683 3266 753 3321 Flor.
780 3266 830 3318 AB
865 3283 887 3318 c.
915 3272 948 3320 88
972 3265 1012 3320 bis
1044 3283 1135 3320 omnes
1167 3267 1268 3322 codices
1299 3269 1470 3340 explanatam

232 3338 319 3406 (Laid
335 3337 412 3390 Voss.
431 3341 459 3404 1)
479 3337 657 3388 demandante
675 3333 745 3388 Flor.
760 3332 831 3387 cat.
866 3333 976 3386 fonnem
994 3333 1134 3403 exhibent,
1157 3351 1268 3406 eamque
1290 3337 1398 3390 omnino
1421 3337 1470 3390 ali·

231 3443 241 3453 .
266 3410 291 3471 s.
308 3411 350 3459 25.
372 3404 528 3456 statutum
545 3418 594 3471 per
610 3400 831 3482 litarammFlor.
867 3408 967 3470 quanto
1042 3401 1187 3484 uenderent
1205 3405 1467 3484 quamdecurtatam

231 3467 537 3617 trhtntttt’
555 3469 833 3616 lldlqffffll
865 3469 1168 3617 amarum.
1182 3480 1470 3610 mmai...

232 3607 284 3662 auis
316 3607 401 3661 tribus
427 3606 516 3659 utrobi
534 3621 568 3658 ue
585 3607 614 3658 in
631 3605 708 3658 lirrsae
734 3605 832 3674 ugmfi-
866 3607 944 3673 catur]
980 3603 1026 3660 Sic
1042 3605 1104 3659 libri
1121 3607 1182 3660 mati
1200 3623 1299 3675 omnes,
1317 3608 1365 3661 sed
1382 3607 1469 3662 edito-

234 3685 294 3740 cat‚
320 3675 361 3730 cui
387 3672 489 3728 accedit
513 3623 594 3728 darn.
610 3678 652 3754 ΙΔ.
687 3672 777 3752 Vulgo
801 3671 832 3753 in
865 3689 907 3725 res
925 3673 1097 3754 recentiores⁸
1112 3692 1171 3754 cum
1196 3674 1265 3729 serre
1287 3693 1340 3729 non
1358 3684 1470 3746 possent

233 3753 346 3814 utroque
363 3742 467 3796 nomine
484 3750 526 3796 cat
541 3745 590 3808 im,
608 3761 636 3795 ιιι
653 3741 779 3796 Modiana
796 3759 833 3793 m.
866 3749 916 3794 toto
933 3758 983 3811 pro
1000 3743 1047 3794 ton¹
1072 3743 1140 3810 dier,
1167 3760 1274 3812 empore
1294 3743 1383 3814 potius
1410 3761 1470 3800 cor·

269 3815 292 3880 §.
310 3819 351 3866 tt.
387 3813 505 3866 recoctis
514 3813 679 3882 feninorum
697 3809 831 3879 comitutu]
866 3817 999 3863 rexerunt.
1035 3807 1088 3873 Qui
1114 3818 1203 3864 tamen
1246 3811 1360 3866 uomodo
1376 3811 1404 3865 id
1421 3829 1469 3866 vo-

233 3879 308 3934 Lihri
334 3878 397 3934 mati
426 3895 516 3933 omnes
537 3877 690 3933 Genitivum
714 3885 833 3944 tuentur,
867 3876 965 3930 luerint
991 3876 1116 3947 explicari
1138 3895 1191 3932 non
1243 3878 1375 3933 didenmt
1410 3878 1471 3934 Noa

233 3965 371 4001 numerum
387 3947 586 4017 nostr-iquidem
599 3946 679 4018 signis
694 3964 747 4001 non
761 3945 833 3998 litte·
868 3944 948 4016 igitur
965 3946 999 4000 ab
1016 3943 1067 3998 iata
1084 3945 1228 4000 soloecismi
1236 3945 1324 4017 specie
1333 3965 1387 4001 non
1441 3967 1468 4002 r·

233 4015 269 4068 ris
295 4021 398 4082 notant,
417 4016 587 4085 (quamquam
612 4015 640 4068 in
662 4014 740 4069 Voss.
767 4021 790 4067 1.
817 4020 832 4067 2
867 4012 928 4068 inde
954 4014 1124 4067 abhorrentes
1140 4021 1221 4083 atqua
1243 4031 1260 4067 a
1281 4014 1390 4069 crimine
1438 4031 1467 4068 e-

233 4085 353 4137 terceotia
371 4081 566 4153 scriptumesse
580 4081 716 4145 traditur).
738 4082 834 4152 Itaque
865 4097 910 4136 sae
935 4081 996 4135 fidei
1019 4081 1093 4135 bonis
1115 4080 1245 4136 codicibus
1268 4081 1374 4136 debitae
1396 4092 1469 4137 uete-

233 4151 340 4204 fuerunt
351 4149 423 4217 olim,
441 4149 486 4220 qui
501 4149 606 4204 lunium
619 4149 703 4203 secuti
711 4151 833 4203 comitatu
866 4166 923 4203 rem
940 4148 1058 4204 codicum
1075 4148 1214 4202 lectionem
1231 4150 1399 4204 restituimus.
1430 4151 1471 4205 Et

233 4219 356 4286 ederent,
383 4217 553 4288 ineleganter.
589 4219 671 4272 Posse
692 4216 762 4270 enim
784 4235 833 4270 nu·
867 4225 985 4285 conant,
1010 4217 1151 4288 scriptores
1173 4215 1307 4272 Romanos
1330 4236 1385 4273 nou
1405 4235 1468 4272 raro

232 4285 341 4340 meralia
356 4285 487 4340 adiectiva
504 4304 563 4340 cum
573 4284 833 4357 Genitivopartitivo
866 4285 895 4340 in
911 4285 952 4340 his
969 4285 1055 4340 verbis
1072 4304 1158 4352 uum,
1177 4287 1282 4354 ηιιὶὶιιιι,
1300 4288 1381 4354 aliua,
1400 4296 1468 4341 tona

233 4354 349 4410 construi
366 4353 424 4424 quis
441 4353 567 4424 negabit?
583 4353 731 4409 Lib.1c.l
752 4355 834 4423 ἐρίων
868 4369 1035 4408 communem
1056 4353 1203 4425 analogiam
1224 4371 1328 4408 servare
1345 4353 1470 4409 maluisse

233 4425 281 4479 hor
306 4425 408 4495 quidem
430 4423 531 4490 υίιιπιις
556 4422 611 4477 DC
632 4433 717 4478 autem
744 4424 833 4477 mitt·
867 4440 946 4495 quam
964 4421 1122 4494 singularem
1145 4441 1229 4476 usura.
1264 4421 1326 4490 sie,
1344 4431 1375 4476 ut
1391 4440 1409 4476 ιι
1425 4439 1470 4476 ce-
