3268 5286
520 411 570 462 nu
596 409 722 464 casare
748 408 857 460 anax.
883 407 948 478 vrr,
976 405 1018 454 aa.
1305 387 1379 462 323

144 591 296 672 aedones
322 594 359 667 in
385 603 504 667 castra
528 591 746 668 referebant:
773 591 837 666 sed
861 617 929 665 nec
954 590 1128 666 barbaros
1155 591 1279 666 fefellit
1300 591 1380 668 sub·

143 701 272 778 ductus
286 730 333 778 ex
346 705 438 778 acie:
465 705 596 803 quippe
623 729 669 778 ex
683 703 781 778 edito
807 715 931 778 monte
958 713 1087 778 cuncta
1112 717 1382 803 prospexerant

110 815 267 913 altaque
294 827 440 913 postero
468 815 526 888 die
552 816 681 890 misere
706 817 845 915 legatos
872 813 919 888 ad
943 837 1077 913 regem,
1104 839 1193 912 quos
1219 815 1277 888 ille
1304 842 1384 914 pro·

142 929 238 1001 tinus
264 926 368 999 iussit
393 925 542 1018 admitti,
569 928 767 1026 solutisque
779 927 906 1018 fasciis,
931 923 1213 1024 magnitudinem
1227 928 1384 1000 vulneris

111 1038 388 1128 odissimulans,
428 1063 509 1111 crus
548 1039 710 1113 barbaris
751 1038 918 1112 ostendit
982 1033 1037 1108 lili
1075 1035 1162 1108 iussi
1201 1037 1384 1113 considere

144 1150 339 1238 affirmant,
370 1173 444 1222 non
470 1145 701 1242 Macedones,
735 1169 843 1249 quam
867 1149 965 1247 ipsos
991 1146 1166 1220 tristiores
1193 1147 1301 1221 fluisse
1328 1175 1384 1222 co

143 1259 244 1359 guito
270 1259 419 1332 vulnere
445 1260 572 1358 ipsiusr
605 1261 705 1336 ouius
732 1262 762 1334 si
788 1271 972 1334 auctorem
997 1255 1255 1356 repperissent,
1288 1257 1385 1333 dedi·

113 1379 246 1444 rturos
285 1369 413 1462 fuisse,
455 1395 536 1444 oum
574 1369 641 1445 diis
681 1373 774 1446 enim
813 1393 974 1470 pugnare
1005 1369 1197 1467 sacrilegos
1231 1379 1381 1444 tantum.

148 1477 316 1554 Ceterum
329 1503 368 1552 se
381 1491 526 1578 gentem
544 1482 581 1554 in
607 1481 715 1558 fidem
741 1480 883 1574 dedere,
910 1490 1098 1580 superatos
1124 1481 1258 1554 virtute
1284 1481 1385 1554 illius.

143 1589 240 1681 Rex,
272 1590 343 1663 fide
376 1590 463 1666 data
488 1603 526 1665 et
553 1595 704 1693 captivis
727 1593 899 1692 receptis,
933 1599 1078 1692 gentem
1104 1591 1140 1663 in
1168 1589 1385 1666 deditionem

110 1700 289 1800 succepit.
340 1699 475 1776 Castris
501 1700 585 1778 inde
610 1706 717 1780 motis
742 1704 868 1778 lectica
894 1703 1037 1778 utilitari
1061 1702 1252 1792 ferebaurr,
1279 1726 1399 1799 quam·

143 1837 211 1911 pro
237 1837 275 1885 se
302 1813 451 1911 quisque
478 1838 587 1912 eques
622 1814 804 1913 pedesque
830 1809 951 1888 subire
977 1812 1173 1888 cutabant.
1225 1811 1385 1909 Equites,

145 1947 226 1996 cum
253 1923 381 2020 quibus
408 1949 474 2001 rex
501 1926 636 2022 proelia
660 1927 750 2000 inire
784 1927 911 2000 solitus
944 1935 1038 2016 erat,
1074 1925 1128 1996 sui
1160 1925 1315 1996 muneris
1347 1923 1385 1995 id

144 2059 223 2107 esse
258 2035 474 2108 censebant
510 2035 649 2134 pedites
676 2048 818 2128 contra,
853 2059 935 2109 cum
961 2035 1101 2110 saucios
1128 2033 1386 2107 commilitones

144 2145 212 2241 ipsi
237 2153 379 2242 gestare
406 2146 663 2239 assuevissent,
699 2147 787 2246 eripi
819 2145 887 2222 sibi
917 2146 1101 2244 proprium
1128 2143 1283 2218 officium
1309 2156 1387 2218 turn

111 2254 384 2352 apotissimum‚
417 2281 499 2329 cum
532 2279 598 2330 rex
623 2257 819 2358 gestandus
847 2267 958 2348 esset,
992 2257 1242 2356 querebantur.
1294 2253 1385 2346 Rex,

4 2369 5 2372 ’
144 2364 182 2436 in
208 2375 310 2440 tanto
337 2365 660 2465 utriusquepartis
693 2369 904 2459 certamine,
943 2378 980 2442 et
1015 2367 1082 2441 sibi
1114 2365 1309 2456 difficilem,
1350 2375 1387 2440 et

143 2475 345 2574 praeteritis
362 2501 511 2576 gravem
531 2478 740 2554 electionem
765 2482 924 2553 staturam
948 2488 1060 2570 ratus,
1085 2477 1239 2552 invicem
1266 2477 1385 2552 subire

145 2611 209 2661 eos
235 2588 348 2661 iussit

95 2715 126 2764 10
245 2697 338 2772 Hinc
365 2710 492 2797 quarto
519 2699 576 2775 die
602 2700 649 2774 ad
675 2701 801 2777 urbem
827 2697 1045 2775 Maracanda
1078 2710 1293 2797 perventum
1319 2701 1436 2775 estid

144 2829 220 2882 Lxx
247 2810 363 2884 stadia
387 2837 512 2887 murus
539 2811 636 2886 urbis
662 2812 904 2911 amplectitur3
931 2834 999 2884 arx
1024 2809 1093 2882 alio
1106 2810 1260 2908 cingitur
1271 2835 1385 2883 muro.

195 3007 244 3054 ,4.
270 3003 371 3083 sq'allit
397 3003 538 3058 subductas
564 3021 596 3058 ea
618 3005 683 3058 aca'e.
713 3002 747 3056 In
780 3003 891 3058 verbum
911 2999 977 3054 illud
999 2997 1154 3054 damnantia.
1191 2999 1261 3054 Tum
1277 3001 1335 3070 qtae
1351 3031 1386 3042 -

190 3068 259 3139 gatis
285 3069 358 3124 hbris
385 3069 493 3124 additur
518 3089 580 3138 rea,
614 3072 660 3124 red
687 3087 747 3126 auru
781 3072 938 3126 cremaret
962 3065 1056 3122 vitiam
1082 3067 1176 3121 otiari
1201 3068 1246 3140 qai
1266 3085 1300 3121 ue
1325 3065 1386 3122 libn'

144 3137 314 3219 maquacripti
330 3153 389 3192 eam
401 3155 493 3192 rocam
507 3155 597 3193 omnes
611 3139 746 3207 omittant,
781 3139 857 3195 Laid
871 3137 949 3192 Voss.
969 3143 982 3189 1
1001 3135 1072 3190 Flor.
1117 3175 1124 3203 ‚
1147 3135 1227 3218 Item.
1245 3085 1271 3190 M
1288 3135 1385 3218 quii·

144 3205 340 3278 subintelligere
348 3213 474 3280 praestat
501 3207 652 3262 sustulerat
668 3207 748 3262 etiam
801 3223 835 3260 ue
856 3206 1024 3260 membranae
1045 3221 1104 3258 cum
1130 3203 1187 3258 alus
1203 3221 1238 3258 ex
1255 3206 1386 3259 detenore

144 3273 258 3328 Modica.
880 3283 908 3328 et
924 3273 1011 3328 tribua
1024 3272 1158 3328 Pariainia.
1180 3273 1284 3328 Vitium
1298 3281 1386 3327 austu·

178 3344 202 3411 ξ.
221 3349 244 3396 t.
279 3341 344 3398 Noa
366 3341 538 3411 Maccdoned,
562 3361 644 3428 quam
665 3346 747 3414 quana
781 3345 815 3400 lit
850 3343 930 3398 rimus
948 3341 1047 3398 Iunius.

145 3407 234 3480 Vulgo
251 3411 431 3478 Maccdonas,
457 3413 504 3466 aad
521 3413 605 3468 launa
622 3413 748 3468 tenmna·
841 3419 936 3484 apae,
954 3416 976 3479 ξ.
993 3417 1034 3467 10.
1059 3413 1098 3466 ad
1110 3411 1198 3466 arban
1207 3411 1385 3465 Maracanda.

144 3476 219 3532 tiana
236 3479 338 3533 codices
358 3488 387 3534 et
409 3481 527 3552 plerique
544 3491 573 3537 at
590 3482 696 3554 optimi,
717 3491 748 3537 ut
781 3481 855 3536 Pieri
875 3495 908 3533 ue
926 3480 1003 3534 codd.
1021 3479 1197 3550 Mampeatm
1220 3479 1289 3534 infra
1305 3497 1327 3533 c.
1342 3484 1385 3546 38,

145 3547 453 3668 arturum
466 3549 568 3672 ‘aa
583 3550 748 3672 ,utta
782 3497 1387 3688 u„incarnandam

341 3653 347 3668 .
550 3659 557 3672 .
603 3659 609 3672 .
696 3637 713 3673 n
783 3637 812 3672 m
850 3637 876 3671 m
1339 3657 1347 3682 ,

118 3682 276 3742 ,tristiores
287 3683 485 3752 saiaaeomnes,
503 3687 643 3740 verborum
657 3687 750 3741 ordine
783 3683 956 3740 Maracanda
993 3686 1042 3738 lar.
1060 3683 1123 3738 satis
1140 3655 1297 3738 oobstanter.
1332 3684 1387 3736 Ve-

149 3747 195 3819 qui
212 3748 292 3818 vulgo
310 3757 351 3802 eat
367 3759 477 3817 mutato,
496 3770 555 3806 cum
572 3753 671 3808 Modio.
783 3771 842 3808 rum
879 3753 933 3808 rius
987 3753 1134 3806 exandrum
1151 3753 1185 3804 ad
1202 3751 1274 3806 illam
1292 3751 1387 3823 prima·

183 3818 237 3886 §.a
263 3826 400 3886 amaram
416 3820 510 3872 virtute
527 3823 607 3882 illlata
639 3823 751 3877 Vulnera
784 3823 851 3875 n'am
860 3771 1009 3890 dogdianaa
1026 3821 1118 3872 urbem
1135 3817 1245 3887 venisse,
1263 3837 1341 3891 quarn
1354 3819 1388 3873 ad

147 3885 221 3940 illias
230 3883 749 3943 BemAFloaABDFGILeidNossl
786 3887 899 3941 Tanaim
924 3889 1099 3941 contenderat
1125 3891 1217 3957 (supra
1242 3905 1263 3942 e
1282 3895 1327 3955 24)
1354 3905 1389 3941 ex

148 3951 205 4006 Pal.
226 3960 238 4006 1
257 3949 442 4022 tresPariaini‚
461 3955 560 4008 utiam
576 3957 685 4010 testium
702 3973 751 4010 nu-
785 3956 891 4009 Arriani
903 3955 1015 4010 historia
1027 3969 1071 4023 111,
1089 3960 1123 4010 80
1140 3963 1168 4008 et
1185 3954 1241 4026 ipsa
1258 3973 1287 4010 re
1304 3965 1388 4028 patet

149 4037 236 4076 merus
259 4029 288 4075 et
308 4021 424 4093 &avitas
446 4022 585 4077 videantur
605 4041 658 4078 non
676 4041 752 4095 posse
822 4041 872 4078 ara
895 4027 950 4079 alio
973 4025 1088 4093 etapitur
1109 4041 1190 4078 maro.
1226 4024 1338 4078 Variana
1360 4031 1389 4077 et

150 4089 291 4144 contemni.
325 4087 502 4144 Nihilominus
519 4090 591 4144 illam
612 4091 752 4146 lectionem
786 4092 847 4145 odd.
864 4101 894 4146 et
919 4091 981 4146 libri
1009 4101 1121 4145 veteres.
1156 4091 1229 4145 Olim
1249 4093 1316 4146 editi
1338 4109 1389 4145 arx

150 4157 226 4212 nimis
243 4175 294 4230 ego
310 4169 433 4229 argutam
451 4176 467 4213 a
498 4177 531 4212 us
548 4161 614 4214 adeo
634 4159 752 4232 ineptam
782 4161 869 4229 illinc,
887 4159 978 4230 scripti
995 4159 1133 4231 pertimet
1146 4159 1196 4231 ipsi
1213 4162 1288 4215 illinc
1314 4159 1389 4213 Laid.

150 4227 285 4295 existimo,
312 4245 390 4298 quam
408 4237 439 4280 ut
455 4167 585 4283 subarata
605 4229 752 4300 prefactam
787 4228 890 4283 Vosal
910 4228 1025 4283 ΒΜΔ
1043 4227 1190 4282 Pariatres
1208 4201 1389 4296 moubrai,

151 4303 249 4364 putem.
787 4299 885 4366 partim
903 4299 959 4352 illic
975 4300 1050 4352 Voss.
1069 4303 1084 4351 2
1104 4296 1222 4350 Bern.B
1239 4297 1311 4351 Flor.
1324 4296 1390 4364 ΒΗ,

185 4365 210 4429 5.
227 4369 251 4417 8.
279 4365 384 4433 pedites
406 4373 506 4432 contra,
528 4383 593 4418 caua.
635 4363 753 4418 Mediam
786 4367 884 4436 partim
901 4367 975 4420 illias
992 4365 1064 4419 Flor.
1081 4365 1164 4419 ABG.
1200 4363 1276 4419 Haec
1302 4365 1391 4418 omnia

151 4445 241 4484 voram
257 4447 312 4484 non
329 4431 754 4501 mantuan.nru1,tuensur
785 4441 850 4486 sunt
870 4451 950 4501 vana3
977 4432 1066 4488 Iunias
1083 4432 1181 4504 primm
1203 4436 1275 4488 nullo
1297 4431 1389 4499 edidit,

151 4497 233 4552 ceteri
248 4497 323 4567 libri,
351 4501 424 4570 quod
440 4501 524 4556 Modii
547 4518 626 4556 causa
642 4509 752 4572 annoto,
787 4501 852 4560 uiui
865 4511 894 4557 et
906 4503 941 4556 ad
957 4500 1094 4556 literarum
1111 4501 1219 4555 ductum
1236 4509 1265 4555 et
1281 4501 1315 4555 ad
1332 4517 1389 4554 seu·

1149 4588 1202 4640 21*
