3270 5290
196 391 200 398 ·
259 375 332 446 240
725 393 759 457 o.
788 393 913 446 curru
937 394 1022 446 amu

254 587 341 684 eunt
381 601 494 674 aquae
538 585 686 668 terrm
720 577 946 675 praecipitari
986 576 1100 666 iubet,
1141 603 1293 676 quorum
1331 585 1493 680 corpora,

252 689 313 762 ubi
339 713 461 763 rursus
488 689 651 787 erumpit,
679 689 830 787 expulsa
854 688 987 780 videre,
1015 689 1075 787 qui
1100 689 1199 763 missi
1225 701 1338 784 erant,
1364 704 1407 766 ut
1432 719 1493 766 ex-

254 801 421 898 ciperent.

204 913 248 983 ll
355 911 530 1000 Quarurm
546 911 617 985 iam
643 911 738 985 diem
764 911 891 986 eodem
914 911 994 986 loco
1021 911 1177 1012 quietem
1203 915 1305 988 militi
1331 915 1528 1007 dederats

252 1047 333 1095 cum
359 1023 496 1098 litteras
521 1021 752 1113 Nabarzanis,
779 1023 840 1120 qui
864 1023 1024 1099 Dareum
1050 1050 1132 1100 cum
1157 1026 1269 1102 Besso
1295 1027 1491 1126 intercepe·

250 1147 325 1228 rat,
361 1138 503 1235 accipit,
539 1161 689 1233 quarum
722 1135 899 1208 sententia
931 1137 1021 1210 haec
1057 1151 1152 1213 erat:
1188 1163 1226 1212 se
1261 1138 1382 1211 Dareo
1417 1163 1492 1210 non

249 1249 359 1321 fuisse
392 1248 589 1337 inimicmn,
625 1247 734 1320 immo
766 1247 874 1321 etiam
905 1273 997 1346 quae
1032 1249 1243 1324 credidisset
1274 1250 1377 1323 utilia
1412 1274 1491 1322 esse

253 1361 422 1451 suasisse,
449 1371 486 1433 et
512 1359 595 1457 quia
619 1357 725 1432 fidele
752 1359 938 1432 consilium
963 1361 1039 1460 regi
1067 1361 1236 1454 dedisset,
1263 1387 1376 1461 prope
1402 1360 1491 1434 occi-

251 1497 332 1545 sum
358 1474 403 1564 ab
430 1497 483 1545 eo.
523 1470 691 1569 Agitasse
716 1469 885 1562 Dareum,
912 1471 1110 1546 custodiam
1135 1474 1301 1572 'corporis
1328 1474 1384 1546 sui
1409 1490 1526 1546 con-⁹

191 1630 193 1636 .
250 1595 308 1658 tra
333 1585 388 1658 ius
413 1585 538 1682 fasque
564 1583 752 1681 peregrino
778 1583 879 1656 militi
906 1581 1058 1676 tradere,
1073 1583 1244 1662 damnata
1263 1585 1489 1684 popularimn

249 1694 339 1786 fide,
366 1721 473 1794 quam
499 1719 564 1793 per
589 1693 763 1767 ducentos
790 1694 1000 1792 et-triginta
1026 1721 1140 1770 annos
1166 1698 1376 1772 inviolatam
1401 1695 1491 1796 regi·

250 1807 317 1882 bus
345 1809 417 1882 suis
444 1805 716 1906 praestitissent
761 1802 808 1879 Se
834 1807 871 1880 in
896 1807 1081 1905 praecipiti
1108 1820 1145 1883 et
1170 1809 1307 1884 lubrico
1334 1819 1491 1883 stantem
1512 1825 1544 1872 10

249 1922 434 1995 eonsilium
460 1945 483 1993 a
508 1918 687 2018 praesenti
713 1918 927 1992 necessitate
942 1920 1125 2016 repetisse.
1157 1919 1317 1996 Dareum
1337 1943 1489 2017 quoque,

248 2059 328 2105 cum
356 2031 544 2105 occidisset
569 2028 733 2130 Bagoon,
767 2028 835 2102 hac
867 2032 1098 2104 excusatione
1131 2033 1344 2108 satisfecisse
1378 2055 1490 2129 popu·

247 2144 397 2236 laribuS,
429 2141 526 2240 quod
551 2141 779 2214 insidiantem
805 2141 871 2214 sibi
898 2143 1147 2217 interemisset.
1199 2143 1295 2218 Nihil
1321 2141 1539 2217 esseni-11

251 2254 338 2326 seris
364 2254 574 2327 mortalibus
602 2253 729 2351 spiritu
755 2252 881 2325 carius.
920 2251 1054 2326 Amore
1081 2255 1156 2328 eius
1184 2255 1231 2329 ad
1257 2257 1384 2329 ultima
1410 2277 1489 2326 esse

248 2366 468 2463 propulsum.
527 2360 599 2436 Sed
639 2387 682 2436 ea
718 2363 832 2459 magis
870 2389 948 2438 esse
980 2376 1159 2458 secutum,
1192 2391 1300 2463 quam
1332 2375 1487 2464 optasse.

249 2475 290 2547 ln
332 2476 511 2548 communi
548 2474 749 2547 calamitate
788 2499 890 2547 suam
923 2503 1099 2576 quemque
1131 2476 1264 2551 habere
1296 2479 1539 2552 fortunarum

283 2659 348 2730 Cap.
369 2667 409 2726 11,
429 2665 453 2727 s.
472 2665 496 2715 8.
532 2659 650 2712 Dareum
668 2659 852 2778 imerceperatp
887 2663 1001 2730 optasse]
1036 2661 1135 2716 Editur
1151 2661 1213 2714 inde
1231 2677 1247 2714 a
1263 2660 1425 2734 principibus
1443 2661 1491 2714 sed

246 2729 291 2782 An
309 2731 485 2799 interfecerat,
503 2735 534 2780 ut
553 2727 632 2780 Bern.
650 2726 673 2779 B
692 2725 767 2805 Flon
781 2726 834 2806 llll
887 2746 917 2782 ea
934 2731 1020 2798 muyie
1038 2747 1094 2785 esre
1112 2740 1226 2784 secutum
1249 2747 1334 2799 qaae
1360 2731 1489 2800 cotyla-

248 2797 297 2850 nisi
316 2801 468 2868 intercipere
494 2795 563 2850 idem
589 2795 644 2848 fere
667 2809 724 2848 esee
742 2795 850 2848 dromus
885 2807 941 2850 eet
958 2801 1176 2863 necessitas,
1198 2815 1299 2867 qaam
1316 2815 1383 2867 quoe
1400 2808 1490 2867 optas-

248 2865 322 2936 quod
338 2875 380 2920 est
397 2884 451 2920 com
471 2867 618 2932 retendere,
636 2874 686 2916 uec
703 2863 851 2918 tameuhoc
884 2875 931 2932 eet,
949 2883 1017 2936 quac
1034 2866 1071 2921 sic
1088 2866 1116 2919 in
1125 2866 1198 2920 nullo
1212 2865 1280 2920 libro
1294 2883 1373 2919 manu
1388 2865 1439 2920 seri
1460 2873 1489 2918 to

247 2935 297 2988 nisi
320 2934 342 2988 si
369 2935 403 2988 ad
428 2885 611 2988 Alexandrum
636 2931 781 2986 refenetur
798 2931 848 2985 dici
884 2931 937 3002 legi
960 2942 1073 3000 constat,
1093 2943 1221 3005 quantum
1248 2935 1354 3004 quidem
1375 2951 1410 2988 ex
1427 2883 1489 3013 idle,

247 3013 345 3073 posset,
363 3003 435 3074 prius
453 3021 532 3075 quam
541 3001 694 3056 Alexander
711 3015 744 3053 eo
761 3007 851 3071 posset
885 3018 950 3071 quos
968 3002 1113 3056 accuratius
1131 3002 1280 3074 descriptos
1295 3003 1431 3070 habemus,
1449 3020 1489 3054 rn-

247 3071 336 3143 potiri.
884 3067 1034 3151 telligimus.
1069 3070 1164 3125 Nostri
1181 3087 1272 3126 omnes
1290 3079 1319 3136 et
1336 3074 1412 3125 Voss.
1432 3075 1488 3123 1.2

281 3143 305 3210 ς.
324 3148 348 3194 9.
375 3144 565 3210 perducentes
583 3147 608 3192 et
625 3140 734 3207 triyinto
752 3138 848 3207 aanor]
884 3140 1250 3209 medrahaecquoecoeyirset
1259 3142 1488 3208 necessitasquum

247 3210 347 3264 Omnes
372 3209 448 3263 codd.
478 3209 511 3262 ed
537 3207 598 3260 edd.
623 3214 743 3260 vetum
774 3211 798 3257 Π
826 3215 850 3258 et
884 3207 1445 3278 omittunt,Leid.etiemquomquuePsl.l,
1458 3213 1489 3258 ut

250 3279 323 3330 000
347 3277 390 3331 vel
416 3277 511 3330 omissa
538 3274 634 3329 lineola
660 3276 692 3328 Il
718 3283 743 3326 et
769 3275 849 3329 000.
884 3275 1006 3356 traditur,
1017 3283 1122 3330 tantum
1133 3293 1199 3345 quae
1209 3278 1330 3345 coepisset
1339 3277 1490 3330 necessitas.

247 3345 373 3400 Correxit
396 3344 486 3398 Iunitm
512 3344 653 3397 secundum
671 3357 717 3408 rv,
739 3349 782 3412 54,
805 3343 852 3397 ubi
884 3342 942 3398 lam
958 3344 980 3396 si
998 3351 1037 3397 rte
1053 3343 1195 3398 scribemus
1210 3355 1241 3399 ut
1249 3351 1399 3398 nostrorum
1409 3343 1488 3397 codd.

247 3414 304 3484 ipse
329 3413 430 3466 Dareus
457 3412 521 3466 dicit
546 3411 580 3465 im
616 3411 683 3464 rium
709 3411 850 3465 Persarum
884 3429 1024 3466 consensus
1042 3412 1160 3485 postulet
1173 3415 1488 3482 eamopiseeserecatmn

246 3483 551 3604 {idoldiiuilmlii
572 3487 706 3601 diiii
729 3479 849 3602 titt:
883 3479 1489 3603 ttttttttttltttffittttt

247 3635 312 3672 esse.
348 3616 459 3672 Poterat
482 3615 588 3686 quidem
639 3616 780 3670 ebarzsnes
797 3617 849 3670 alia
883 3615 1051 3683 Alexander,
1070 3634 1124 3670 non
1140 3627 1173 3671 ut
1215 3635 1286 3671 essue
1304 3616 1424 3670 domiuus
1442 3617 1487 3669 lie-

247 3683 849 3809 ttttttttttttttattmt
882 3683 1489 3808 t‘rjttnttflttttffltstttt

249 3825 372 3894 cuiquam
389 3821 527 3876 verisimile
544 3821 571 3874 vi
590 3821 685 3876 abitur.
882 3769 993 3873 mdlesta
1022 3821 1086 3875 haec
1119 3821 1243 3876 adulatio.
1266 3794 1273 3808 ⁹
1293 3820 1489 3892 corrigendum

284 3897 308 3959 s.
328 3899 368 3946 10.
395 3893 564 3945 insidiantem
586 3892 638 3944 sibi
665 3891 835 3944 intermiscet
882 3888 970 3969 potius
996 3887 1135 3943 videbatur
1160 3909 1238 3960 qaam
1263 3889 1443 3960 opimaris„
1460 3903 1489 3941 se

247 3960 333 4015 Deest
354 3961 406 4014 riti
432 3959 459 4013 in
481 3959 544 4013 edit.
571 3959 697 4012 Modiana
721 3967 751 4013 et
773 3956 820 4011 Lei
841 3999 847 4011 .
881 3975 910 4010 ru
936 3957 1182 4029 comprehendendo
1200 3958 1290 4012 Dareo
1307 3957 1363 4012 aliis
1385 3959 1488 4012 obtem-

247 4030 324 4083 Voss.
344 4037 357 4083 l
376 4028 457 4082 Bam,
474 4027 512 4090 A;
536 4027 601 4080 item
621 4027 649 4080 in
670 4027 740 4080 Flor.
758 4025 849 4079 EFHI
1004 4025 1087 4095 magis
1103 4043 1182 4096 quam
1197 4027 1283 4097 ipsum
1298 4025 1488 4097 illudoptene

247 4098 328 4152 Bern.
346 4097 369 4151 B
387 4095 445 4149 Pal.
466 4102 479 4147 1
498 4095 609 4148 Vocat
646 4094 673 4148 ui
690 4095 790 4148 habent
807 4097 848 4147 in-
905 4111 983 4162 equor
1000 4095 1078 4159 iaec,
1095 4105 1240 4175 noaopto,
1258 4095 1322 4167 quin
1345 4095 1396 4149 hoc
1411 4110 1489 4147 sensu

248 4168 387 4220 ridientem
399 4165 559 4234 pereraiaset.
660 4169 771 4216 tuentur
788 4178 849 4216 cum
882 4171 955 4215 recte
981 4169 1010 4215 et
1031 4161 1127 4216 Latine
1159 4163 1266 4216 dicatur
1292 4161 1408 4217 dubitari
1433 4179 1489 4215 non

248 4233 367 4288 aliisduo
383 4251 400 4287 0
419 4230 710 4302 timiFlor.rmlgstun‚
724 4231 848 4284 neandeo
883 4238 980 4300 potest,
998 4247 1057 4283 cnm
1074 4232 1149 4300 requi
1166 4231 1282 4301 aliquam
1299 4247 1356 4284 rem
1370 4230 1406 4284 sit
1418 4228 1489 4283 trahi

248 4319 342 4375 pareus
359 4317 406 4354 ver
441 4317 499 4353 rum
511 4299 617 4364 Curtius
635 4306 684 4362 est,
702 4307 734 4352 ut
750 4317 849 4370 prono·
883 4299 917 4351 ab
935 4313 982 4366 a,
999 4299 1026 4351 vi
1044 4297 1139 4353 adduci
1157 4297 1185 4353 in
1202 4315 1262 4353 eam
1279 4308 1390 4382 partem,
1409 4299 1441 4352 es.
1458 4311 1488 4363 v,

249 4388 318 4438 men,
337 4369 410 4440 quod
427 4367 547 4421 nonnihil
564 4368 599 4421 sd
616 4367 774 4422 sententiam
787 4385 850 4422 con-
885 4371 927 4434 lt,
939 4369 1117 4420 littrotebaat
1133 4370 1219 4438 mopis
1237 4370 1392 4422 adtenuatae
1410 4383 1489 4438 qoam

249 4441 310 4506 fert,
329 4437 445 4491 omisime
462 4435 591 4490 videatur.
883 4437 1071 4502 serebantur,
1096 4434 1113 4488 i.
1130 4451 1153 4488 e.
1181 4453 1260 4507 quarn
1286 4437 1319 4490 ab
1336 4435 1387 4490 illis
1406 4434 1489 4488 addu-

283 4511 306 4578 §.
335 4515 375 4562 11.
414 4507 500 4576 mapie
533 4523 590 4561 esee
623 4515 736 4560 semaam
772 4523 851 4576 quom
886 4453 1022 4558 celantur.
