3214 5288
214 395 269 446 x11
720 395 939 448 PRAEFATIO.

213 603 290 651 rem
315 603 387 650 non
414 578 603 675 pertinent,
630 577 695 652 sed
719 579 895 651 infinitam
920 589 1085 652 veterum
1102 579 1326 652 librariorum
1344 580 1448 652 licen·

214 706 301 778 tiam
333 703 600 812 demonstrant,
636 706 673 779 in
699 705 932 806 appendicem
965 707 1081 780 reieci.
1142 705 1322 780 Videntur
1353 707 1448 779 enim

214 831 261 904 ad
294 830 551 931 plenitudinem
586 834 704 931 operis
741 835 962 910 necessariae
993 859 1089 925 esse,
1127 835 1333 940 habentque
1365 857 1450 907 eum

213 986 328 1050 usum,
355 970 396 1032 ut
422 969 459 1032 et
484 959 715 1056 cognationes
742 955 904 1034 codicum
926 962 1056 1035 certius
1074 961 1271 1059 distinguas
1290 972 1327 1034 et
1343 962 1447 1035 libra·

213 1088 347 1162 riorum
372 1086 515 1184 ingenia
541 1085 734 1186 solitasque
766 1088 943 1165 scribendi
969 1090 1213 1163 aberrationes
1241 1113 1446 1187 cognoscas,

213 1241 289 1290 rem
321 1215 357 1288 in
391 1212 592 1286 exercenda
623 1215 832 1290 Latinorum
866 1219 1038 1292 librorum
1073 1216 1192 1289 critice
1227 1217 1371 1290 minime
1396 1217 1447 1290 in-

214 1344 346 1416 utilem.
398 1346 523 1445 Neque
550 1359 670 1421 tamen
696 1345 765 1418 boc
790 1371 811 1418 a
838 1370 896 1418 me
922 1345 1083 1418 obtinere
1109 1345 1226 1442 potui,
1262 1355 1303 1417 ut
1329 1346 1448 1418 omnia

214 1472 358 1547 omnino
384 1475 546 1549 codicum
571 1497 656 1548 mss.
689 1483 726 1545 et
756 1497 851 1546 nune
882 1473 1036 1570 primum
1062 1484 1100 1546 et
1126 1472 1210 1545 olim
1236 1473 1448 1545 collatorum

214 1600 391 1674 scribendi
417 1603 569 1677 ludibria
594 1625 850 1702 proponerem:
878 1600 987 1672 immo
1013 1625 1156 1674 omnem
1181 1600 1275 1672 hanc
1301 1598 1447 1697 diligen·

214 1727 299 1798 tiam
325 1728 361 1801 in
388 1729 600 1804 Florentinis
627 1726 937 1823 Beruensibusque
973 1738 1010 1800 et
1040 1727 1101 1824 qui
1128 1752 1149 1798 a
1175 1723 1446 1823 Snakenburgio

215 1856 334 1929 collati
361 1869 447 1932 sunt
472 1858 571 1931 libris
608 1855 765 1931 continui
801 1855 846 1927 ab
873 1854 915 1926 iis
942 1854 1058 1944 libris,
1098 1853 1142 1926 de
1168 1879 1321 1951 quorum
1346 1879 1447 1926 accu-

214 1993 293 2056 rata
320 1987 507 2060 collatione
541 2009 668 2084 parum
700 1992 860 2072 constat,
894 1981 1051 2056 abstinui
1085 1980 1236 2078 ideoque
1262 1981 1446 2054 Freinshe-

213 2111 371 2185 mianum
395 2113 495 2186 illum
520 2112 729 2200 thesaurum
744 2111 1000 2186 incertissimae
1018 2110 1241 2183 auctoritatis
1259 2134 1331 2182 non
1350 2109 1447 2207 expi-

214 2238 295 2330 lavi,
322 2250 463 2314 tantum
488 2238 585 2338 quod
611 2239 765 2312 Palatini
793 2242 812 2310 1
841 2237 967 2312 ceteris
994 2235 1197 2336 diligentius
1223 2239 1342 2311 collati
1366 2263 1447 2311 cum

215 2367 350 2464 aliquot
379 2367 593 2442 Florentinis
625 2368 874 2466 cognationem
908 2365 1120 2440 lectionibus
1152 2365 1367 2440 annotandis
1395 2391 1446 2440 se·

117 2479 120 2485 ¹
215 2493 300 2568 dulo
326 2504 535 2593 persecutus
563 2519 653 2568 sum.

318 2621 390 2698 Sed
425 2623 592 2721 quoniam
624 2623 818 2718 verborum
853 2620 973 2694 critice
1004 2630 1042 2694 et
1074 2621 1307 2720 grammatica
1341 2621 1447 2694 inter·

214 2750 368 2851 pretatio
394 2751 470 2826 sine
495 2776 617 2825 rerum
642 2749 888 2848 exploratione
907 2749 1051 2822 minime
1072 2748 1244 2846 procedit,
1271 2774 1448 2823 commen-

213 2880 386 2953 tariorum
411 2905 484 2953 non
511 2879 641 2976 exigua
665 2902 749 2977 pars
775 2877 813 2948 in
839 2875 946 2950 rebus
972 2877 1149 2950 historicis
1176 2887 1213 2951 et
1238 2877 1447 2974 geographi·

214 3008 264 3082 cis
291 3016 328 3081 et
353 3017 539 3081 auctorum
565 3017 744 3096 veterum,
776 3005 837 3102 qui
872 3003 916 3078 dc
943 3005 1051 3077 rebus
1076 3003 1275 3077 Alexandri
1301 3005 1448 3102 scripse·
1496 3105 1505 3110 -

214 3145 317 3226 runt,
356 3137 622 3235 comparatione
658 3144 833 3208 versatur.
896 3129 1121 3229 Quamquam
1158 3132 1195 3203 in
1234 3157 1277 3206 eo
1317 3157 1448 3230 genere

215 3287 357 3336 omnem
383 3263 639 3336 verbositatem
666 3287 707 3334 ac
734 3260 913 3334 derebus
940 3258 1083 3332 incertis
1109 3284 1176 3331 nec
1202 3259 1249 3332 ad
1275 3259 1447 3357 liquidum

214 3389 450 3489 perducendis
476 3387 682 3487 disputandi
708 3387 890 3461 libidinem
916 3371 1128 3485 compressi,
1165 3386 1251 3460 dum
1277 3385 1448 3461 adiuvare

216 3515 257 3606 Q.
285 3515 398 3591 Curtii
424 3517 627 3608 lectionem,
665 3541 738 3588 non
773 3515 887 3613 ipsam
918 3516 1105 3588 historiam
1140 3541 1305 3590 enarrare
1331 3515 1447 3614 cupio

216 3619 321 3734 Quod
348 3670 419 3741 quo
445 3645 557 3741 magis
592 3667 818 3740 assequerer,
862 3642 1022 3717 tabulam
1056 3645 1331 3742 geographicam
1357 3642 1448 3716 desi·

214 3770 395 3870 gnandam
427 3773 589 3869 libroque
623 3769 857 3846 adiiciendum
891 3771 1033 3862 curavi,
1072 3772 1229 3844 maximo
1265 3796 1336 3868 quo
1370 3771 1448 3844 ficri

214 3898 332 3997 potuit
362 3898 482 3972 studio
517 3899 712 3973 secundum
745 3899 1070 3974 recentissimorum
1104 3909 1291 3974 auctorum
1327 3899 1448 3972 obser·

215 4025 377 4100 vationes
411 4027 664 4124 compositam,
708 4051 775 4099 nec
809 4036 931 4099 tamen
966 4050 990 4100 a
1020 4025 1243 4102 coniectandi
1281 4027 1445 4125 periculis

214 4155 373 4230 liberam
426 4150 520 4228 Satis
548 4154 642 4228 euim
668 4163 821 4245 constat,
846 4153 926 4228 illas
952 4164 1068 4228 terras
1094 4156 1163 4228 hac
1189 4167 1308 4228 aetate
1330 4155 1447 4228 minus

216 4306 295 4355 esse
320 4283 498 4378 cognitas,
534 4307 641 4379 quam
666 4283 812 4356 fuenmt
836 4283 1039 4369 veteribus,
1076 4295 1113 4356 et
1138 4282 1175 4355 in
1203 4281 1447 4356 describendis

214 4410 308 4507 regis
334 4409 532 4483 Alexandri
557 4410 742 4484 itineribus
768 4408 945 4508 quaedam
970 4411 1017 4482 ob
1045 4421 1233 4484 auctorum
1259 4410 1446 4485 dissensio·

215 4562 299 4610 nem
324 4547 554 4634 nostramque
584 4539 745 4612 locorum
777 4538 1037 4636 ignorationem
1072 4563 1139 4638 pro
1170 4539 1315 4612 incertis
1349 4537 1448 4614 dere·
