<?xml version="1.0" encoding="UTF-8"?>
<!DOCTYPE html PUBLIC "-//W3C//DTD XHTML 1.0 Transitional//EN"
    "http://www.w3.org/TR/xhtml1/DTD/xhtml1-transitional.dtd">
<html xmlns="http://www.w3.org/1999/xhtml" xml:lang="en" lang="en">
 <head>
  <title>
</title>
<meta http-equiv="Content-Type" content="text/html;charset=utf-8" />
  <meta name='ocr-system' content='tesseract 3.04.00' />
  <meta name='ocr-capabilities' content='ocr_page ocr_carea ocr_par ocr_line ocrx_word'/>
</head>
<body>
  <div class='ocr_page' id='page_1' title='image "./qcurtiirufidege00zumpgoog_0014.png"; bbox 0 0 3202 5288; ppageno 0'>
   <div class='ocr_carea' id='block_1_1' title="bbox 535 1174 1045 1278">
    <p class='ocr_par' dir='ltr' id='par_1_1' title="bbox 535 1174 1045 1278">
     <span class='ocr_line' id='line_1_1' title="bbox 535 1174 1045 1278; baseline 0.002 -1"><span class='ocrx_word' id='word_1_1' title='bbox 535 1174 1045 1278; x_wconf 83' lang='lat' dir='ltr'><strong>PRAEFATIO.</strong></span> 
     </span>
    </p>
   </div>
   <div class='ocr_carea' id='block_1_2' title="bbox 169 1714 1465 4256">
    <p class='ocr_par' dir='ltr' id='par_1_2' title="bbox 169 1714 1465 4256">
     <span class='ocr_line' id='line_1_2' title="bbox 277 1714 1409 1826; baseline 0.003 -29"><span class='ocrx_word' id='word_1_2' title='bbox 277 1721 320 1813; x_wconf 79' lang='lat' dir='ltr'>Q.</span> <span class='ocrx_word' id='word_1_3' title='bbox 347 1721 460 1797; x_wconf 80' lang='lat' dir='ltr'>Crmtii</span> <span class='ocrx_word' id='word_1_4' title='bbox 485 1721 569 1796; x_wconf 85' lang='lat' dir='ltr'>Rufi</span> <span class='ocrx_word' id='word_1_5' title='bbox 604 1714 714 1794; x_wconf 76' lang='lat' dir='ltr'>lib&#39;ros</span> <span class='ocrx_word' id='word_1_6' title='bbox 750 1718 796 1794; x_wconf 90' lang='lat' dir='ltr'>de</span> <span class='ocrx_word' id='word_1_7' title='bbox 827 1723 937 1820; x_wconf 86' lang='lat' dir='ltr'>gestis</span> <span class='ocrx_word' id='word_1_8' title='bbox 963 1721 1308 1822; x_wconf 78' lang='lat' dir='ltr'>AlexandriMagni</span> <span class='ocrx_word' id='word_1_9' title='bbox 1339 1725 1409 1826; x_wconf 88' lang='lat' dir='ltr'>pri·</span> 
     </span>
     <span class='ocr_line' id='line_1_3' title="bbox 171 1847 1409 1953; baseline 0.002 -27"><span class='ocrx_word' id='word_1_10' title='bbox 171 1878 272 1926; x_wconf 88' lang='lat' dir='ltr'>mum</span> <span class='ocrx_word' id='word_1_11' title='bbox 297 1851 459 1926; x_wconf 86' lang='lat' dir='ltr'>recensui</span> <span class='ocrx_word' id='word_1_12' title='bbox 485 1849 752 1946; x_wconf 89' lang='lat' dir='ltr'>recensitosque</span> <span class='ocrx_word' id='word_1_13' title='bbox 778 1847 874 1924; x_wconf 91' lang='lat' dir='ltr'>edidi</span> <span class='ocrx_word' id='word_1_14' title='bbox 899 1877 931 1924; x_wconf 91' lang='lat' dir='ltr'>a.</span> <span class='ocrx_word' id='word_1_15' title='bbox 961 1853 1058 1924; x_wconf 78' lang='lat'>1826</span> <span class='ocrx_word' id='word_1_16' title='bbox 1085 1849 1241 1926; x_wconf 86' lang='lat' dir='ltr'>Berollni</span> <span class='ocrx_word' id='word_1_17' title='bbox 1263 1855 1409 1953; x_wconf 88' lang='lat' dir='ltr'>sumpti·</span> 
     </span>
     <span class='ocr_line' id='line_1_4' title="bbox 171 1975 1408 2076; baseline -0.001 -20"><span class='ocrx_word' id='word_1_18' title='bbox 171 1982 240 2056; x_wconf 86' lang='lat' dir='ltr'>bus</span> <span class='ocrx_word' id='word_1_19' title='bbox 272 1977 491 2054; x_wconf 92' lang='lat' dir='ltr'>Duemmleri</span> <span class='ocrx_word' id='word_1_20' title='bbox 526 1977 750 2076; x_wconf 69' lang='lat' dir='ltr'>bibliopolae.</span> <span class='ocrx_word' id='word_1_21' title='bbox 808 1975 851 2049; x_wconf 91' lang='lat' dir='ltr'>In</span> <span class='ocrx_word' id='word_1_22' title='bbox 876 1979 1102 2076; x_wconf 73' lang='lat' dir='ltr'>praefatione</span> <span class='ocrx_word' id='word_1_23' title='bbox 1131 1980 1207 2052; x_wconf 91' lang='lat' dir='ltr'>eius</span> <span class='ocrx_word' id='word_1_24' title='bbox 1243 1978 1408 2055; x_wconf 84' lang='lat' dir='ltr'>editionis</span> 
     </span>
     <span class='ocr_line' id='line_1_5' title="bbox 172 2104 1409 2208; baseline 0 -26"><span class='ocrx_word' id='word_1_25' title='bbox 172 2108 335 2208; x_wconf 85' lang='lat' dir='ltr'>pluribus</span> <span class='ocrx_word' id='word_1_26' title='bbox 360 2107 481 2182; x_wconf 85' lang='lat' dir='ltr'>verbis</span> <span class='ocrx_word' id='word_1_27' title='bbox 508 2104 659 2204; x_wconf 83' lang='lat' dir='ltr'>exposui</span> <span class='ocrx_word' id='word_1_28' title='bbox 692 2129 783 2208; x_wconf 86' lang='lat' dir='ltr'>quae</span> <span class='ocrx_word' id='word_1_29' title='bbox 805 2130 873 2204; x_wconf 73' lang='lat' dir='ltr'>nme</span> <span class='ocrx_word' id='word_1_30' title='bbox 898 2129 1028 2180; x_wconf 87' lang='lat' dir='ltr'>causae</span> <span class='ocrx_word' id='word_1_31' title='bbox 1054 2105 1223 2181; x_wconf 90' lang='lat' dir='ltr'>adhunc</span> <span class='ocrx_word' id='word_1_32' title='bbox 1248 2109 1409 2184; x_wconf 92' lang='lat' dir='ltr'>laborem</span> 
     </span>
     <span class='ocr_line' id='line_1_6' title="bbox 172 2232 1408 2336; baseline 0 -25"><span class='ocrx_word' id='word_1_33' title='bbox 172 2237 395 2336; x_wconf 80' lang='lat' dir='ltr'>impulerint,</span> <span class='ocrx_word' id='word_1_34' title='bbox 431 2233 636 2331; x_wconf 83' lang='lat' dir='ltr'>quibusque</span> <span class='ocrx_word' id='word_1_35' title='bbox 664 2233 862 2316; x_wconf 85' lang='lat' dir='ltr'>rationibus</span> <span class='ocrx_word' id='word_1_36' title='bbox 889 2232 1018 2307; x_wconf 90' lang='lat' dir='ltr'>ductus</span> <span class='ocrx_word' id='word_1_37' title='bbox 1043 2233 1187 2308; x_wconf 87' lang='lat' dir='ltr'>foedam</span> <span class='ocrx_word' id='word_1_38' title='bbox 1213 2238 1408 2336; x_wconf 89' lang='lat' dir='ltr'>corruptio·</span> 
     </span>
     <span class='ocr_line' id='line_1_7' title="bbox 171 2361 1465 2463; baseline 0.001 -25"><span class='ocrx_word' id='word_1_39' title='bbox 171 2390 256 2438; x_wconf 89' lang='lat' dir='ltr'>nem</span> <span class='ocrx_word' id='word_1_40' title='bbox 280 2361 543 2460; x_wconf 86' lang='lat' dir='ltr'>indagaverim,</span> <span class='ocrx_word' id='word_1_41' title='bbox 578 2384 685 2458; x_wconf 86' lang='lat' dir='ltr'>quam</span> <span class='ocrx_word' id='word_1_42' title='bbox 721 2362 1003 2460; x_wconf 84' lang='lat' dir='ltr'>elegantissimus</span> <span class='ocrx_word' id='word_1_43' title='bbox 1038 2363 1191 2463; x_wconf 81' lang='lat' dir='ltr'>scriptor</span> <span class='ocrx_word' id='word_1_44' title='bbox 1221 2365 1259 2437; x_wconf 91' lang='lat' dir='ltr'>in</span> <span class='ocrx_word' id='word_1_45' title='bbox 1284 2366 1407 2463; x_wconf 82' lang='lat' dir='ltr'>vulga·</span> <span class='ocrx_word' id='word_1_46' title='bbox 1461 2377 1465 2386; x_wconf 89' lang='lat'>&#39;</span> 
     </span>
     <span class='ocr_line' id='line_1_8' title="bbox 170 2489 1407 2588; baseline 0.001 -22"><span class='ocrx_word' id='word_1_47' title='bbox 170 2493 270 2567; x_wconf 89' lang='lat' dir='ltr'>ribus</span> <span class='ocrx_word' id='word_1_48' title='bbox 306 2489 520 2566; x_wconf 79' lang='lat' dir='ltr'>editionibus</span> <span class='ocrx_word' id='word_1_49' title='bbox 554 2513 745 2588; x_wconf 88' lang='lat' dir='ltr'>perpessus</span> <span class='ocrx_word' id='word_1_50' title='bbox 781 2493 858 2564; x_wconf 85' lang='lat' dir='ltr'>est¹</span> <span class='ocrx_word' id='word_1_51' title='bbox 915 2489 1058 2564; x_wconf 80' lang='lat' dir='ltr'>Accidit</span> <span class='ocrx_word' id='word_1_52' title='bbox 1091 2492 1186 2564; x_wconf 90' lang='lat' dir='ltr'>enim</span> <span class='ocrx_word' id='word_1_53' title='bbox 1211 2491 1280 2583; x_wconf 90' lang='lat' dir='ltr'>&#39;ut,</span> <span class='ocrx_word' id='word_1_54' title='bbox 1325 2517 1407 2566; x_wconf 90' lang='lat' dir='ltr'>cum</span> 
     </span>
     <span class='ocr_line' id='line_1_9' title="bbox 172 2615 1407 2720; baseline 0 -26"><span class='ocrx_word' id='word_1_55' title='bbox 172 2620 350 2720; x_wconf 85' lang='lat' dir='ltr'>principes</span> <span class='ocrx_word' id='word_1_56' title='bbox 377 2615 550 2692; x_wconf 89' lang='lat' dir='ltr'>editiones</span> <span class='ocrx_word' id='word_1_57' title='bbox 576 2641 624 2692; x_wconf 85' lang='lat' dir='ltr'>ex</span> <span class='ocrx_word' id='word_1_58' title='bbox 648 2618 826 2716; x_wconf 86' lang='lat' dir='ltr'>corruptis</span> <span class='ocrx_word' id='word_1_59' title='bbox 851 2617 1101 2716; x_wconf 82' lang='lat' dir='ltr'>manuscriptis</span> <span class='ocrx_word' id='word_1_60' title='bbox 1126 2617 1255 2693; x_wconf 85' lang='lat' dir='ltr'>ductae</span> <span class='ocrx_word' id='word_1_61' title='bbox 1278 2631 1407 2714; x_wconf 87' lang='lat' dir='ltr'>essent,</span> 
     </span>
     <span class='ocr_line' id='line_1_10' title="bbox 171 2743 1412 2843; baseline 0 -21"><span class='ocrx_word' id='word_1_62' title='bbox 171 2748 334 2822; x_wconf 87' lang='lat' dir='ltr'>homines</span> <span class='ocrx_word' id='word_1_63' title='bbox 360 2744 473 2836; x_wconf 91' lang='lat' dir='ltr'>docti,</span> <span class='ocrx_word' id='word_1_64' title='bbox 508 2745 569 2843; x_wconf 90' lang='lat' dir='ltr'>qui</span> <span class='ocrx_word' id='word_1_65' title='bbox 593 2755 721 2843; x_wconf 87' lang='lat' dir='ltr'>postea</span> <span class='ocrx_word' id='word_1_66' title='bbox 752 2745 799 2819; x_wconf 86' lang='lat' dir='ltr'>ad</span> <span class='ocrx_word' id='word_1_67' title='bbox 826 2743 989 2820; x_wconf 80' lang='lat' dir='ltr'>Curtium</span> <span class='ocrx_word' id='word_1_68' title='bbox 1021 2745 1284 2822; x_wconf 87' lang='lat' dir='ltr'>emendandum</span> <span class='ocrx_word' id='word_1_69' title='bbox 1311 2774 1412 2822; x_wconf 60' lang='lat' dir='ltr'>acces</span> 
     </span>
     <span class='ocr_line' id='line_1_11' title="bbox 173 2871 1409 2968; baseline 0 -18"><span class='ocrx_word' id='word_1_70' title='bbox 173 2875 319 2966; x_wconf 87' lang='lat' dir='ltr'>derant,</span> <span class='ocrx_word' id='word_1_71' title='bbox 354 2873 513 2948; x_wconf 86' lang='lat' dir='ltr'>subsidia</span> <span class='ocrx_word' id='word_1_72' title='bbox 546 2871 708 2947; x_wconf 91' lang='lat' dir='ltr'>codicum</span> <span class='ocrx_word' id='word_1_73' title='bbox 742 2899 827 2968; x_wconf 87' lang='lat' dir='ltr'>mss.</span> <span class='ocrx_word' id='word_1_74' title='bbox 859 2884 924 2948; x_wconf 90' lang='lat' dir='ltr'>aut</span> <span class='ocrx_word' id='word_1_75' title='bbox 956 2875 1056 2948; x_wconf 90' lang='lat' dir='ltr'>nulla</span> <span class='ocrx_word' id='word_1_76' title='bbox 1090 2884 1253 2948; x_wconf 87' lang='lat' dir='ltr'>autnon</span> <span class='ocrx_word' id='word_1_77' title='bbox 1278 2875 1409 2950; x_wconf 87' lang='lat' dir='ltr'>idonea</span> 
     </span>
     <span class='ocr_line' id='line_1_12' title="bbox 170 2988 1408 3098; baseline -0.001 -20"><span class='ocrx_word' id='word_1_78' title='bbox 170 3003 363 3092; x_wconf 87' lang='lat' dir='ltr'>haberent,</span> <span class='ocrx_word' id='word_1_79' title='bbox 389 3011 453 3074; x_wconf 89' lang='lat' dir='ltr'>aut</span> <span class='ocrx_word' id='word_1_80' title='bbox 479 3001 509 3074; x_wconf 88' lang='lat' dir='ltr'>si</span> <span class='ocrx_word' id='word_1_81' title='bbox 535 3026 606 3098; x_wconf 90' lang='lat' dir='ltr'>qua</span> <span class='ocrx_word' id='word_1_82' title='bbox 630 2988 807 3075; x_wconf 89' lang='lat' dir='ltr'>haberent</span> <span class='ocrx_word' id='word_1_83' title='bbox 831 3001 976 3092; x_wconf 87' lang='lat' dir='ltr'>idonea,</span> <span class='ocrx_word' id='word_1_84' title='bbox 1011 3027 1084 3074; x_wconf 92' lang='lat' dir='ltr'>non</span> <span class='ocrx_word' id='word_1_85' title='bbox 1111 3013 1324 3094; x_wconf 88' lang='lat' dir='ltr'>uterentur,·</span> <span class='ocrx_word' id='word_1_86' title='bbox 1345 3014 1408 3077; x_wconf 89' lang='lat' dir='ltr'>aut</span> 
     </span>
     <span class='ocr_line' id='line_1_13' title="bbox 172 3129 1407 3230; baseline 0.001 -25"><span class='ocrx_word' id='word_1_87' title='bbox 172 3132 301 3230; x_wconf 90' lang='lat' dir='ltr'>quibus</span> <span class='ocrx_word' id='word_1_88' title='bbox 336 3140 527 3227; x_wconf 89' lang='lat' dir='ltr'>utrumque</span> <span class='ocrx_word' id='word_1_89' title='bbox 562 3129 780 3227; x_wconf 84' lang='lat' dir='ltr'>contigerat,</span> <span class='ocrx_word' id='word_1_90' title='bbox 819 3138 861 3202; x_wconf 90' lang='lat' dir='ltr'>ut</span> <span class='ocrx_word' id='word_1_91' title='bbox 900 3138 937 3202; x_wconf 91' lang='lat' dir='ltr'>et</span> <span class='ocrx_word' id='word_1_92' title='bbox 970 3130 1073 3202; x_wconf 89' lang='lat' dir='ltr'>bonis</span> <span class='ocrx_word' id='word_1_93' title='bbox 1108 3130 1207 3206; x_wconf 88' lang='lat' dir='ltr'>libris</span> <span class='ocrx_word' id='word_1_94' title='bbox 1242 3130 1407 3206; x_wconf 86' lang='lat' dir='ltr'>instructi</span> 
     </span>
     <span class='ocr_line' id='line_1_14' title="bbox 172 3255 1408 3352; baseline 0 -18"><span class='ocrx_word' id='word_1_95' title='bbox 172 3269 294 3334; x_wconf 89' lang='lat' dir='ltr'>essent</span> <span class='ocrx_word' id='word_1_96' title='bbox 319 3269 357 3332; x_wconf 88' lang='lat' dir='ltr'>et</span> <span class='ocrx_word' id='word_1_97' title='bbox 381 3257 423 3332; x_wconf 89' lang='lat' dir='ltr'>iis</span> <span class='ocrx_word' id='word_1_98' title='bbox 458 3256 507 3331; x_wconf 91' lang='lat' dir='ltr'>ad</span> <span class='ocrx_word' id='word_1_99' title='bbox 540 3255 804 3332; x_wconf 83' lang='lat' dir='ltr'>emendandum</span> <span class='ocrx_word' id='word_1_100' title='bbox 838 3267 980 3332; x_wconf 86' lang='lat' dir='ltr'>textum</span> <span class='ocrx_word' id='word_1_101' title='bbox 1014 3258 1066 3332; x_wconf 91' lang='lat' dir='ltr'>uti</span> <span class='ocrx_word' id='word_1_102' title='bbox 1102 3257 1295 3352; x_wconf 82' lang='lat' dir='ltr'>auderent,</span> <span class='ocrx_word' id='word_1_103' title='bbox 1334 3285 1408 3335; x_wconf 92' lang='lat' dir='ltr'>non</span> 
     </span>
     <span class='ocr_line' id='line_1_15' title="bbox 170 3382 1407 3485; baseline 0.001 -23"><span class='ocrx_word' id='word_1_104' title='bbox 170 3399 292 3462; x_wconf 87' lang='lat' dir='ltr'>tamen</span> <span class='ocrx_word' id='word_1_105' title='bbox 319 3387 475 3460; x_wconf 82' lang='lat' dir='ltr'>fructum</span> <span class='ocrx_word' id='word_1_106' title='bbox 500 3382 635 3460; x_wconf 84' lang='lat' dir='ltr'>ferrent</span> <span class='ocrx_word' id='word_1_107' title='bbox 658 3384 865 3477; x_wconf 86' lang='lat' dir='ltr'>industriae,</span> <span class='ocrx_word' id='word_1_108' title='bbox 892 3386 988 3484; x_wconf 92' lang='lat' dir='ltr'>quod</span> <span class='ocrx_word' id='word_1_109' title='bbox 1014 3388 1123 3485; x_wconf 87' lang='lat' dir='ltr'>vulgo</span> <span class='ocrx_word' id='word_1_110' title='bbox 1150 3387 1201 3461; x_wconf 86' lang='lat' dir='ltr'>eis</span> <span class='ocrx_word' id='word_1_111' title='bbox 1221 3388 1311 3463; x_wconf 85' lang='lat' dir='ltr'>fides</span> <span class='ocrx_word' id='word_1_112' title='bbox 1334 3413 1407 3463; x_wconf 93' lang='lat' dir='ltr'>non</span> 
     </span>
     <span class='ocr_line' id='line_1_16' title="bbox 171 3512 1406 3614; baseline 0.002 -24"><span class='ocrx_word' id='word_1_113' title='bbox 171 3525 230 3590; x_wconf 88' lang='lat' dir='ltr'>est</span> <span class='ocrx_word' id='word_1_114' title='bbox 254 3515 386 3589; x_wconf 81' lang='lat' dir='ltr'>habita</span> <span class='ocrx_word' id='word_1_115' title='bbox 438 3512 479 3588; x_wconf 90' lang='lat' dir='ltr'>In</span> <span class='ocrx_word' id='word_1_116' title='bbox 506 3515 621 3613; x_wconf 87' lang='lat' dir='ltr'>prima</span> <span class='ocrx_word' id='word_1_117' title='bbox 647 3515 760 3589; x_wconf 87' lang='lat' dir='ltr'>classe</span> <span class='ocrx_word' id='word_1_118' title='bbox 791 3539 932 3607; x_wconf 89' lang='lat' dir='ltr'>eorum,</span> <span class='ocrx_word' id='word_1_119' title='bbox 967 3516 1028 3614; x_wconf 93' lang='lat' dir='ltr'>qui</span> <span class='ocrx_word' id='word_1_120' title='bbox 1058 3540 1134 3588; x_wconf 89' lang='lat' dir='ltr'>rem</span> <span class='ocrx_word' id='word_1_121' title='bbox 1168 3516 1307 3593; x_wconf 89' lang='lat' dir='ltr'>efficere</span> <span class='ocrx_word' id='word_1_122' title='bbox 1333 3543 1406 3592; x_wconf 90' lang='lat' dir='ltr'>non</span> 
     </span>
     <span class='ocr_line' id='line_1_17' title="bbox 170 3641 1406 3744; baseline 0.003 -28"><span class='ocrx_word' id='word_1_123' title='bbox 170 3652 338 3744; x_wconf 89' lang='lat' dir='ltr'>possent,</span> <span class='ocrx_word' id='word_1_124' title='bbox 363 3651 526 3717; x_wconf 88' lang='lat' dir='ltr'>vetustos</span> <span class='ocrx_word' id='word_1_125' title='bbox 553 3641 801 3717; x_wconf 82' lang='lat' dir='ltr'>emendatores</span> <span class='ocrx_word' id='word_1_126' title='bbox 827 3653 866 3720; x_wconf 93' lang='lat' dir='ltr'>et</span> <span class='ocrx_word' id='word_1_127' title='bbox 890 3645 1087 3742; x_wconf 86' lang='lat' dir='ltr'>scripturae</span> <span class='ocrx_word' id='word_1_128' title='bbox 1113 3645 1282 3742; x_wconf 69' lang='lat' dir='ltr'>vulgatae</span> <span class='ocrx_word' id='word_1_129' title='bbox 1307 3671 1406 3744; x_wconf 91' lang='lat' dir='ltr'>repe·</span> 
     </span>
     <span class='ocr_line' id='line_1_18' title="bbox 170 3769 1407 3870; baseline 0.001 -24"><span class='ocrx_word' id='word_1_130' title='bbox 170 3772 298 3846; x_wconf 86' lang='lat' dir='ltr'>titores</span> <span class='ocrx_word' id='word_1_131' title='bbox 324 3770 519 3870; x_wconf 87' lang='lat' dir='ltr'>ponebam;</span> <span class='ocrx_word' id='word_1_132' title='bbox 554 3772 592 3845; x_wconf 92' lang='lat' dir='ltr'>in</span> <span class='ocrx_word' id='word_1_133' title='bbox 625 3771 739 3845; x_wconf 84' lang='lat' dir='ltr'>altera</span> <span class='ocrx_word' id='word_1_134' title='bbox 771 3795 909 3865; x_wconf 88' lang='lat' dir='ltr'>eorum,</span> <span class='ocrx_word' id='word_1_135' title='bbox 944 3771 1004 3870; x_wconf 94' lang='lat' dir='ltr'>qui</span> <span class='ocrx_word' id='word_1_136' title='bbox 1038 3769 1142 3846; x_wconf 93' lang='lat' dir='ltr'>bonis</span> <span class='ocrx_word' id='word_1_137' title='bbox 1177 3773 1306 3847; x_wconf 88' lang='lat' dir='ltr'>oblatis</span> <span class='ocrx_word' id='word_1_138' title='bbox 1332 3799 1407 3848; x_wconf 91' lang='lat' dir='ltr'>non</span> 
     </span>
     <span class='ocr_line' id='line_1_19' title="bbox 169 3897 1406 4000; baseline 0.002 -26"><span class='ocrx_word' id='word_1_139' title='bbox 169 3909 375 3990; x_wconf 84' lang='lat' dir='ltr'>uterentur,</span> <span class='ocrx_word' id='word_1_140' title='bbox 413 3901 603 4000; x_wconf 87' lang='lat' dir='ltr'>praecipue</span> <span class='ocrx_word' id='word_1_141' title='bbox 637 3897 831 3974; x_wconf 89' lang='lat' dir='ltr'>Henricum</span> <span class='ocrx_word' id='word_1_142' title='bbox 866 3897 1192 3998; x_wconf 81' lang='lat' dir='ltr'>Snakenbmgium3</span> <span class='ocrx_word' id='word_1_143' title='bbox 1227 3902 1265 3974; x_wconf 93' lang='lat' dir='ltr'>in</span> <span class='ocrx_word' id='word_1_144' title='bbox 1300 3903 1406 3977; x_wconf 86' lang='lat' dir='ltr'>tertia</span> 
     </span>
     <span class='ocr_line' id='line_1_20' title="bbox 169 4026 1406 4129; baseline 0.002 -27"><span class='ocrx_word' id='word_1_145' title='bbox 169 4027 326 4126; x_wconf 90' lang='lat' dir='ltr'>denique</span> <span class='ocrx_word' id='word_1_146' title='bbox 359 4027 531 4126; x_wconf 87' lang='lat' dir='ltr'>imprimis</span> <span class='ocrx_word' id='word_1_147' title='bbox 565 4027 793 4103; x_wconf 88' lang='lat' dir='ltr'>Franciscum</span> <span class='ocrx_word' id='word_1_148' title='bbox 827 4026 1003 4120; x_wconf 83' lang='lat' dir='ltr'>Medium,</span> <span class='ocrx_word' id='word_1_149' title='bbox 1035 4053 1141 4126; x_wconf 90' lang='lat' dir='ltr'>quem</span> <span class='ocrx_word' id='word_1_150' title='bbox 1172 4054 1343 4129; x_wconf 89' lang='lat' dir='ltr'>prospere</span> <span class='ocrx_word' id='word_1_151' title='bbox 1369 4032 1406 4104; x_wconf 90' lang='lat' dir='ltr'>in</span> 
     </span>
     <span class='ocr_line' id='line_1_21' title="bbox 170 4153 1407 4256; baseline 0.001 -26"><span class='ocrx_word' id='word_1_152' title='bbox 170 4153 397 4231; x_wconf 89' lang='lat' dir='ltr'>emendando</span> <span class='ocrx_word' id='word_1_153' title='bbox 420 4153 545 4231; x_wconf 78' lang='lat' dir='ltr'>Curtio</span> <span class='ocrx_word' id='word_1_154' title='bbox 571 4166 765 4248; x_wconf 89' lang='lat' dir='ltr'>versatum,</span> <span class='ocrx_word' id='word_1_155' title='bbox 792 4155 856 4232; x_wconf 88' lang='lat' dir='ltr'>sed</span> <span class='ocrx_word' id='word_1_156' title='bbox 879 4157 1020 4231; x_wconf 88' lang='lat' dir='ltr'>anullo</span> <span class='ocrx_word' id='word_1_157' title='bbox 1042 4157 1089 4231; x_wconf 91' lang='lat' dir='ltr'>ob</span> <span class='ocrx_word' id='word_1_158' title='bbox 1110 4156 1149 4230; x_wconf 92' lang='lat' dir='ltr'>id</span> <span class='ocrx_word' id='word_1_159' title='bbox 1169 4158 1287 4256; x_wconf 89' lang='lat' dir='ltr'>ipsum</span> <span class='ocrx_word' id='word_1_160' title='bbox 1309 4156 1407 4255; x_wconf 91' lang='lat' dir='ltr'>quod</span> 
     </span>
    </p>
   </div>
   <div class='ocr_carea' id='block_1_3' title="bbox 170 4281 1406 4638">
    <p class='ocr_par' dir='ltr' id='par_1_3' title="bbox 170 4281 1406 4638">
     <span class='ocr_line' id='line_1_22' title="bbox 170 4281 1406 4386; baseline -0.003 -28"><span class='ocrx_word' id='word_1_161' title='bbox 170 4284 352 4386; x_wconf 84' lang='lat' dir='ltr'>praestitit</span> <span class='ocrx_word' id='word_1_162' title='bbox 376 4285 568 4383; x_wconf 89' lang='lat' dir='ltr'>probatum</span> <span class='ocrx_word' id='word_1_163' title='bbox 594 4308 673 4359; x_wconf 86' lang='lat' dir='ltr'>esse</span> <span class='ocrx_word' id='word_1_164' title='bbox 697 4285 949 4385; x_wconf 86' lang='lat' dir='ltr'>intelligebam.</span> <span class='ocrx_word' id='word_1_165' title='bbox 992 4281 1064 4359; x_wconf 87' lang='lat' dir='ltr'>Sed</span> <span class='ocrx_word' id='word_1_166' title='bbox 1083 4295 1199 4359; x_wconf 85' lang='lat' dir='ltr'>totam</span> <span class='ocrx_word' id='word_1_167' title='bbox 1219 4287 1406 4372; x_wconf 89' lang='lat' dir='ltr'>rationem,</span> 
     </span>
     <span class='ocr_line' id='line_1_23' title="bbox 170 4410 1406 4512; baseline -0.009 -25"><span class='ocrx_word' id='word_1_168' title='bbox 170 4437 246 4512; x_wconf 87' lang='lat' dir='ltr'>qua</span> <span class='ocrx_word' id='word_1_169' title='bbox 279 4411 447 4487; x_wconf 84' lang='lat' dir='ltr'>historiae</span> <span class='ocrx_word' id='word_1_170' title='bbox 474 4410 665 4490; x_wconf 75' lang='lat' dir='ltr'>Curtianae</span> <span class='ocrx_word' id='word_1_171' title='bbox 696 4413 899 4488; x_wconf 85' lang='lat' dir='ltr'>emendatio</span> <span class='ocrx_word' id='word_1_172' title='bbox 930 4423 968 4487; x_wconf 90' lang='lat' dir='ltr'>et</span> <span class='ocrx_word' id='word_1_173' title='bbox 1001 4423 1156 4487; x_wconf 85' lang='lat' dir='ltr'>tractata</span> <span class='ocrx_word' id='word_1_174' title='bbox 1191 4423 1287 4487; x_wconf 83' lang='lat' dir='ltr'>asset</span> <span class='ocrx_word' id='word_1_175' title='bbox 1322 4410 1406 4480; x_wconf 90' lang='lat' dir='ltr'>olim</span> 
     </span>
     <span class='ocr_line' id='line_1_24' title="bbox 172 4531 1405 4638; baseline -0.019 -17"><span class='ocrx_word' id='word_1_176' title='bbox 172 4550 212 4614; x_wconf 78' lang='lat' dir='ltr'>et</span> <span class='ocrx_word' id='word_1_177' title='bbox 236 4563 345 4637; x_wconf 87' lang='lat' dir='ltr'>porro</span> <span class='ocrx_word' id='word_1_178' title='bbox 371 4543 516 4615; x_wconf 81' lang='lat' dir='ltr'>tractari</span> <span class='ocrx_word' id='word_1_179' title='bbox 541 4541 704 4634; x_wconf 90' lang='lat' dir='ltr'>deberet,</span> <span class='ocrx_word' id='word_1_180' title='bbox 739 4567 822 4616; x_wconf 92' lang='lat' dir='ltr'>cum</span> <span class='ocrx_word' id='word_1_181' title='bbox 853 4565 900 4615; x_wconf 85' lang='lat' dir='ltr'>ex</span> <span class='ocrx_word' id='word_1_182' title='bbox 925 4540 1109 4615; x_wconf 85' lang='lat' dir='ltr'>veteribus</span> <span class='ocrx_word' id='word_1_183' title='bbox 1135 4542 1244 4638; x_wconf 88' lang='lat' dir='ltr'>copiis</span> <span class='ocrx_word' id='word_1_184' title='bbox 1270 4563 1293 4612; x_wconf 86' lang='lat' dir='ltr'>a</span> <span class='ocrx_word' id='word_1_185' title='bbox 1319 4531 1405 4604; x_wconf 79' lang='lat' dir='ltr'>Sna</span> 
     </span>
    </p>
   </div>
   <div class='ocr_carea' id='block_1_4' title="bbox 0 0 1606 5288">
    <p class='ocr_par' dir='ltr' id='par_1_4' title="bbox 0 0 1606 5288">
     <span class='ocr_line' id='line_1_25' title="bbox 0 0 1606 5288; baseline 0 0"><span class='ocrx_word' id='word_1_186' title='bbox 0 0 1606 5288; x_wconf 95' lang='lat' dir='ltr'> </span> 
     </span>
    </p>
   </div>
  </div>
 </body>
</html>
