3214 5288
509 414 559 465 nn
586 412 712 466 onsms
739 413 848 464 senx.
875 413 926 483 m,
956 411 997 464 19.
1324 397 1373 468 33

131 600 292 688 instaret,
318 600 356 670 in
382 597 527 696 regione
553 608 668 686 vasta,
704 606 742 669 et
775 597 929 670 inuicem
961 621 983 668 a
1021 598 1094 670 suis
1134 607 1243 694 atque
1268 598 1373 676 hoste

97 720 275 798 svexata,
301 733 375 782 non
402 709 596 781 suffectura
621 708 799 782 alimenta
851 705 907 780 Ne
933 705 1045 780 dividi
1072 705 1216 804 quidem
1251 709 1372 808 copias

129 845 239 918 posse
265 829 409 892 servato
436 843 535 892 more
562 819 747 910 maiorum,
775 818 837 914 qui
861 816 1047 891 universas
1061 818 1157 890 vires
1181 816 1374 894 discrimini

78 960 112 1009 10
129 931 308 1004 bellorum
342 953 484 1028 semper
518 929 723 1003 obtulerint.
781 928 831 1002 Et
860 926 1004 1002 hercule
1038 928 1233 1002 terribilem
1266 941 1373 1005 antea

128 1067 271 1140 regem,
307 1051 344 1115 et
378 1041 542 1114 absentia
573 1063 640 1114 sua
674 1039 720 1114 ad
753 1064 885 1114 vanam
910 1037 1078 1111 fiduciam
1104 1039 1247 1131 elatum,
1273 1051 1371 1139 post

130 1177 240 1249 quarn
266 1150 462 1226 adventare
489 1176 528 1224 se
555 1151 715 1242 senserit,
743 1161 889 1224 cautum
914 1173 981 1247 pro
1007 1150 1198 1222 temerario
1223 1151 1369 1244 factum,

129 1261 313 1335 delituisse
344 1262 439 1335 inter
473 1262 657 1360 angustias
689 1261 802 1335 saltus
840 1259 914 1333 ritu
954 1259 1164 1357 ignobilium
1203 1261 1370 1356 ferarum,

128 1397 221 1469 quae
256 1372 410 1470 strepitu
440 1373 745 1471 praetereuntium
778 1369 918 1459 audito,
953 1370 1124 1442 silvarum
1158 1370 1304 1444 latebris
1331 1393 1370 1445 se

72 1506 105 1554 11
128 1483 357 1556 occuluerint
423 1481 501 1555 Iam
539 1485 647 1556 etiam
686 1481 902 1557 valetudinis
941 1481 1166 1553 simulatione
1205 1481 1370 1554 frustrari

128 1619 213 1666 snos
244 1594 384 1668 milites.
438 1589 511 1666 Sed
542 1618 616 1666 non
648 1595 799 1692 amplius
831 1593 950 1690 ipsum
982 1615 1061 1665 esse
1092 1616 1283 1689 passurum
1309 1590 1368 1665 de·

127 1713 282 1782 trectare
310 1713 499 1778 certamen.
552 1701 596 1776 In
620 1704 681 1776 illo
708 1729 833 1801 specu,
860 1703 898 1775 in
924 1727 1031 1800 quem
1056 1701 1179 1800 pavidi
1204 1700 1367 1775 recessis-

72 1829 107 1876 12
127 1825 223 1904 sent,
262 1839 517 1913 oppressurum
554 1838 633 1887 esse
669 1824 889 1888 cunctantes.
947 1811 1049 1884 Haeo
1082 1812 1366 1908 magnificentius

127 1925 270 2016 iactata,
298 1951 405 2023 quarn
431 1925 562 1999 verius.

230 2033 400 2126 Ceterum
424 2035 576 2134 pecunia
602 2035 699 2108 omni
730 2059 921 2130 rerumque
946 2031 1210 2131 pretiosissimis
1235 2029 1417 2107 Dama-20

124 2171 226 2219 scum
248 2143 373 2245 Syriae
400 2171 482 2219 cum
507 2143 649 2220 modico
674 2144 853 2244 praesidio
879 2143 1032 2216 militum
1057 2142 1184 2231 missis,
1211 2141 1365 2240 reliquas

125 2257 247 2354 copias
273 2257 309 2328 in
334 2253 491 2330 Ciliciam
518 2255 637 2347 duxit,
669 2255 939 2353 insequentibus
965 2278 1065 2327 more
1092 2253 1209 2350 patrio
1236 2276 1366 2349 agmen

125 2365 277 2463 coniuge
302 2390 343 2440 aa
373 2378 498 2440 matre.
552 2366 718 2465 Virgines
745 2391 887 2464 quoque
913 2390 995 2438 cum
1019 2388 1134 2462 parvo
1160 2362 1232 2434 filio
1260 2363 1365 2434 comi·

122 2513 341 2644 “ffiffiflfflb
368 2525 725 2646 inssssM'blaeaefflmm'
811 2563 817 2602 ;
839 2524 1058 2644 11.dqetrqctore
1080 2520 1225 2589 certamen]
1249 2517 1365 2639 cibiqwi

122 2606 139 2642 e
221 2607 348 2645 merorem
442 2611 468 2646 m
519 2610 556 2646 or.
644 2609 725 2645 .oor-
819 2606 861 2644 ces
907 2607 1036 2644 eroccre
1092 2605 1141 2640 uae
1322 2603 1350 2639 es

121 2667 261 2729 ruperunt,
280 2677 341 2714 cum
375 2679 410 2715 uo
427 2661 566 2714 tantumB
585 2659 649 2714 etG
665 2677 725 2712 cum
759 2659 873 2713 varietas
894 2657 922 2711 in
947 2657 1021 2711 libris
1043 2601 1261 2722 'veioruml’evrlie
1279 2653 1364 2708 Drak.

121 2726 203 2780 Bern.
220 2729 248 2781 A
265 2735 294 2781 et
310 2721 385 2782 Leid.
402 2729 480 2782 Voss.
496 2737 509 2782 1
528 2727 647 2782 Modiuni
664 2727 724 2782 libri
759 2726 1016 2794 adLiv.xxx1r,1t>
1037 2733 1060 2779 9.
1078 2725 1116 2778 Et
1123 2725 1173 2778 hoc
1181 2722 1287 2794 quidem
1304 2722 1363 2776 loco

121 2795 309 2850 auctoritatem
335 2797 496 2852 confirment.
532 2795 586 2850 sen
607 2796 652 2848 rix
678 2795 725 2848 ulli
759 2795 843 2868 prima
861 2794 956 2848 vocalis
973 2793 1002 2847 in
1019 2767 1099 2846 liern.
1117 2793 1144 2845 A
1160 2791 1234 2845 Leid.
1248 2791 1324 2871 lioss.
1337 2797 1362 2858 1,

121 2863 231 2918 dubium
248 2881 305 2918 esse
323 2873 412 2936 potest
436 2865 500 2936 quin
521 2863 598 2918 bodie
616 2863 725 2934 vulgata
759 2862 864 2935 optimis
882 2880 944 2916 sane
961 2861 1043 2928 libris,
1062 2868 1181 2932 apparet,
1200 2860 1246 2912 sed
1263 2877 1291 2912 m
1308 2876 1362 2912 uno

120 2947 213 2985 reram
230 2933 364 3005 scriptoris
382 2943 498 2986 mentem
515 2933 654 3004 exprimat.
758 2940 864 2985 tantum
881 2931 954 2984 Flor.
973 2930 1005 2996 C,
1033 2928 1089 2981 aliis
1111 2930 1166 2980 sere
1189 2925 1360 2980 snakenbur-

157 3003 307 3054 discrimini
324 3003 447 3055 bellorum
464 3019 564 3071 semper
573 3003 722 3068 obtulerint]
758 2999 829 3069 giani
854 2998 891 3051 illi
914 3005 943 3050 et
963 2996 1036 3049 Flor.
1057 2995 1107 3047 AB
1134 2991 1360 3071 vulgaremuscri·

121 3065 169 3120 Sic
185 3069 292 3122 Modins
317 3077 345 3123 et
362 3069 436 3123 Leid.
462 3070 572 3123 Vossl
599 3069 679 3122 Bern.
697 3069 724 3120 A
757 3067 839 3122 bendi
855 3066 985 3120 rationem
1002 3070 1120 3128 tuentur,
1139 3067 1288 3114 oumceterr
1297 3059 1360 3112 Flo·

120 3135 197 3189 Flor.
214 3135 275 3206 BG,
293 3139 371 3208 vulgo
387 3155 489 3209 scruper
507 3139 587 3191 discr.
606 3139 663 3190 batt.
681 3138 724 3190 ob·
757 3135 855 3190 rentini
873 3137 1020 3188 detractore
1037 3129 1153 3183 iubeant.
1176 3127 1231 3180 Res
1248 3135 1361 3180 saneest

121 3206 239 3260 tulerint.
758 3203 898 3274 ambigua:
923 3201 1049 3254 habemus
1075 3197 1145 3252 enim
1170 3205 1314 3250 retractare
1331 3201 1361 3249 et

159 3275 182 3340 ξ.
202 3279 242 3327 10.
276 3276 388 3342 hercule]
414 3274 520 3329 Modius
546 3274 614 3327 edid.
639 3274 724 3327 hercle
758 3281 907 3337 attrectare,
925 3271 1075 3324 obtrectare.

119 3340 193 3393 hand
218 3342 299 3396 dubie
324 3357 341 3395 e
365 3343 422 3396 cod.
441 3361 497 3424 ruo,
524 3342 565 3396 cui
592 3340 724 3396 consentit
794 3339 989 3410 Cap.20,§.12.
1007 3351 1144 3404 rerumque
1157 3333 1360 3412 pretiosissimis

119 3408 193 3462 Flor.
211 3410 249 3478 Βς
276 3411 323 3464 sed
340 3410 724 3478 autemmonstruosi
758 3427 807 3480 pro
824 3405 934 3477 vulgato
947 3407 1073 3473 rebusque
1080 3403 1280 3472 pretiosissimis
1290 3401 1361 3480 cdrclr

119 3476 212 3532 Livius
229 3479 315 3532 aliter.
349 3479 434 3533 Paulo
459 3488 520 3550 post
536 3477 642 3532 Modius
664 3495 724 3531 cum
758 3493 792 3530 ex
809 3476 873 3529 meis
891 3473 964 3528 libris
977 3471 1361 3541 unoFlor.Eexceptoomm·

119 3545 254 3618 plerisque
272 3547 348 3602 codd.
360 3558 502 3618 postquam
510 3565 559 3619 pro
568 3547 640 3617 vulg.
648 3555 723 3616 post·
757 3547 815 3610 bus,
834 3543 988 3615 quibuscum
1005 3539 1132 3594 Modiana
1148 3538 1278 3609 scriptura
1294 3545 1323 3617 et
1344 3553 1361 3589 a

119 3631 241 3684 ecquam.
758 3613 839 3667 Snalr.
858 3611 946 3665 collati
964 3610 1041 3664 Voss.
1061 3615 1074 3661 1
1094 3613 1155 3660 eti
1183 3611 1359 3660 consentrunt.

157 3685 265 3738 latebris
283 3701 311 3738 se
328 3687 486 3739 occuluerint
515 3683 560 3738 Vn
605 3690 663 3736 tum
681 3699 723 3735 oc·
758 3681 872 3802 SSilctur
888 3677 963 3734 Leid.
985 3675 1060 3748 quasi
1082 3693 1142 3730 cum
1163 3675 1235 3754 rulg.
1253 3691 1360 3728 concor·

119 3751 270 3829 cutuqrunt,
295 3755 365 3832 quod
382 3753 467 3806 estin
488 3752 556 3832 ‘lon
605 3751 643 3832 G,
661 3749 722 3804 ferri
776 3758 814 3817 et,
837 3748 909 3819 quod
930 3763 984 3800 non
1006 3745 1113 3823 eredo.)
1141 3743 1274 3796 Nrmrrum
1295 3742 1361 3822 baec

117 3819 723 3970 stt23¹b¹³t⁰¹l5⁰¹rttttt.3tt⁴²ttt‘tt
757 3810 1360 3958 tt.t¹{.⁵tttt.t⁰..‘5tt¹tttt.ttt.ittt

115 3953 148 4007 ni
166 3955 225 4024 quis
243 3973 302 4010 curn
319 3956 573 4011 Acidnlrovolnerit
591 3955 727 4024 corrigere
756 3971 816 4008 rum
842 3969 901 4006 curn
928 3948 1046 4022 genitivo
1077 3949 1159 4001 subst.
1191 3951 1360 4016 comnngant.

116 4027 274 4078 occulerent.
286 4025 357 4078 Nam
367 4027 516 4090 occulerint,
526 4025 597 4094 qnod
605 4024 633 4076 in
642 4024 722 4076 Bern.
759 4023 804 4076 Sic
820 4035 863 4088 111,
882 4026 925 4086 33,
940 4025 955 4072 5
973 4018 1070 4070 iterum
1087 4033 1144 4070 cum
1158 4015 1360 4096 pretiosissimis

116 4099 235 4162 utroque
252 4100 281 4145 et
298 4093 404 4164 reliquis
413 4093 484 4147 Flor.
503 4091 644 4158 invenitur,
663 4109 724 4146 oon-
759 4107 856 4156 rerum,
874 4093 981 4154 V,20,t
997 4086 1361 4156 pretiosissimouesteumtn·

115 4167 165 4212 tra
187 4161 385 4229 grammaticam
410 4162 540 4215 rationem
564 4167 613 4226 est,
641 4177 723 4230 quon·
759 4159 825 4224 dati,
843 4171 873 4223 V,
898 4161 939 4222 12,
963 4160 979 4207 8
1005 4155 1128 4206 montium
1142 4169 1230 4222 proco
1257 4157 1285 4203 et
1306 4163 1360 4216 vn,

115 4227 174 4280 iam
190 4236 222 4281 ut
239 4229 297 4283 colo
315 4230 392 4296 colui,
411 4229 448 4282 sic
465 4229 555 4282 occulo
573 4227 674 4282 occului
686 4229 723 4280 fa-
758 4233 835 4292 43,3
859 4225 952 4277 montis
975 4239 1071 4290 prono,
1098 4235 1140 4302 vr,
1163 4227 1206 4302 33,
1230 4223 1262 4272 35
1290 4219 1361 4270 edito

118 4311 183 4350 cere
199 4295 350 4351 Priscianus
376 4299 463 4365 docet,
492 4313 540 4350 nec
566 4304 658 4351 contra
683 4303 725 4348 est
758 4296 891 4360 montium,
915 4305 974 4358 vn,
993 4297 1036 4356 43,
1057 4296 1089 4343 13
1114 4307 1186 4342 roura
1213 4297 1237 4340 et
1263 4301 1361 4354 aspera

118 4363 174 4416 nisi
191 4365 314 4419 Valerius
331 4365 443 4420 Flaccus
460 4366 562 4436 Argon.
571 4379 605 4432 11,
616 4371 666 4418 280
685 4381 725 4416 oc-
759 4380 892 4428 sonorum,
910 4373 964 4426 vn,
983 4365 1015 4412 23
1035 4365 1064 4410 et
1080 4373 1121 4424 rx,
1138 4363 1150 4410 1
1170 4357 1272 4424 reliquo
1292 4354 1360 4418 betti,

118 4435 239 4502 culerm,
267 4453 316 4506 pro
342 4453 395 4506 quo
420 4435 587 4488 Burmannus
614 4431 724 4487 contem
758 4445 802 4496 111,
821 4433 900 4496 25,4
922 4428 1014 4480 ultimo
1037 4427 1154 4493 orientis,
1182 4437 1223 4490 lv,
1244 4429 1274 4476 19
1293 4439 1362 4475 sum-

117 4504 240 4556 occuttct.
758 4517 802 4552 rna
821 4508 942 4552 tectorum
960 4495 993 4548 al.

1070 4581 1087 4633 3
