3278 5302
267 324 340 396 326
738 342 771 405 o.
800 265 924 396 cuarn
948 339 1034 394 num

263 538 305 601 ut
344 529 452 602 ceteri
492 525 602 600 cladis
641 525 716 600 eius
754 525 921 624 exemplo
959 524 1235 599 continerentur.
1294 520 1508 612 Memaceni,
1530 540 1560 587 ιι

263 638 384 712 valida
417 661 522 735 gens,
562 634 784 711 obsidionem
821 662 895 710 non
930 646 971 709 ut
997 637 1238 710 honestiorem
1276 633 1400 724 modo,
1439 631 1511 706 sed

264 749 371 821 etiam
403 759 443 821 ut
479 749 664 839 tutiorem,
699 748 792 822 serre
824 746 1067 822 decreverant
1120 744 1182 818 Ad
1214 770 1366 843 quorum
1397 745 1510 842 perti·

261 859 401 932 naciam
426 856 659 956 mitigandam
684 883 750 931 rex
773 859 947 954 aequites
974 857 1167 956 praemisit,
1194 857 1255 958 qui
1280 857 1510 930 clementiam

261 971 371 1068 ipsius
396 970 434 1043 in
461 967 611 1058 deditos,
637 969 812 1066 simulque
837 969 1093 1044 inexorabilem
1116 966 1322 1042 animumin
1342 965 1509 1041 devictos

262 1079 505 1154 ostenderent
558 1079 613 1152 Illi
647 1103 714 1154 nec
740 1078 785 1152 de
817 1079 904 1170 fide,
936 1105 1003 1153 nec
1028 1077 1074 1152 de
1100 1078 1260 1176 potentia
1285 1077 1379 1174 regis
1404 1077 1506 1174 ipsos
1529 1093 1561 1142 ιε

266 1189 431 1266 dubitare
466 1190 701 1288 respondent,
737 1192 944 1290 equitesque
976 1188 1125 1263 tendere
1155 1198 1261 1262 extm
1285 1189 1510 1262 munimenta

269 1302 367 1378 urbis
395 1303 536 1375 iubent:
564 1301 788 1399 hospitaliter
814 1301 943 1375 deinde
969 1310 1140 1398 exceptos
1165 1320 1366 1396 gravesque
1392 1298 1509 1396 epulis

268 1423 305 1486 et
331 1438 457 1486 somno
483 1413 698 1510 intempesta
723 1421 828 1485 nocte
854 1411 971 1485 adorti
996 1412 1260 1484 interfecerunt
1296 1407 1508 1482 Alexander
1529 1430 1560 1476 ιε

267 1522 365 1596 haud
392 1547 510 1612 secus,
538 1547 644 1619 quam
670 1547 736 1620 par
762 1533 856 1613 erat,
882 1531 1017 1612 motus,
1050 1521 1176 1594 urbem
1202 1546 1334 1594 corona
1360 1520 1508 1592 circum·

265 1633 380 1725 dedit,
419 1633 664 1724 munitiorem,
704 1659 810 1731 quam
850 1642 891 1706 ut
929 1633 1061 1730 primo
1082 1631 1219 1732 impetu
1257 1633 1335 1730 oapi
1372 1641 1507 1729 posset

264 1744 390 1842 Itaque
416 1743 636 1841 Meleagrum
661 1756 700 1818 et
725 1742 932 1818 Perdiccam
957 1744 1001 1818 in'
1020 1743 1243 1819 obsidionem
1267 1740 1401 1840 iungit,
1436 1740 1506 1842 Gy-

263 1857 433 1955 ropolim,
469 1863 619 1930 utente
645 1853 879 1946 dictumest,
906 1853 1121 1929 obsidentes.
1175 1851 1359 1928 Statuerat
1384 1863 1557 1928 antemio

263 1991 411 2066 parcere
446 1966 525 2040 urbi
559 1966 723 2040 conditae
750 1992 772 2040 a
798 1964 913 2066 Cyro,
948 1966 1079 2064 quippe
1110 1989 1184 2040 non
1210 1965 1319 2038 alirun
1343 1966 1506 2062 gentium
1614 1993 1615 2070 ι

264 2078 404 2151 illarum
430 2077 543 2175 magis
569 2077 765 2152 admiratus
791 2088 862 2168 est,
890 2103 996 2176 quam
1021 2078 1117 2150 hunc
1142 2099 1264 2174 regem
1290 2085 1328 2148 et
1353 2072 1503 2150 Semira—
1614 2079 1615 2122 ³

263 2189 365 2279 mim,
402 2211 492 2285 quos
520 2197 556 2259 et
582 2187 828 2286 magnitudine
862 2188 969 2262 animi
996 2198 1033 2262 et
1058 2187 1218 2263 claritate
1253 2212 1374 2260 renim
1398 2187 1506 2284 longe

264 2297 449 2372 emicuisse
476 2296 653 2372 credebat.
707 2295 875 2374 Ceterum
900 2299 1094 2398 pertinacia
1127 2296 1389 2397 oppidanorum
1414 2297 1504 2370 iram
1520 2313 1549 2361 21

267 2409 342 2482 eius
369 2405 540 2488 accendit.
589 2407 718 2511 ltaque
745 2419 887 2507 captam
912 2409 1039 2514 urbem
1065 2409 1170 2507 diripi
1192 2409 1296 2484 iussit
1321 2419 1359 2484 et
1385 2405 1504 2482 deleri.

301 2589 364 2659 Cap.
384 2598 426 2658 27,
453 2596 477 2658 5.
497 2597 537 2645 m.
572 2593 657 2646 cladis
675 2593 730 2646 eim
748 2594 868 2662 scorpio.
903 2609 930 2646 se
948 2591 1088 2646 contulisse
1106 2609 1162 2646 eam
1181 2607 1214 2644 ue
1227 2593 1320 2646 urbem
1332 2591 1414 2646 muris
1428 2609 1507 2662 quas-

264 2656 384 2738 Restitui
409 2661 481 2727 eius,
509 2675 587 2740 quam
614 2675 704 2716 vocem
730 2658 816 2714 Aldus
842 2669 870 2714 et
903 2660 967 2716 satis
984 2660 1010 2714 vi
1027 2660 1133 2731 cepisse.
1163 2609 1223 2714 bed
1244 2663 1308 2716 haec
1329 2659 1447 2716 narratio
1465 2669 1506 2714 ta-

264 2723 356 2781 Iunnrs
378 2727 447 2782 male
468 2737 610 2784 omiserant
632 2746 682 2784 nec
698 2728 788 2784 Medio
808 2728 869 2782 reli·
903 2745 963 2782 men
984 2729 1018 2784 ab
1034 2730 1148 2784 Arriano
1170 2729 1315 2801 dnorepat,
1342 2729 1388 2800 qui
1405 2729 1506 2782 Mema-

266 2797 312 2866 qui
329 2805 482 2866 paruerant,
501 2797 636 2852 revocanti
650 2797 718 2852 sicut
730 2815 790 2852 mss.
805 2797 870 2852 tides
903 2815 1028 2852 cenorum
1045 2799 1112 2852 urbe
1129 2815 1183 2851 non
1204 2805 1418 2861 commemorata,
1437 2812 1505 2867 quae

265 2865 391 2935 postulat.
426 2865 498 2924 Urbs
515 2863 552 2920 sic
569 2875 649 2938 capta
662 2865 735 2920 Gaza
751 2866 869 2938 appelle-
905 2865 1012 2920 Curtius
1039 2867 1073 2920 de
1100 2865 1208 2920 vulnere
1229 2867 1309 2922 Alex.
1332 2874 1438 2933 namt,
1472 2865 1505 2920 ad

265 2937 352 3001 batur,
370 2933 475 2992 Arriam
489 2949 529 3001 IV,
544 2941 575 3001 ι,
602 2951 692 2990 omnes
709 2943 799 2990 autem
816 2953 869 2989 non
904 2933 1042 3005 Cyropolis
1060 2933 1282 3005 expugnationem
1303 2935 1393 2989 refert.

264 3003 359 3076 procul
376 3007 482 3058 Iaxarte
499 3019 577 3056 amne
593 3002 658 3058 sitae
675 3011 760 3058 erant
938 3007 961 3072 ξ.
978 3008 1021 3057 20.
1055 3019 1119 3072 quoa
1137 3013 1161 3056 et
1184 3005 1364 3072 mcpnitadine
1381 3003 1464 3056 animi
1481 3010 1504 3054 et

300 3074 324 3140 ξ.
352 3076 392 3125 17.
436 3073 621 3126 inexorabilem
657 3074 780 3126 unimam.
824 3071 870 3126 Sic
903 3073 1030 3124 claritate.
1065 3069 1111 3126 sto
1126 3069 1232 3126 Medius
1255 3072 1282 3125 in
1302 3072 1355 3128 suit
1376 3069 1504 3124 membra-

263 3141 379 3206 Modius,
398 3157 459 3193 curn
476 3139 569 3193 tirisaet
584 3143 749 3208 exorabilem,
768 3157 795 3194 se
809 3157 868 3196 cor-
902 3139 951 3204 nis,
970 3147 998 3192 et
1014 3157 1064 3210 ego
1081 3138 1109 3192 in
1124 3137 1196 3193 Flor.
1213 3139 1329 3193 DEFGI
1350 3137 1503 3192 invenimus.

263 3209 363 3263 rexisse
379 3207 444 3262 dicit
462 3209 587 3262 adversus
604 3208 700 3276 libros,
727 3209 811 3262 editos
828 3208 867 3262 in-
902 3209 993 3262 Edunt
1008 3215 1097 3263 antem
1113 3207 1194 3278 vulgo
1210 3209 1239 3261 in
1256 3210 1316 3278 quis
1334 3217 1357 3260 et
1373 3207 1503 3275 moymiru-

263 3275 370 3346 telligit,
388 3285 416 3330 et
429 3275 538 3330 ridicule
551 3275 689 3345 gloriatur,
703 3294 764 3330 nam
776 3275 867 3347 scripti
902 3277 988 3330 dinem
1005 3308 1039 3315 -
1056 3277 1215 3343 claritatem,
1239 3277 1285 3330 sed
1306 3274 1447 3330 exhibetur
1468 3273 1504 3328 sic

263 3343 369 3414 quidem
399 3344 483 3398 nostri
508 3359 597 3398 omnes
626 3351 658 3398 ut
684 3361 754 3398 nunc
779 3343 868 3398 editur
902 3343 929 3397 in
946 3362 999 3398 uno
1016 3351 1121 3398 tantum
1138 3343 1210 3399 Flon
1227 3343 1261 3411 B,
1278 3343 1307 3398 in
1323 3342 1432 3414 reliquis
1450 3343 1503 3398 t'era

264 3412 372 3465 habent
415 3413 501 3466 Victus
518 3411 604 3464 minus
621 3413 689 3466 bena
705 3411 776 3465 Flor.
791 3411 867 3466 CEH
901 3414 930 3465 in
939 3429 1003 3481 quos
1019 3413 1057 3466 ita
1065 3420 1115 3480 est,
1134 3420 1165 3466 ut
1182 3415 1211 3466 in
1228 3413 1361 3484 pertineat
1377 3412 1411 3466 ad
1428 3419 1503 3464 trun·

264 3481 345 3534 Bam.
364 3477 388 3532 B
410 3481 486 3532 Voss
501 3485 527 3546 ι,
553 3479 599 3549 qui
625 3479 681 3534 fere
706 3480 866 3550 conspirant.
901 3497 961 3534 cum
986 3480 1100 3536 nominis
1125 3481 1283 3552 praegressi,
1314 3487 1362 3534 aut
1387 3479 1409 3534 si
1434 3480 1502 3534 forta

264 3547 348 3602 Iidem
376 3545 460 3601 nostri
495 3548 584 3600 adorti
618 3547 753 3601 omittunt
797 3547 868 3602 Tum
903 3549 1068 3602 Samiramim
1086 3551 1114 3601 in
1132 3567 1195 3620 qums
1213 3549 1340 3621 scriptum
1357 3556 1407 3612 eat,
1429 3547 1502 3600 utin

265 3617 326 3669 inde
351 3631 400 3686 pro
427 3615 519 3670 deinde
544 3613 616 3670 Flor.
634 3613 725 3670 DFGI
750 3623 779 3670 et
804 3615 868 3670 adit.
901 3615 973 3672 Flor.
999 3617 1058 3684 AC,
1102 3617 1305 3689 raepositioncm
1330 3634 1364 3672 ex
1390 3615 1503 3687 repetita

264 3683 340 3738 Mod.
902 3684 998 3755 prioris
1024 3635 1146 3740 vocabuli
1172 3685 1265 3740 ultima
1290 3685 1392 3756 syllaba
1420 3693 1503 3738 ortam

300 3758 322 3818 5.
351 3758 390 3806 19.
429 3751 592 3822 Cyropolim,
627 3763 655 3807 ut
685 3764 746 3808 unte
772 3757 868 3808 dictum
903 3769 959 3808 csse
976 3763 1096 3825 apparet.
1126 3751 1278 3808 Accusativi
1296 3762 1386 3808 autem
1403 3771 1445 3806 mc
1465 3755 1504 3806 ui-

265 3829 312 3887 eal,
331 3821 482 3874 obsidentes.
508 3822 547 3876 At
559 3821 638 3891 paulo
650 3829 713 3876 ante
726 3822 867 3878 Craterum
903 3824 1018 3876 tudinem
1036 3829 1066 3876 et
1089 3824 1234 3876 claritatem
1255 3823 1283 3876 in
1300 3821 1389 3894 paucis
1408 3772 1502 3875 codici-

265 3905 323 3942 eam
340 3889 431 3942 urbem
449 3889 583 3944 obsedisse
599 3890 672 3946 dixit
707 3889 804 3962 Itaque
818 3889 868 3946 nisi
900 3891 948 3944 bus
974 3890 1117 3961 leguntur,
1149 3891 1270 3972 plerique
1299 3899 1346 3944 aut
1375 3890 1501 3944 ablativos

265 3957 384 4010 laomim
405 3973 462 4011 esse
483 3957 601 4024 velimus,
625 3957 674 4026 (sic
692 3960 803 4014 fortasse
820 3975 866 4012 ex-
900 3959 1000 4014 hibent
1030 3967 1076 4012 aut
1105 3969 1210 4014 variant
1238 3961 1444 4030 mopnitudioem
1469 3989 1502 3999 -

265 4025 388 4097 piendam
406 4027 462 4094 ipsc
517 4027 657 4093 (ficiscitur
673 4029 711 4081 od
730 4029 866 4082 Craterum
901 4029 1028 4082 claritate.

265 4125 300 4134 —
317 4044 648 4172 obsidememfhtatuemus
656 4095 822 4175 Meleagrum
839 4105 868 4150 et
935 4100 958 4165 §-
977 4101 1018 4152 21.
1054 4097 1123 4150 iram
1140 4097 1205 4152 eins.
1240 4095 1329 4167 Vulgo
1346 4098 1402 4150 eius
1425 4097 1500 4160 irum,

265 4161 418 4214 Perdiccam
436 4163 484 4215 sub
500 4161 611 4215 Cratero
625 4162 774 4216 taxesisura
809 4181 866 4217 rae·
900 4173 932 4218 ut
954 4175 995 4218 est
1012 4163 1041 4220 in
1056 4163 1128 4218 Flor.
1146 4162 1244 4220 BCFG
1262 4163 1346 4218 Paris.
1363 4164 1396 4217 B.
1431 4161 1500 4216 Rot-

265 4230 357 4295 suisss,
381 4227 486 4300 iamque
508 4229 630 4284 devocari
653 4248 670 4282 a
686 4181 812 4300 Cyropnli
833 4233 867 4286 ad
900 4231 946 4304 qui
963 4249 1053 4286 omnes
1070 4231 1137 4288 nour
1155 4231 1310 4304 scripsimus

265 4295 584 4352 Memacenorumurbcm
597 4301 811 4368 oppugnandam,
825 4317 867 4354 re·
936 4300 1019 4370 diripi
1041 4301 1119 4354 iussit
1142 4311 1168 4354 et
1188 4303 1278 4356 deleri.
1315 4301 1341 4354 T
1338 4318 1381 4354 um
1402 4300 1500 4354 llario·

266 4381 326 4436 gem
344 4372 434 4420 autem
450 4365 544 4436 ipsum,
563 4366 604 4420 cui
618 4375 753 4437 captarum
762 4367 867 4424 urbium
902 4371 972 4422 cenis
995 4400 1030 4410 -
1051 4371 1161 4440 infestas
1183 4373 1221 4423 ad
1240 4369 1281 4423 M.
1315 4369 1415 4424 Locum
1440 4386 1499 4424 con-

265 4433 357 4489 titulos
365 4435 421 4489 sere
430 4435 553 4490 oederent
562 4436 650 4504 duces,
668 4436 702 4489 ad
717 4435 867 4510 Cyropolim
902 4437 977 4492 rtitui
994 4435 1106 4492 Acidalii
1129 4437 1271 4510 plurimum
1288 4435 1443 4492 emendandi
1460 4454 1499 4491 ra·
