3254 5292
555 346 606 396 nn
634 343 1027 416 ossrrsunnx.1r,ar.
1056 332 1060 340 '
1343 329 1416 401 11¹5

168 531 365 606 multorum
390 528 605 601 torrentium
629 555 704 602 non
729 554 842 626 aquas
870 531 996 620 solum,
1018 527 1084 604 scd
1110 529 1218 603 etiam
1244 555 1335 604 saxa
1362 557 1414 605 se·

170 667 251 715 cum
276 639 434 714 trahens.
479 637 605 737 Itaque
631 667 654 714 a
680 642 872 731 celeritate,
898 667 971 737 qua
997 641 1131 731 defluit,
1159 639 1257 739 Tigri
1283 669 1416 718 nomen

170 763 227 828 est
251 750 420 842 inditum,
447 751 531 848 quia
556 749 702 825 Persica
725 752 849 850 lingua
875 750 1000 850 Tigrin
1026 753 1196 848 sagittam
1221 754 1413 850 appellant.

119 883 151 931 1⁷
273 862 387 962 Igitur
412 862 535 968 pedes,
561 864 662 937 velut
688 861 824 936 divisus
849 862 887 934 in
914 888 1057 955 cornua,
1072 862 1292 937 circumdato
1320 865 1465 961 equi-38

169 984 261 1068 tatu,
285 975 415 1048 levatis
442 1000 550 1073 super
576 973 695 1072 capita
720 973 848 1064 armis,
882 974 981 1048 haud
1016 1000 1124 1074 aegre
1150 973 1197 1048 ad
1222 976 1340 1074 ipsum
1367 977 1414 1050 al-

119 1103 153 1153 1s
170 1111 280 1161 veum
311 1097 487 1184 penetrat.
548 1085 691 1158 Primus
723 1085 817 1156 inter
849 1084 990 1183 pedites
1021 1111 1088 1159 rex
1115 1111 1281 1185 egressus
1307 1087 1344 1158 in
1370 1087 1414 1160 n‘·

170 1221 271 1296 pam,
311 1197 446 1272 vadum
480 1196 652 1270 militibus
684 1221 812 1286 manu,
854 1197 999 1293 quando
1033 1223 1109 1270 vox
1143 1196 1306 1270 exaudiri
1340 1223 1414 1271 non

168 1317 328 1407 poterat,
361 1307 529 1382 ostendit
583 1303 655 1384 Sed
680 1306 834 1407 gradum
859 1307 1003 1384 firmare
1029 1309 1093 1384 vix
1119 1319 1306 1410 poterant,
1333 1335 1414 1382 cum

166 1418 276 1492 modo
304 1443 393 1492 saxa
418 1418 555 1492 lubrica
580 1419 772 1518 vestigium
797 1418 972 1510 fallerent,
998 1418 1108 1494 modo
1133 1419 1291 1518 rapidior
1317 1421 1415 1494 unda

118 1547 151 1598 rs
169 1529 396 1604 subduceret.
458 1529 677 1630 Praecipuus
719 1539 797 1603 erat
836 1530 939 1604 labor
979 1556 1119 1622 eorum,
1161 1531 1221 1628 qui
1256 1517 1414 1607 humeris

172 1665 282 1714 onera
313 1641 522 1739 portabant:
558 1643 690 1740 quippe
722 1665 804 1713 cum
836 1643 1047 1741 semetipsos
1082 1667 1209 1742 regere
1234 1668 1308 1716 non
1333 1669 1414 1742 pos·

171 1763 268 1843 sent,
300 1752 338 1825 in
369 1754 514 1852 rapidos
546 1755 707 1854 gurgites
740 1752 967 1828 incommodo
1006 1779 1115 1828 onere
1150 1754 1414 1847 auferebantur,

171 1874 208 1938 et
243 1863 331 1937 dum
365 1888 431 1938 sua
463 1865 613 1962 quisque
645 1864 759 1963 spolia
792 1865 962 1962 consequi
997 1866 1136 1955 studet,
1171 1865 1286 1938 maior
1319 1865 1415 1938 inter

168 1975 283 2074 ipsos,
310 2000 418 2072 quam
444 2000 527 2050 cum
552 1977 666 2066 anmi,
693 1985 774 2048 orta
799 1974 949 2047 luctatio
974 1985 1047 2067 est,
1081 1976 1284 2072 cumulique
1310 1977 1415 2047 sarci·

117 2103 297 2158 sonarum
328 2086 463 2185 passim
496 2086 678 2160 fluitantes
712 2087 903 2184 plerosque
938 2086 1174 2183 perculerant.
1232 2083 1314 2158 Rex
1340 2112 1414 2160 mo·-

170 2221 267 2287 nere,
292 2207 334 2270 ut
360 2197 448 2272 satis
474 2198 650 2272 haberent
675 2221 777 2270 arma
801 2196 966 2288 retinere,
993 2207 1113 2271 cetera
1126 2219 1165 2271 se
1178 2194 1413 2270 redditurum.

174 2303 247 2380 Sed
278 2333 392 2404 neque
418 2311 619 2401 consilium,
655 2335 773 2406 neque
804 2307 993 2407 imperium
1019 2308 1130 2407 accipi
1156 2317 1317 2406 poterat:
1353 2309 1415 2382 ob·

172 2420 355 2516 strepebat
378 2419 461 2492 hinc
486 2432 614 2511 metus,
639 2435 784 2520 praeter
808 2422 905 2494 huno
930 2420 1083 2494 invicem
1107 2420 1314 2493 nutantium
1338 2445 1413 2492 mu-

116 2549 150 2598 21
170 2541 254 2604 tuus
295 2530 438 2603 clamor.
503 2530 664 2605 Tandem
701 2561 772 2633 qua
809 2535 945 2611 leniore
981 2541 1101 2606 tractu
1140 2531 1255 2606 amnis
1298 2531 1414 2628 aperit

169 2639 321 2732 vadum,
355 2667 546 2734 emersere,
581 2669 649 2716 nec
685 2648 875 2746 quicquam
906 2653 1049 2744 praeter
1085 2667 1220 2741 paucas
1256 2643 1414 2716 sarcinas

117 2769 151 2818 aa
171 2751 413 2825 desideratum
446 2764 510 2830 est.
563 2752 684 2828 Deleri
717 2761 836 2855 potuit
868 2757 1067 2844 exercitus,
1102 2754 1132 2826 si
1165 2753 1243 2850 quis
1270 2755 1414 2828 vincere

170 2887 279 2936 ausus
306 2872 411 2952 esset,
438 2861 503 2934 sed
529 2877 705 2962 perpetua
730 2868 875 2942 fortuna
899 2867 994 2966 regis
1021 2866 1153 2938 avertit
1165 2863 1249 2938 inde
1261 2865 1413 2939 hostem.

150 2969 230 3047 ·Sic
257 2969 460 3065 Granicum,
487 2983 544 3048 tot
569 2975 712 3050 milibus
739 2980 899 3077 equitum
924 2975 1156 3076 peditumque
1182 2975 1220 3046 in
1245 2974 1414 3048 ulteriore

208 3173 231 3240 5.
259 3177 299 3226 16.
334 3172 445 3227 Persico
482 3176 587 3247 linqua]
635 3178 777 3233 Medorum
810 3185 869 3233 tota
890 3193 934 3242 re,
958 3177 998 3230 ita
1019 3174 1047 3228 in
1069 3174 1119 3228 hac
1144 3171 1297 3228 confusione
1317 3171 1415 3224 deser-i·

171 3238 263 3310 lingum
291 3239 329 3294 its
358 3241 521 3312 appellatum
543 3247 653 3298 tradunt
677 3247 776 3302 Strabo
809 3244 1037 3301 bendsOridiana
1053 3241 1206 3314 quaedam'
1270 3240 1340 3292 'num
1355 3257 1415 3293 ver·

170 3307 398 3380 lrb.11psg.529
416 3310 522 3365 etPlin.
541 3321 595 3367 nat
613 3314 775 3382 histvntn.
810 3317 955 3386 horumque
971 3312 1088 3366 luxuries
1105 3258 1415 3366 nosandwoeahulum

205 3376 269 3449 Cap.
285 3383 319 3432 88
349 3381 421 3458 §.la
441 3397 663 3448 quomamamns
694 3387 776 3438 Amni
810 3386 918 3438 invicem
928 3380 1126 3452 amatscriptor
1143 3388 1243 3448 noster,
1258 3377 1415 3448 videturque

169 3443 297 3526 samu
310 3417 495 3526 laevom
515 3449 620 3503 nouat
638 3468 703 3518 ess,
722 3461 775 3506 en.
809 3453 835 3506 a.
858 3453 875 3505 1.
902 3451 967 3505 usn
993 3449 1065 3504 mua
1091 3449 1238 3518 signifians
1259 3445 1310 3500 nsi
1336 3445 1415 3499 moro

170 3530 222 3584 que
253 3521 318 3568 rtem
340 3533 368 3568 m
391 3515 472 3569 Bern.
490 3518 516 3569 A
538 3525 567 3572 et
583 3519 655 3574 Flor.
675 3521 775 3590 BDFI,
809 3521 888 3588 huno,
906 3521 985 3574 modo
993 3518 1068 3572 illum
1084 3525 1193 3572 nutasse
1206 3523 1234 3570 et
1247 3515 1413 3570 exclamasse.

168 3581 217 3634 sed
232 3581 305 3636 Flor.
323 3588 349 3635 A
371 3590 399 3637 et
421 3585 484 3637 eclit.
506 3585 581 3640 Mod.
603 3587 675 3658 vulg.
699 3607 775 3658 umpe
812 3587 1417 3660 Obstrepebolsutemeafigura‚quaezeugma

169 3653 295 3704 retinent.
312 3649 428 3706 Videtur
444 3661 534 3707 tamen
551 3654 579 3708 in
594 3655 644 3710 hoc
657 3657 775 3711 dimam
809 3657 914 3724 dicitur,
932 3656 1048 3729 positum
1065 3663 1107 3709 est
1131 3673 1181 3726 pro
1204 3653 1336 3720 obstabat,
1355 3669 1416 3704 nam

170 3733 221 3788 pro
238 3720 310 3796 omni
323 3722 625 3791 essepronuntisndum.
644 3724 686 3781 Cf.
696 3743 775 3799 supra
809 3725 928 3846 quumvis
963 3727 1109 3794 obstrepere
1140 3723 1222 3778 etism
1252 3729 1342 3801 111th
1373 3735 1416 3772 res

171 3800 194 3838 c
213 3791 248 3838 ³4
265 3803 348 3855 pnuc.
828 3795 946 3860 leantur,
971 3809 1039 3863 quse
1056 3791 1176 3846 auditum
1199 3791 1358 3862 impediant,
1384 3794 1417 3840 ut

198 3855 522 3926 plerosqueperculeruut]
540 3859 774 3916 Modiusinmem-
809 3877 879 3930 vm,
899 3869 914 3915 t
937 3863 1044 3914 clausae
1061 3871 1137 3914 eram
1160 3877 1239 3914 aures
1257 3861 1416 3926 ,amaena

168 3921 271 4001 branis,
300 3923 354 4002 suis
374 3925 480 4007 opinor,
509 3943 565 3980 esse
586 3941 775 3998 percusserunt
809 3933 867 3998 ira,
898 3937 926 3983 st
951 3943 997 3996 VI,
1024 3935 1058 3984 88
1094 3931 1251 3983 comoieatiu
1283 3927 1415 3995 obstrepit,

168 3997 216 4055 art,
236 4007 290 4045 uon
307 4010 335 4044 m
352 4001 462 4062 nostns;
486 3995 578 4048 sedin
614 3998 684 4052 aucis
702 3999 775 4054 Flor.
810 3999 945 4068 quominus
963 3998 1085 4052 scelerati
1105 3999 1219 4052 dormire
1236 3996 1415 4068 nonpossint,

169 4057 221 4112 CH
239 4068 268 4112 et
284 4059 309 4112 Ε
327 4078 343 4113 s
359 4062 445 4132 prima
462 4081 542 4117 manu
559 4015 775 4122 etPBernAE‘est
810 4076 899 4120 tamen
932 4073 961 4120 et
986 4065 1041 4120 iras
1067 4074 1096 4119 et
1124 4065 1298 4121 conscientiae
1323 4080 1416 4118 vocem

163 4129 339 4195 pertulerant.
809 4135 950 4190 tribuimus
984 4133 1011 4188 id
1030 4135 1135 4206 quoda
1152 4143 1227 4189 metu
1244 4134 1359 4188 alienum
1376 4131 1415 4186 vi·

204 4199 228 4262 s.
247 4202 289 4249 20.
307 4199 416 4277 {apim
434 4202 581 4255 nutantium
598 4212 702 4256 matous
720 4206 775 4258 cla·
809 4205 895 4258 detur.
938 4175 1058 4258 llas-bum
1090 4213 1194 4260 mutuus
1226 4201 1361 4257 omittitur
1386 4201 1415 4256 in

167 4264 775 4392 Η)
808 4271 1069 4396 araur
1085 4273 1328 4346 ,nnn

168 4405 282 4479 strqmm
307 4403 423 4456 omnium
444 4423 504 4460 cum
526 4407 601 4460 Leid.
623 4415 652 4461 et
672 4411 772 4462 Vossl
845 4415 869 4478 ς.
893 4417 936 4464 22.
976 4413 1002 4464 si
1028 4412 1087 4480 quis
1109 4412 1212 4466 masere
1233 4429 1315 4466 ausae
1339 4411 1415 4475 meet]

169 4475 273 4534 “19³⁸
290 4485 332 4524 Μ
358 4473 485 4543 postulat.
526 4475 668 4546 Ceterum,
689 4485 721 4532 ut
746 4476 776 4532 in
809 4477 872 4534 Hoc
895 4479 1036 4535 verborum
1058 4478 1151 4534 ordine
1168 4479 1276 4535 Modius
1296 4485 1325 4534 et
1341 4477 1416 4533 Leid.

1118 4563 1158 4618 8*
