3254 5292
226 334 274 405 88
698 354 730 417 o.
759 309 884 406 omrir
909 355 994 406 aum

222 549 365 638 gentes,
392 536 439 609 ad
465 561 531 610 sua
556 536 759 634 perduxere
784 539 936 636 navigia,
962 538 1091 636 quibus
1117 540 1303 612 occultatis
1330 537 1467 614 Sidona

223 650 365 724 devecti
397 659 491 720 sunt.
545 645 755 736 Quindecim
789 649 887 721 milia
916 650 985 722 hoc
1017 650 1113 722 firrto
1147 650 1325 723 subducta
1351 654 1464 726 saevi·

221 763 293 834 tiae
326 770 420 834 sunt
474 757 728 855 Quantumque
763 759 946 857 sanguinis
978 761 1098 833 fusum
1132 761 1197 850 sit,
1231 763 1366 834 velex
1392 763 1521 837 hoca

223 871 404 945 aestimari
438 883 575 970 potest,
617 868 714 966 quod
748 869 844 944 intra
877 871 1100 944 munimenta
1130 871 1229 944 urbis
1265 895 1331 945 sex
1366 875 1464 947 milia

223 992 444 1055 onustorum
474 980 654 1055 trucidata
685 990 779 1054 sunt.
833 980 951 1055 Triste
986 980 1116 1055 deinde
1142 984 1385 1080 spectaculum
1411 986 1461 1057 vi·
1482 1001 1517 1046 1⁷

222 1094 381 1166 ctoribus
406 1093 460 1165 ira
486 1092 652 1191 praebuit
676 1092 781 1189 regis.
833 1090 916 1166 Duo
941 1094 1057 1184 milia,
1082 1093 1120 1164 in
1145 1093 1275 1190 quibus
1301 1093 1462 1167 occiden-

222 1204 277 1278 dis
304 1203 483 1278 defecerat
508 1191 645 1293 rabies,
680 1203 845 1276 crucibus
872 1203 971 1276 affixi
1002 1229 1067 1302 per
1091 1205 1217 1301 ingens
1242 1204 1356 1278 litoris
1383 1230 1462 1303 spa·

220 1316 312 1388 tium
343 1311 601 1412 pependerunt
655 1311 1002 1410 Carthaginiensium
1034 1315 1160 1411 legatis
1186 1315 1365 1411 pepercit,
1400 1315 1460 1389 ad-
1481 1333 1519 1381 18

221 1425 297 1498 dita
322 1424 592 1498 denuntiatione
617 1425 711 1515 belli,
732 1423 829 1521 quod
853 1426 1096 1522 praesentium
1121 1449 1241 1496 rerum
1266 1427 1461 1499 necessitas

219 1547 431 1610 moraretur.

167 1651 217 1722 20
322 1645 439 1747 Tyros
475 1645 628 1743 septimo
663 1669 801 1735 mense,
841 1670 948 1742 quam
983 1646 1182 1743 oppugnari
1217 1656 1346 1744 coepta
1371 1658 1459 1739 erat,
1480 1671 1517 1719 19

217 1769 324 1856 capta
359 1768 429 1848 est,
469 1756 557 1830 urbs
591 1765 628 1829 et
667 1766 848 1829 vetustate
882 1757 1027 1854 originis
1061 1767 1098 1828 et
1130 1756 1256 1829 crebra
1292 1759 1459 1831 fortunae

201 1870 393 1946 ,varietate
424 1868 472 1941 ad
503 1867 712 1939 memoriam
748 1867 970 1964 posteritatis
1001 1866 1158 1964 insignis.
1225 1864 1380 1942 Condita
1411 1871 1459 1942 ab

216 1978 386 2078 Agenore
422 1978 484 2053 diu
515 2001 628 2067 mare,
666 2003 741 2050 non
772 1978 929 2051 vicinum
960 1975 1086 2067 modo,
1120 1977 1185 2050 sed
1219 1976 1460 2077 quodcunque

217 2091 349 2162 classes
385 2091 461 2163 eius
496 2089 679 2177 adierunt,
715 2086 863 2161 dicionis
890 2114 975 2162 suae
1001 2088 1094 2160 fecit.
1147 2085 1195 2158 Et
1221 2089 1251 2158 si
1276 2087 1394 2162 famae
1419 2091 1458 2162 li·

215 2200 280 2272 bet
306 2199 462 2289 credere,
497 2200 587 2273 haec
612 2223 701 2295 gens
727 2199 865 2271 litteras
891 2198 1006 2297 prima
1033 2209 1096 2271 aut
1121 2195 1252 2287 docuit,
1279 2211 1343 2272 aut
1370 2199 1458 2273 didi·

217 2311 276 2384 cit.
344 2307 513 2382 Coloniae
549 2318 645 2381 certe
684 2309 759 2381 eius
791 2333 905 2406 paene
936 2309 1023 2382 orbe
1057 2318 1135 2381 toto
1171 2307 1322 2382 diffusae
1354 2322 1457 2383 sunt:
1477 2327 1516 2375 ²⁰

218 2418 400 2516 Carthago
425 2420 463 2491 in
489 2421 621 2508 Africa,
647 2419 684 2490 in
710 2418 860 2492 Boeotia
874 2419 1029 2508 Thebae,
1045 2415 1165 2492 Gades
1192 2417 1239 2490 ad
1260 2417 1456 2496 Oceanum.

218 2529 336 2604 Credo
362 2530 476 2603 libero
502 2539 743 2603 commeantes
775 2530 865 2601 mari
897 2529 1108 2626 saepiusque
1135 2529 1301 2602 adeundo
1328 2533 1456 2606 ceteris

216 2642 415 2740 incognitas
442 2651 568 2730 terras,
594 2641 742 2739 elegisse
769 2638 873 2713 sedes
898 2639 1092 2729 iuventuti,
1129 2665 1200 2736 qua
1233 2651 1319 2714 tuno
1345 2644 1458 2716 abun·

218 2752 372 2824 dabant:
399 2753 475 2826 sive
502 2752 585 2848 quia
611 2753 743 2826 crebris
770 2751 927 2824 motibus
953 2761 1081 2839 terrae,
1106 2775 1191 2822 nam
1216 2752 1285 2824 hoc
1311 2777 1457 2850 quoque

216 2945 303 3011 nibus,
322 2945 369 2998 sed
386 2953 480 2998 contra
497 2943 624 2998 librorum
637 2963 698 2998 mss.
713 2961 823 3000 consen-
856 2959 939 3014 genus
965 2941 1135 2996 masuilinum
1161 2949 1270 2996 tuentur
1299 2953 1328 2998 et
1351 2943 1460 2999 Livium

217 3031 283 3066 snm.
326 3011 531 3066 Restituendum
563 3022 604 3066 ast
630 3015 765 3068 occultatis
791 3022 822 3066 ut
856 3011 893 3064 sic
915 3028 994 3081 saepe
1017 3009 1113 3063 dixisse
1141 3011 1325 3090 docet'Dralr.
1347 3014 1382 3065 ad
1411 3013 1458 3068 lib.

217 3082 286 3135 idem
304 3081 430 3135 orationis
445 3081 592 3135 subiectum
606 3092 725 3136 maneat:
744 3082 822 3136 Sido·
854 3094 975 3145 mvn,
1007 3086 1040 3134 39
1072 3087 1140 3132 extr.
1183 3077 1273 3132 Euam
1299 3080 1460 3136 Curtianum

216 3150 254 3204 nii
272 3150 408 3204 subductis
425 3159 454 3202 et
471 3149 562 3202 celatis
573 3149 715 3219 Tyriorum
731 3150 822 3204 multis
855 3148 935 3201 habes
952 3163 1003 3214 111,
1021 3155 1038 3200 4
1064 3148 1248 3201 Barcanorum
1270 3151 1383 3217 aquitan
1405 3154 1459 3204 duo

214 3219 324 3270 domum
341 3225 518 3270 reverterunt.
854 3218 929 3270 milia
938 3218 1034 3286 fuere,
1052 3217 1151 3268 amati
1164 3225 1213 3268 eet
1234 3216 1459 3286 Ci.ad11,14‚5.

286 3288 309 3352 §.
329 3291 369 3337 16.
396 3287 436 3337 vel
459 3301 490 3336 ea
507 3287 555 3336 boc
572 3287 710 3338 aestimari
722 3287 820 3355 polest]
889 3285 954 3354 Cap.
973 3291 1016 3350 20,
1034 3288 1058 3348 S.
1072 3291 1112 3339 19.
1186 3286 1227 3355 os]
1252 3283 1355 3338 Graeca
1372 3287 1458 3341 forma

215 3351 306 3422 Vulgo
324 3351 350 3404 h.
368 3350 387 3404 l.
407 3353 555 3404 manuari
578 3351 657 3405 solita
675 3361 820 3406 commuta-
853 3352 880 3405 in
898 3351 979 3406 Bern.
996 3359 1021 3405 A
1039 3351 1111 3405 Flor.
1197 3351 1271 3405 Leid.
1288 3353 1395 3408 Vosal
1415 3365 1457 3409 est

215 3419 289 3472 tione
307 3419 448 3472 verborum
469 3417 576 3488 legitur,
600 3437 653 3488 qua
670 3421 703 3472 de
720 3437 750 3472 ra
766 3421 819 3474 vid.
854 3439 903 3492 pro
920 3419 992 3490 vulg.
1013 3422 1107 3490 Tyras.
1125 3421 1195 3474 Vide
1212 3439 1292 3490 supra
1307 3439 1329 3475 a
1341 3429 1363 3475 7.
1388 3423 1456 3477 Mox

215 3487 299 3540 Dralr.
323 3487 357 3538 ad
380 3485 438 3539 Liv.
461 3501 573 3552 xxm,
596 3493 621 3540 2.
656 3487 714 3541 Nos
737 3488 820 3542 secuti
853 3489 961 3570 sqatimo
978 3507 1064 3542 mense
1082 3507 1159 3558 qaam
1177 3488 1246 3542 sicut
1263 3505 1309 3555 nr,
1328 3498 1358 3544 81
1381 3495 1459 3546 tertio

214 3572 303 3608 azimus
320 3555 401 3608 Bern.
418 3556 445 3608 A
462 3554 485 3608 F
486 3554 533 3608 lor.
550 3554 625 3608 ΑΒΘ
648 3562 676 3608 et
697 3556 775 3610 Voss.
794 3565 819 3624 1,
853 3560 981 3626 diequam
992 3568 1110 3626 caeperat
1123 3558 1245 3613 alcidem
1264 3557 1341 3611 Unus
1349 3557 1421 3614 Flor.
1432 3560 1459 3614 G

214 3633 287 3677 nocte
304 3632 335 3676 ut
352 3622 429 3676 nobis
446 3621 574 3689 videmur,
592 3641 653 3676 nam
671 3624 769 3679 dicitur
786 3626 819 3678 de
853 3643 910 3694 qao.
929 3625 1005 3679 Unus
1014 3625 1078 3678 item
1092 3623 1197 3679 Flore
1211 3637 1329 3694 coeperm
1340 3645 1391 3697 pro
1401 3647 1459 3682 ooc-

214 3691 365 3746 coniectura
383 3691 511 3746 facienda
542 3693 679 3746 Extimuit
695 3693 776 3746 Bern.
792 3694 818 3747 B
847 3705 897 3764 pta
905 3703 974 3746 erat:
991 3695 1024 3746 cf.
1033 3693 1149 3747 Gramm.
1151 3695 1250 3814 l{im
1268 3693 1392 3765 Denique
1407 3715 1462 3767 pro

213 3760 285 3813 Flor.
312 3759 379 3825 EG,
405 3763 546 3814 aestimari
571 3759 643 3814 Flor.
669 3761 712 3828 H,
741 3761 819 3816 solita
852 3765 1021 3831 quodcunque
1036 3778 1135 3815 uuuse
1185 3761 1261 3814 or.B
1382 3783 1440 3833 que.

214 3827 346 3882 scribendi
364 3829 484 3909 ludibria
904 3837 970 3909 ἒ20.
1009 3831 1126 3909 (ιἰιιὶοε]Ι
1147 3829 1251 3900 Optimi
1278 3837 1307 3882 et
1335 3831 1458 3910 plerique

249 3899 274 3965 §.
294 3904 334 3949 17.
361 3915 389 3949 m
408 3899 501 3966 quibas
520 3901 669 3953 occidendis
688 3901 719 3952 de
733 3910 818 3952 ecerat
911 3915 954 3952 oea
971 3915 1031 3950 mss.
1052 3899 1154 3964 Galba·
1171 3901 1282 3950 tortasse
1294 3897 1381 3952 Gadis
1391 3901 1457 3954 sas·-

214 3965 312 4032 rabies]
345 3965 501 4018 occidendis
519 3966 547 4018 in
564 3967 637 4021 Bern
654 3976 683 4020 et
724 3967 771 4019 lor.
790 3976 818 4020 et
852 3967 982 4032 bendum,
1005 3975 1037 4019 ut
1058 3974 1100 4018 est
1123 3966 1193 4036 apud
1215 3965 1331 4019 Plinium
1352 3965 1380 4019 in
1402 3967 1457 4022 line

215 4031 296 4086 sack.
314 4033 435 4086 omnious
452 4033 564 4104 legitur,
588 4035 627 4089 ita
646 4051 679 4088 ue
696 4035 818 4088 Modiam
851 4035 912 4088 libri
929 4049 961 4086 ιν
978 4045 1034 4088 nat.
1052 4033 1113 4086 hist
1148 4034 1229 4103 Apud
1248 4033 1370 4087 Curtium
1388 4050 1419 4100 x,
1438 4046 1456 4092 8

213 4109 319 4154 secutus
336 4101 431 4172 recepi.
462 4101 516 4181 Sed
534 4105 607 4173 quod
624 4054 693 4156 idem
711 4103 818 4156 Modius
855 4105 943 4156 Gadis
961 4102 1125 4156 accumtivus
1142 4113 1192 4167 est,
1207 4119 1294 4171 noque
1307 4103 1358 4156 huc
1372 4105 1459 4175 perti-

213 4169 293 4306 tlt
319 4178 390 4291 ldis
408 4169 650 4309 ttlltttttt
661 4171 817 4311 Callaici
851 4182 918 4293 ttl
932 4169 1313 4306 ttttttttlttttt‘
1323 4169 1454 4244 ’ΨΜ

298 4277 305 4303 ,
1285 4277 1292 4289 .

212 4303 329 4375 vulgaris
347 4305 533 4374 grammaticae
550 4316 578 4361 et
595 4308 754 4378 nuptoritate
772 4327 816 4362 oo-
884 4309 1063 4372 abundabant,
1082 4307 1145 4372 aive]
1182 4306 1267 4360 Codd.
1291 4325 1351 4361 mss.
1369 4309 1457 4363 nostri

212 4372 300 4426 dicum
322 4374 506 4429 nonnullorum
535 4377 563 4445 (e
585 4375 657 4430 Flor.
683 4375 753 4430 enim
779 4377 816 4431 sic
850 4385 878 4430 et
896 4375 978 4430 Snalr.
996 4391 1086 4428 omues
1101 4375 1262 4438 abundabat,
1276 4376 1458 4447 sedaodpere

210 4443 312 4496 habent
333 4441 452 4512 Dran,
476 4445 522 4498 aed
545 4453 574 4498 et
594 4445 715 4500 meliores
738 4447 815 4501 codd.
850 4463 905 4499 non
922 4461 1040 4515 possum
1062 4440 1170 4512 pluralis
1192 4459 1315 4497 numanis
1333 4447 1459 4500 abunda-
