3214 5288
519 392 569 442 on
595 389 722 442 onsrrs
747 355 857 440 max.
883 389 935 458 111,
959 386 1000 438 ιι.
1337 369 1384 438 25

111 578 216 676 rDiu
251 577 370 650 animo
402 575 440 648 in
473 575 617 650 diverso
647 584 808 664 versato,
846 573 934 646 nulli
967 571 1053 670 quid
1088 575 1260 670 scriptum
1292 583 1387 647 esset

145 689 324 779 enuntiat,
350 686 627 784 epistolamque,
659 685 775 784 sigillo
802 685 900 758 anuli
925 685 979 757 sui
1004 686 1194 783 impresso,
1229 686 1386 783 pulvino,

145 800 204 876 cui
229 798 468 888 incumbebat,
495 797 655 870 subiecit.
806 883 811 891 ¹

109 945 126 994 g
256 911 355 984 Inter
388 909 453 982 has
485 908 719 1006 cogitationes
749 903 859 979 biduo
885 907 1092 1007 absumpto,
1125 908 1245 980 illuxit
1269 932 1292 979 a
1316 909 1438 981 me-15

147 1021 228 1097 dieo
263 1020 462 1095 destinatus
497 1017 589 1110 dies,
622 1028 660 1094 et
691 1018 751 1090 ille
784 1042 865 1090 cum
895 1020 1041 1116 pocul0,
1077 1020 1114 1092 in
1141 1043 1211 1115 quo
1236 1017 1387 1092 medica-

113 1142 310 1207 omentum
335 1130 499 1222 diluerat,
524 1130 681 1202 miravit.
722 1125 802 1217 Quo
828 1129 907 1202 viso
932 1128 1141 1203 Alexander
1166 1130 1286 1204 levato
1313 1154 1388 1203 cor-

146 1268 238 1343 pore
270 1243 308 1315 in
344 1242 470 1332 cubili,
510 1242 698 1339 epistolam
732 1264 755 1311 a
788 1237 1024 1314 Parmenione
1062 1242 1207 1314 missam
1247 1241 1390 1314 sinistra

146 1379 259 1428 manu
290 1363 436 1442 tenens,
473 1351 602 1450 accipit
632 1352 819 1450 poculmn,
856 1359 894 1424 et
923 1351 1043 1424 haurit
1073 1353 1272 1425 interritus:
1311 1364 1389 1425 tum

148 1465 339 1564 epistolam
363 1465 482 1561 legere
505 1460 709 1560 Philippum
735 1461 844 1551 iubet,
871 1486 937 1536 nec
963 1487 985 1535 a
1009 1464 1114 1535 vultu
1138 1463 1290 1560 legentis
1316 1487 1390 1535 mo·

123 1579 204 1651 'vit
234 1577 376 1665 oculos,
410 1583 527 1664 retus,
568 1575 703 1670 aliquas
738 1572 975 1646 conscientiae
1009 1582 1114 1646 notas
1145 1573 1293 1672 inipso
1328 1598 1391 1647 ore

96 1714 133 1763 ιο
151 1711 258 1786 posse
285 1683 563 1784 deprehendere.
602 1683 676 1773 llle,
703 1683 854 1780 epistola
880 1685 1047 1781 perlecta,
1073 1685 1154 1782 plus
1179 1683 1392 1782 indignatio·
1462 1677 1466 1685 '

150 1799 207 1872 nis
240 1822 349 1894 quum
380 1796 524 1893 pavoris
557 1791 730 1868 ostendit:
761 1795 998 1891 proiectisque
1024 1795 1175 1868 amiculo
1202 1804 1240 1868 et
1264 1795 1391 1868 htteris

151 1918 238 1982 ante
263 1908 406 1996 lectum,
439 1905 525 1996 Rea,
550 1906 676 2004 inquit,
700 1929 831 2001 seraper
856 1905 991 2004 quidem
1015 1907 1155 2004 spiritus
1179 1931 1273 1979 creua
1298 1931 1339 1977 ee
1364 1917 1393 1976 te

147 2018 319 2119 pependit,
344 2017 405 2090 sed
427 2041 516 2089 nuuc
541 2041 625 2108 vere,
651 2015 808 2105 arbitror,
834 2039 930 2089 sacro
956 2029 987 2088 et
1010 2015 1190 2090 venerabili
1213 2041 1269 2089 ore
1294 2015 1393 2089 trati-

99 2152 132 2200 11
152 2145 218 2204 tur.
261 2125 397 2205 Crimen
415 2127 617 2226 praerabidi,
645 2123 735 2224 quod
758 2124 844 2196 met
867 2125 1022 2200 obertum
1047 2139 1111 2218 eet,
1144 2137 1202 2200 tua
1226 2125 1318 2200 salue
1344 2125 1395 2198 di-

155 2243 231 2314 tae.
268 2236 426 2314 Semottu
443 2263 530 2311 aare
555 2237 659 2310 ratam
682 2233 768 2307 mut
791 2235 941 2310 dedam:
967 2262 1024 2312 oro
1050 2261 1243 2337 quaesoque,
1269 2236 1393 2309 amuco

158 2363 248 2424 metu
276 2361 389 2446 patere
423 2348 698 2422 medicamentum
723 2346 853 2444 corrupi
875 2348 987 2423 umis:
1023 2349 1102 2422 laco
1120 2348 1299 2447 paulimer
1324 2345 1396 2419 aei

157 2516 220 2572 bavi
238 2523 325 2568 nostro
351 2521 380 2568 et
400 2513 504 2586 explico
524 2531 579 2568 mea
597 2529 760 2582 meorumque
794 2529 897 2566 morum
914 2514 989 2567 codd.
1008 2514 1200 2578 auctoritatem,
1218 2529 1280 2565 nam
1297 2527 1332 2564 ex
1349 2529 1396 2564 no-

140 2586 310 2650 ¹amicorum.
795 2580 855 2634 stris
878 2585 977 2652 accepit
998 2583 1103 2653 quidem
1126 2582 1153 2636 in
1174 2599 1228 2636 uno
1249 2580 1320 2634 Flor.
1338 2579 1364 2633 G
1381 2597 1398 2632 a

197 2656 222 2722 §-
241 2659 265 2704 7.
287 2652 376 2720 sigillo
392 2669 436 2704 an.
454 2652 499 2704 sui
514 2651 652 2722 impresso]
670 2649 760 2719 Vulgo
794 2648 879 2719 prima
896 2669 940 2718 m,
968 2651 995 2704 in
1014 2651 1036 2706 C
1055 2669 1088 2705 ex
1106 2650 1282 2717 correctione,
1309 2649 1398 2702 bausit

159 2723 331 2792 impressam:
348 2737 396 2772 nos
412 2736 482 2772 nunc
495 2718 627 2790 sequimur
687 2726 762 2771 ttuor
795 2727 885 2771 autem
902 2736 936 2772 ex
954 2737 1020 2773 corr.
1039 2719 1066 2772 in
1084 2719 1110 2773 G
1127 2729 1177 2773 est.
1217 2719 1271 2772 Sed
1289 2719 1321 2770 ad
1340 2733 1399 2770 sen-

55 2803 60 2808 ·
160 2788 323 2861 optimorum
331 2787 446 2840 Bem.A
462 2786 567 2840 Flora
585 2786 633 2839 Lei
660 2787 758 2839 Vossl
797 2786 909 2840 tentiam
918 2787 984 2840 nihil
992 2805 1098 2859 prorsus
1106 2788 1225 2850 interest,
1241 2803 1399 2858 quamquam

160 2855 349 2912 anctoritatem
367 2872 494 2926 usumque
511 2854 646 2926 scriptoris
669 2853 763 2920 nosti,
798 2853 983 2909 Sentscrncius
1013 2855 1149 2909 Exmninis
1175 2874 1201 2925 p.
1228 2862 1278 2908 249
1312 2854 1400 2906 nescio

161 2926 233 2998 apud
251 2940 330 3004 quem
348 2931 395 2977 aut
411 2923 505 2976 anulus
513 2931 560 2976 sut
569 2922 683 2994 sigillum
692 2921 764 2975 anuli
797 2922 862 2994 quid
884 2925 918 2976 sd
939 2924 1079 2976 veritatem
1101 2923 1231 2990 historiae
1251 2921 1334 2990 magis
1356 2938 1399 2975 ac-

160 2992 338 3065 imprimrtur,
364 2991 417 3046 vid.
435 2992 461 3045 h.
478 2990 495 3043 l.
514 3008 536 3044 e.
561 2998 593 3045 18
615 2999 644 3044 et
660 3005 702 3057 vr,
720 2997 763 3057 ¹20,
799 2991 993 3044 commodatum
1018 2991 1046 3043 in
1063 3007 1111 3056 ee,
1139 3007 1217 3061 quam
1241 3007 1289 3041 nos
1316 2987 1399 3040 secuti

162 3077 320 3132 quamquam
346 3060 427 3112 etiam
453 3059 564 3113 tabellas
585 3059 620 3114 im
639 3058 699 3111 rimi
719 3057 765 3110 Li·
798 3075 896 3124 sumus,
914 3058 1044 3128 scripture
1060 3058 1110 3112 sibi
1127 3056 1256 3109 invenisse
1270 3054 1399 3122 visusest,

164 3128 380 3251 deieihbfemplo
400 3141 521 3195 mvn,
546 3135 578 3182 10
642 3125 765 3180 iitaellius
798 3125 872 3247 qqasti
889 3127 1074 3248 nqqinddatqr
1090 3135 1162 3204 tum,¹
1182 3124 1253 3246 qupd
1270 3123 1401 3245 leurteesl'de

1308 3209 1334 3244 m

201 3264 266 3336 Cap.
284 3270 326 3331 15,
345 3267 369 3333 ᾗ.
387 3269 411 3317 8.
430 3265 575 3318 destinatus
589 3265 658 3334 dies]
686 3262 764 3318 Solus
798 3211 913 3332 scrldgdl,¹
935 3211 1195 3334 qddffiePlddpdinld
1228 3209 1281 3314 :3
1297 3260 1401 3314 vultum

163 3333 238 3388 Flor.
255 3333 280 3387 B
299 3334 438 3386 emunata.
798 3339 892 3385 notare
909 3339 1008 3402 posset,
1027 3331 1095 3386 sicut
1112 3332 1176 3386 item
1220 3330 1254 3383 al.
1267 3329 1401 3382 Maximus

199 3406 223 3471 §-
243 3408 268 3456 9.
303 3403 385 3454 levato
402 3417 509 3470 corpore
526 3401 555 3454 in
573 3401 666 3522 cuuzq
691 3399 763 3453 Edit.
799 3405 882 3466 111,8
908 3408 976 3452 extr.
1004 3409 1107 3466 narret,
1134 3417 1193 3453 cum
1218 3397 1347 3451 Arrianus
1372 3407 1402 3450 et

198 3509 205 3522 .
224 3477 253 3523 et
270 3469 347 3524 codd.
365 3485 426 3522 mss.
443 3483 533 3522 omnes
550 3471 579 3522 in
597 3471 654 3522 crati
666 3485 691 3532 e,
702 3479 705 3484 '
718 3469 765 3521 sed
799 3467 958 3522 Plutarchus
975 3468 1052 3521 dmul
1073 3475 1215 3548 utrumque
1231 3467 1329 3520 lectum
1346 3473 1402 3519 tra·

164 3488 237 3593 llos.
256 3535 283 3590 G
299 3545 328 3590 et
344 3535 544 3616 Modisni'duo,
568 3535 766 3618 sigebergensis
800 3535 923 3617 diderint.
958 3535 1013 3590 Sed
1035 3543 1124 3590 tantas
1142 3536 1208 3589 chus
1225 3534 1402 3606 composuerit

165 3615 385 3752 ffiqqerlqupuffi
402 3604 666 3726 dflhlldpidssdrlbidabs
678 3606 768 3726 effla
799 3603 920 3741 htlddere
937 3673 1102 3742 Philippum,
1129 3673 1179 3726 hoc
1199 3673 1290 3725 ordine
1306 3672 1402 3751 verbo3

169 3748 326 3807 constantis,
342 3751 374 3794 ut
382 3757 416 3793 ne
424 3741 531 3794 Modum
547 3742 653 3812 qurdem
669 3742 767 3795 ducor-
800 3757 877 3806 rum,
904 3757 993 3794 omnes
1020 3741 1096 3794 codd.
1122 3741 1206 3793 nostri
1233 3747 1261 3792 et
1278 3739 1401 3793 Vossram

169 3809 235 3862 dare
252 3824 328 3861 ausus
343 3810 386 3862 sit.
415 3807 517 3862 Verum
533 3825 601 3879 quae
617 3809 712 3862 ressit
728 3808 768 3862 ri·
802 3810 880 3862 ambo
901 3809 951 3874 (de
966 3808 1041 3862 Leid.
1059 3807 1168 3876 siletur)
1192 3815 1221 3861 et
1242 3807 1305 3860 edit.
1327 3807 1402 3861 Mod.

168 3877 225 3942 des,
243 3875 333 3930 lectar.
372 3876 445 3930 Eunt
462 3875 545 3946 igitur
561 3885 589 3930 et
606 3877 633 3930 in
651 3877 770 3931 cubitum
801 3877 893 3946 Vulgo
909 3875 1013 3928 inverso
1029 3876 1054 3928 lc
1092 3884 1161 3929 ntur.

168 3943 252 3998 levari
273 3943 390 3998 homines
418 3961 494 3997 exem
514 3944 545 3998 lis
566 3947 682 4004 doceant
699 3947 767 3998 Ver-
836 3945 914 3998 movit
931 3946 1030 4015 oculos]
1089 3945 1137 3998 lor.
1163 3943 1222 3997 DI
1248 3945 1352 4010 amovit,
1378 3941 1403 3996 F

188 4012 225 4066 'lii
234 4014 301 4066 Aen.
310 4027 351 4080 1v,
362 4019 422 4080 690,
441 3963 520 4066 ovid.
529 4011 638 4066 Metam
647 4020 767 4081 vrttes,
802 4015 934 4079 ammovit,
962 4012 1263 4074 EetPal.1avertit,
1289 4011 1359 4064 idem
1375 4010 1403 4064 D

192 4080 290 4134 etronii
307 4097 329 4134 c
349 4088 396 4135 182
416 4091 515 4134 erectus
533 4083 562 4133 in
579 4083 705 4148 cubitum·
722 4081 769 4134 sed
803 4081 965 4150 inmergine.
983 4079 1049 4135 Mox
1066 4079 1403 4136 osseomittiturinBern.

167 4149 315 4204 concedent
332 4148 412 4202 etiem
428 4149 468 4202 its
484 4148 551 4220 erigi
567 4157 599 4202 ut
615 4150 724 4202 sedeant
740 4148 769 4203 in
803 4149 827 4203 B
845 4149 916 4202 Flor.
935 4099 1108 4203 CDEFdl.

166 4218 253 4284 lecto,
280 4217 435 4288 praecemur
460 4216 617 4288 sistraque
633 4233 712 4270 msnu
729 4217 770 4270 uti
839 4221 862 4286 ξ.
882 4223 922 4270 10.
957 4235 1026 4271 nunc
1039 4235 1117 4286 uere„
1132 4219 1257 4283 arbitror,
1284 4233 1406 4270 sacro-

166 4285 260 4340 relint.
805 4303 849 4339 ore
876 4287 1006 4353 trahitur,
1029 4285 1046 4342 i.
1065 4303 1088 4339 e.
1115 4294 1146 4340 ut
1171 4293 1244 4340 recte
1269 4283 1404 4337 Freinshz

202 4355 345 4422 accipit-
358 4354 459 4423 haume]
484 4353 556 4406 Edit.
573 4351 656 4425 princ.
674 4354 770 4422 accipie
804 4371 875 4407 nunc
891 4369 942 4423 ego
959 4353 986 4406 in
1003 4363 1032 4407 te
1048 4354 1123 4424 rivo,
1149 4371 1220 4408 nunc
1240 4353 1326 4406 anima
1346 4367 1406 4404 mea

165 4423 310 4488 *bausit
344 4420 443 4474 Aldina
460 4429 489 4473 et
504 4421 620 4492 reliquae
636 4436 719 4493 usque
736 4421 771 4474 sd
804 4430 851 4476 tuo
867 4439 914 4476 ore
930 4421 1044 4476 ducitur.

167 4489 291 4546 Medium
307 4491 409 4560 accepit
422 4519 459 4532 -
473 4491 672 4545 tacutoontrs
687 4489 770 4560 pluri-
839 4493 862 4560 ξ.
886 4499 926 4544 11.
962 4509 1007 4545 oro
1033 4507 1187 4562 quaesoque,
1214 4491 1312 4544 amisso
1336 4493 1406 4538 metu
