3254 5292
233 353 306 426 126
722 362 757 426 Q.
785 360 910 413 cunrn
934 357 1018 410 num

231 558 308 632 euri
347 561 537 656 permutet.
604 545 774 645 Opimum
812 569 963 644 regnum
1002 566 1177 641 occupare
1215 565 1322 640 posse
1365 537 1484 610 eondi-
1504 556 1537 604 rs

231 670 338 758 tione,
365 689 439 740 non
465 662 576 750 belle,
608 683 675 732 nec
701 679 915 754 quemquam
941 656 1049 728 alium
1074 655 1168 726 inter
1193 651 1327 728 Istrum
1353 658 1390 722 et
1414 647 1484 720 Eu·

231 779 385 877 phraten
424 769 628 872 possedisse
654 778 769 841 terras
801 765 937 863 ingenti
972 765 1088 864 spatio
1123 761 1385 857 intervalloque
1416 756 1485 830 dis·

209 899 358 962 ·cretes.
448 879 695 956 Macedonium
748 901 890 974 quoque
943 877 1063 974 potius
1113 873 1325 971 respiceret,
1378 893 1485 966 quem

231 999 364 1074 Bactra
390 1006 427 1072 et
451 992 561 1066 Indos
592 990 800 1064 intueretur.
855 985 1001 1084 Ingrata
1036 983 1151 1058 oratio
1178 983 1254 1080 regi
1286 981 1363 1054 fuit.
1415 977 1541 1052 Ite-14

234 1133 302 1208 que
330 1118 371 1180 ut
396 1107 505 1178 finem
531 1098 671 1174 dicendi
697 1099 796 1187 fecit,
837 1095 882 1170 El
907 1121 965 1196 epo
972 1153 982 1188 ,
1009 1095 1123 1193 inquit
1129 1147 1139 1182 ,
1169 1091 1351 1190 paeoniam
1385 1113 1487 1190 quem

230 1219 376 1321 pluriam
414 1214 561 1303 mullera,
600 1210 633 1284 si
670 1207 849 1282 Parmenio
888 1230 1001 1280 essem.
1067 1202 1172 1278 Nune
1202 1199 1413 1290 nascerer,
1445 1198 1486 1272 de

228 1337 427 1430 paupertate
466 1347 601 1398 secanae
634 1345 710 1392 sem
744 1329 787 1390 el.
806 1341 858 1388 me
892 1341 960 1391 nen
993 1326 1205 1387 mercatorem
1238 1309 1376 1386 mertini
1408 1332 1487 1400 esse,

233 1441 293 1514 sed
326 1459 446 1536 repem.
498 1429 601 1508 Neleil
631 1427 765 1530 quidem
795 1425 896 1500 ludeo
929 1424 1058 1515 venae,
1089 1423 1150 1496 sed
1170 1424 1349 1525 senonem
1378 1443 1488 1492 meam
1510 1435 1542 1486 1⁵

234 1549 345 1648 ate'qae
370 1570 437 1620 nen
461 1543 586 1618 cende:
625 1538 772 1637 captivos
796 1535 960 1634 siplacet
983 1533 1098 1623 reddi,
1125 1532 1288 1607 ienestiar
1315 1531 1402 1606 deno
1428 1528 1487 1602 da

234 1660 352 1749 bimus,
378 1681 480 1756 quem
499 1651 609 1752 pretio
634 1648 843 1722 remittemus.
895 1643 1113 1717 Introductis
1136 1640 1265 1714 deinde
1285 1639 1414 1738 legetis
1441 1637 1487 1711 nd
1508 1657 1540 1706 re

235 1769 331 1842 hunc
357 1764 505 1838 modum
529 1755 734 1858 respondit:
773 1754 938 1830 Nuntiate
962 1754 1099 1844 Dareo,
1133 1777 1202 1843 me,
1238 1775 1322 1850 quae
1346 1750 1489 1852 fecerim

236 1881 406 1954 clenenter
431 1888 462 1950 et
487 1869 670 1960 liberaliter,
695 1891 762 1940 nen
787 1865 952 1940 amaiiee
978 1865 1049 1938 eius
1075 1861 1234 1952 idumea,
1259 1860 1320 1934 sed
1350 1872 1490 1934 nmerac

237 2012 338 2063 nzeoe.
391 1985 527 2064 Bellum
562 2005 638 2056 eam
673 1977 813 2074 captivis
839 1988 869 2050 et
891 1975 1035 2079 feminis
1056 1997 1172 2072 perere
1196 1995 1263 2044 non
1288 1969 1397 2044 seeo:
1435 1995 1489 2042 ar·
1509 1987 1541 2034 1r

236 2112 346 2172 nunus
376 2095 418 2170 eit
452 2105 587 2192 oportet,
627 2112 724 2188 quem
756 2087 891 2162 ederim.
954 2083 1084 2169 Quodsi
1114 2082 1229 2156 saltem
1259 2105 1381 2179 pacem
1406 2080 1490 2154 tene
1509 2095 1542 2144 18

224 2209 302 2307 fide
322 2216 454 2304 peteret,
481 2201 694 2274 deliberarem
709 2198 876 2297 forsitan,
901 2222 948 2270 en
973 2197 1100 2270 darem.
1163 2190 1290 2268 Verum
1315 2189 1488 2278 enimvero,

239 2314 437 2392 caminada
462 2310 581 2384 milites
606 2329 695 2380 neces
730 2306 844 2380 litteris
878 2307 927 2380 ad
960 2303 1200 2403 proditionem
1234 2299 1332 2374 modo
1366 2298 1490 2371 anemos

239 2428 287 2501 ad
314 2421 500 2524 periclem
534 2445 643 2492 nesam
670 2419 818 2514 pecunie
851 2415 1012 2506 sollicitet,
1047 2413 1095 2488 ad
1128 2411 1378 2485 imerrrecionem
1408 2406 1492 2480 milei

235 2532 485 2637 persepamdes
510 2543 565 2621 eet,
591 2553 657 2603 non
682 2539 719 2600 at
742 2526 848 2600 iustis
874 2525 990 2616 laetis,
1024 2524 1085 2598 sed
1114 2535 1150 2597 ut
1167 2544 1349 2620 percursor
1374 2516 1487 2614 vereſs-

242 2672 308 2723 eas.
364 2639 580 2720 Caletes
604 2661 681 2712 aero
704 2637 822 2740 paene,
858 2661 942 2736 quoe
967 2635 1111 2737 affairs,
1141 2633 1369 2728 sieceepero,
1395 2628 1488 2702 meto-
1508 2645 1541 2695 rr

208 2793 211 2804 ·
241 2781 313 2832 rem
346 2778 423 2829 eam
446 2751 591 2854 faciunt.
647 2741 741 2830 Quae
767 2759 849 2846 pest
878 2745 1075 2844 lleplraten
1107 2755 1201 2833 sunt,
1236 2738 1409 2814 ldreraliter
1434 2737 1490 2810 elo·

242 2877 313 2941 ruat.
378 2859 445 2936 Uti
477 2861 579 2961 epita
612 2881 663 2931 me
698 2855 877 2958 affamini?
922 2878 1039 2953 reempe
1070 2853 1158 2928 altre
1183 2851 1380 2950 Euphraten
1404 2873 1488 2922 serre.

276 3087 299 3153 ᾖ.
319 3092 360 3141 13.
388 3102 450 3140 occec
469 3099 516 3138 ere
527 3099 618 3152 pesse,
636 3080 756 3150 intellige
773 3083 847 3135 illem
883 3099 961 3153 quem
986 3081 1181 3151 corruptionem
1210 3081 1237 3137 h.
1260 3084 1279 3140 l.
1306 3082 1394 3138 Curtii
1421 3079 1489 3136 liber

239 3173 265 3277 pi
279 3171 377 3224 regem.
396 3153 438 3206 Ed
459 3193 465 3205 .
483 3150 848 3274 ῙλιὶιῖῶηιἙἸοηκΗοιηηΒιηη.Ι
882 3158 1007 3233 expertes
1025 3158 1118 3273 esgdgx
1127 3151 1236 3273 timui
1253 3167 1295 3220 xr,
1312 3159 1363 3275 21·.>;
1382 3150 1489 3273 sddtitur

241 3239 334 3370 nil,
355 3239 411 3344 li?
426 3238 532 3367 ieri,
548 3237 848 3357 retentent
882 3235 1063 3410 {lipidu
1080 3230 1312 3360 stnf'ienssi)
1331 3225 1489 3344 tritt?

243 3355 628 3494 opiiilillveillildiucldiilcrllllil·
646 3357 848 3506 flcidgfflonrimss
882 3357 986 3479 glirem
1001 3428 1153 3495 pretiorum
1166 3429 1292 3481 actionem
1305 3427 1379 3505 eppei
1390 3427 1489 3504 dentem

242 3503 271 3549 et
288 3495 348 3548 edd.
357 3500 424 3546 vett.
438 3495 563 3546 desertas.
582 3491 662 3556 Quod
679 3510 848 3564 praeseripsi-
882 3511 1102 3564 supervacaneum
1127 3500 1196 3562 esse,
1221 3494 1314 3548 deinde
1339 3511 1368 3546 in
1393 3493 1489 3546 nedem

242 3581 300 3617 mus
319 3560 432 3616 coniecit
449 3559 605 3627 Acidalius,
631 3561 731 3632 recepit
748 3563 848 3632 primus
882 3571 995 3634 excepto
1012 3562 1080 3618 libro
1088 3562 1159 3617 Flor.
1170 3563 1267 3634 Gpost
1280 3572 1489 3616 nemeaemeoer

243 3631 365 3685 Rederus
383 3637 466 3698 recte,
483 3638 515 3684 ut
532 3629 633 3702 opinor.
651 3629 742 3685 Livius
750 3646 848 3699 xxvrr,
882 3649 929 3685 nec
946 3635 1073 3686 adoneus
1091 3634 1268 3700 calamitates,
1295 3633 1343 3686 sed
1359 3633 1488 3686 adverus

245 3708 278 3755 89
297 3700 341 3753 fin.
360 3702 428 3754 duce
451 3699 529 3754 urbes
551 3717 646 3768 maeno
663 3701 732 3754 inter
748 3719 777 3755 ec
793 3719 849 3754 mc·
882 3701 993 3754 hostium
1010 3702 1078 3754 vires
1097 3704 1257 3756 contendere.
1295 3699 1340 3754 Ex
1356 3698 1397 3753 his
1415 3697 1489 3753 libris

245 3771 284 3822 ris
303 3779 483 3838 terrorumque
500 3770 586 3848 spatio
605 3771 733 3824 discretos
752 3773 783 3824 de
800 3771 849 3823 im·
883 3767 1013 3849 corruptis
1034 3785 1180 3840 eorumque
1206 3768 1332 3824 similibus
1359 3767 1489 3822 editiones

239 3839 318 3908 perio
336 3847 449 3906 certare,
477 3837 529 3890 nha
553 3836 614 3891 ride
631 3837 659 3889 in
676 3837 728 3891 lex.
763 3838 849 3892 Paulo
883 3837 1014 3918 prinerpes
1032 3838 1130 3892 ductos
1147 3845 1218 3904 sunt,
1237 3837 1265 3891 in
1279 3837 1375 3907 quibus
1388 3835 1434 3889 sti
1454 3835 1489 3889 sis

293 3914 306 3960 t
326 3907 417 3975 potius
446 3907 585 3976 respiceret
613 3905 687 3960 Leid.
716 3907 796 3960 Bern.
824 3908 851 3960 A
883 3913 934 3960 rste
947 3906 1130 3986 supplements
1140 3906 1274 3976 leguntur,
1291 3905 1412 3960 doneelll
1450 3903 1489 3956 'us

245 3925 317 4029 illim
334 3975 385 4028 AB
403 3973 461 4042 elii,
481 3975 561 4044 vulgo
579 3991 648 4043 resp.
660 3977 760 4044 potius.
777 3975 850 4029 Flor.
884 3973 1057 4044 integnorum
1080 3993 1187 4029 suorum
1204 3973 1332 4030 librorum
1349 3989 1398 4045 ope
1416 3973 1489 4026 frau-

245 4043 310 4097 DFI
327 4044 514 4097 Macedoniam
526 4046 618 4113 potius
640 4046 794 4112 respiceret,
822 4051 851 4097 et
884 4043 945 4096 dem
962 4043 1072 4097 detexit.

246 4111 284 4166 sic
302 4111 365 4164 edit.
383 4110 510 4165 Modiana
532 4111 582 4166 nisi
623 4112 677 4164 nod
698 4115 850 4182 respiceres,
920 4115 942 4182 ξ.
963 4117 1003 4166 18.
1025 4129 1167 4182 permissor
1191 4127 1280 4165 rerum
1298 4117 1354 4179 est,
1372 4109 1491 4181 quamvis

247 4179 316 4234 sicut
409 4248 425 4260 ..
443 4181 596 4248 intuereris,
649 4180 696 4234 bet
713 4182 746 4234 de
764 4180 851 4234 eonie·
885 4180 913 4234 in
930 4179 1036 4252 optimis
1054 4188 1082 4235 et
1098 4179 1216 4252 plurimis
1234 4197 1294 4234 mss.
1312 4179 1418 4251 legetur
1424 4197 1491 4248 per-

247 4257 325 4302 crure
374 4249 435 4304 adn.
886 4251 980 4304 celeor.

281 4320 306 4386 ς,
327 4324 367 4370 ll.
402 4317 553 4386 Pannenio]
593 4317 753 4370 Parmenion
775 4315 850 4370 Leid.
920 4321 1004 4440 pls.
1025 4336 1091 4388 quos
1109 4336 1126 4370 o
1150 4319 1213 4372 erlis
1231 4333 1321 4372 omnes
1340 4316 1399 4370 heri
1408 4316 1490 4368 Bern.

246 4386 328 4440 Bern.
346 4393 458 4456 uterque
475 4386 497 4439 F
499 4386 545 4440 lor.
565 4383 666 4440 CGHI.
885 4394 914 4441 et
943 4387 1064 4441 laneum
1075 4385 1124 4440 Lei
1144 4387 1250 4442 .Voee.2
1262 4404 1312 4456 pro
1320 4385 1490 4456 milg.sertie.

283 4457 307 4524 ξ.
326 4461 367 4510 16.
391 4456 508 4510 nuntiate
525 4457 615 4510 Dareo
633 4471 673 4509 me
690 4455 753 4528 eet]
771 4454 851 4510 Anti·
920 4457 965 4510 abi
982 4457 1064 4528 iqitar
1081 4474 1121 4510 rne
1139 4457 1281 4526 wentini?
1303 4471 1393 4524 nempe
1419 4455 1492 4508 ultre

1004 3358 1085 3412 Bern.
1103 3357 1127 3410 B
1150 3358 1201 3412 hoc
1222 3357 1283 3413 loeo
1299 3366 1360 3428 post
1376 3357 1489 3410 verbum
