3270 5288
567 378 617 430 nn
644 377 769 430 crsrrs
795 378 904 432 sans
931 381 982 450 rx,
1010 379 1034 428 e.
1347 367 1420 438 435

189 587 270 634 cum
296 561 372 635 aliis
398 560 614 637 inhaerentis
632 589 712 638 crus
734 565 898 655 avellere,
925 575 971 658 et,
999 566 1081 663 quia
1106 593 1180 640 non
1198 569 1422 666 sequebatur,

137 691 169 740 ss
188 673 283 747 ferro
309 683 494 771 amputare
520 675 653 772 coepit:
681 700 726 749 ne
753 674 970 774 sicquidem
996 677 1190 774 pertinacia
1216 680 1321 771 victa,
1347 705 1422 752 rur·

188 809 249 858 sus
276 785 381 858 aliam
405 795 546 882 partem
577 811 698 859 secare
731 786 875 877 institit,
911 797 947 860 et
980 787 1063 860 inde
1097 813 1170 860 non
1197 791 1339 887 segnius
1371 792 1422 864 in·

187 897 395 972 haerentem
428 897 523 970 ferro
562 896 714 971 subinde
741 895 923 971 caedebat.
981 897 1044 971 Ille
1075 899 1112 970 in
1146 901 1294 974 vulnere
1325 902 1422 976 ferae

188 1005 314 1080 dentes
332 1005 565 1082 moribundus
592 1033 732 1106 quoque
758 1007 941 1080 infixerat:
974 1018 1112 1082 tantam
1137 1009 1267 1084 inillis
1293 1012 1423 1086 anima-
1468 1077 1471 1091 ,

187 1117 281 1190 libus
314 1115 361 1190 ad
392 1118 597 1192 venandum
631 1117 863 1216 cupiditatem
896 1119 1123 1217 ingenerasse
1154 1131 1320 1195 naturam
1352 1150 1422 1198 me·

136 1249 170 1298 es
187 1229 321 1302 moriae
359 1228 542 1326 proditum
581 1237 645 1303 est
703 1227 879 1326 Equidem
916 1231 1021 1328 plura
1058 1232 1275 1323 transcribo,
1316 1259 1423 1332 quam

188 1340 310 1413 eredo:
343 1365 426 1414 nam
458 1364 524 1415 nec
551 1341 729 1414 affirmare
755 1341 930 1432 sustineo,
962 1340 1008 1414 de
1035 1342 1163 1439 quibus
1190 1341 1330 1436 dubito,
1356 1371 1424 1420 nec

136 1469 169 1519 aa
187 1451 396 1543 subducere,
424 1477 514 1550 quae
529 1453 657 1550 accepi.
693 1450 831 1526 Reheto
856 1452 966 1549 igitur
979 1449 1127 1550 Sopithe
1153 1453 1189 1524 in
1209 1479 1274 1527 suo
1300 1481 1421 1553 regno,

187 1561 235 1635 ad
260 1562 410 1636 fluvium
434 1561 599 1663 Hypasin
625 1563 814 1662 prooessit,
840 1560 1122 1661 Hephaestione,
1158 1565 1218 1661 qui
1244 1564 1423 1638 diversam

136 1691 170 1740 aa
186 1674 371 1772 regionem
395 1674 605 1774 subegerat,
638 1675 837 1786 opniuncto.
889 1672 1055 1771 Phegeus
1089 1683 1167 1747 erat
1199 1677 1315 1772 gentis
1342 1702 1422 1774 pro-

186 1785 305 1858 ximae
330 1810 412 1858 rex:
439 1785 517 1882 qui,
543 1786 773 1885 popularibus
800 1784 874 1857 suis
901 1784 1018 1858 colere
1044 1809 1166 1882 agros,
1191 1796 1234 1858 ut
1259 1812 1423 1860 assueve-

187 1907 287 1988 rant,
313 1896 434 1987 iussis,
459 1894 667 1970 Alexandro
694 1920 775 1968 oum
801 1883 904 1969 donis
930 1897 1100 1986 occurrit,
1126 1895 1214 1968 nihil
1240 1895 1336 1992 quod
1361 1896 1423 1970 im·

107 2027 113 2036 ·
187 2016 330 2103 peraret
358 2005 570 2080 detrectans.

136 2134 169 2182 11.
289 2115 444 2190 Biduum
470 2115 566 2216 apud
593 2141 675 2190 eum
694 2115 961 2190 substitit'rex:
988 2117 1095 2190 tertio
1122 2114 1180 2190 die
1199 2141 1340 2190 amnem
1366 2141 1421 2190 su·
1450 2121 1472 2190 7

110 2371 114 2378 ’
187 2381 240 2420 non
257 2367 543 2448 potest'gramniatice,
570 2366 790 2437 nisicumprae
821 2381 870 2435 v1,
898 2385 919 2422 c.
939 2375 969 2421 lt
989 2373 1079 2448 etl,
1106 2385 1127 2422 e.
1146 2371 1281 2448 tosta,
1308 2365 1423 2420 carteia

185 2451 281 2556 ffissrs
302 2453 475 2490 consumens.
519 2437 580 2502 Quo
605 2437 674 2490 lacto
700 2443 789 2490 tamen
821 2443 909 2490 textu.
967 2436 1155 2491 Cumanorum
1189 2436 1318 2491 librorum
1352 2435 1423 2488 Flor.

229 2504 310 2574 guida
340 2511 369 2557 ct
395 2503 551 2559 inconcinna
578 2506 625 2558 fiet
653 2503 787 2575 periodus,
820 2504 898 2558 ABD
915 2505 1052 2574 Hypasin,
1071 2503 1145 2559 Leid.
1171 2505 1248 2558 Voss.
1276 2503 1422 2557 12Bern.

184 2572 313 2626 necastis
330 2572 474 2654 peropima
500 2573 604 2626 Deinde
618 2591 648 2626 es
665 2575 786 2640 dismas,
820 2575 847 2626 A
877 2573 996 2642 Ypasin,
1032 2572 1138 2644 reliqui¹
1153 2574 1240 2628 nostri
1257 2575 1352 2642 sposim
1378 2579 1424 2625 aut

185 2639 249 2694 editi
271 2659 303 2694 ee
325 2643 365 2694 sis.
404 2641 471 2696 Post
496 2659 557 2696 mss.
584 2658 673 2696 omnes
699 2643 786 2705 unius,
820 2643 917 2694 insin.
952 2642 1048 2712 ltaque
1073 2640 1230 2695 tutissimum
1248 2651 1288 2694 est
1310 2640 1424 2694 scribere

184 2707 270 2762 Aldus
287 2718 437 2764 correxerat
453 2729 529 2764 unus.
554 2711 613 2764 Hoc
626 2711 702 2777 bene,
720 2708 787 2762 sieut
848 2711 953 2778 ypcsia,
966 2725 1124 2779 quamquam
1133 2709 1224 2762 nescio
1233 2717 1321 2763 utmm
1330 2707 1424 2762 omissa

184 2776 249 2830 illud
276 2777 344 2831 male
370 2779 443 2848 quod
468 2796 526 2832 crem
549 2777 644 2846 edidit,
671 2795 732 2831 cum
758 2775 786 2829 in
820 2776 945 2848 aspiratio
964 2776 1146 2831 consuetudini
1157 2776 1313 2830 lndnorum
1329 2794 1363 2829 au
1381 2793 1423 2830 er-

184 2844 267 2916 priuci
288 2845 346 2899 ibus
367 2857 420 2899 tum
443 2845 543 2900 firisset.
585 2845 644 2899 Nec
666 2843 786 2914 intelligo
820 2844 875 2898 rori
897 2844 1064 2898 librariorum
1085 2844 1237 2898 ascribenda
1258 2843 1300 2897 sit
1339 2843 1423 2897 Aldus

185 2914 248 2985 quid
293 2915 369 2969 odius
387 2915 510 2982 voluerit,
548 2913 575 2966 ui
592 2915 668 2967 antus
686 2913 787 2967 diceret
820 2912 932 2966 dederat
948 2914 977 2965 H
1011 2915 1094 2979 Meis,
1121 2913 1167 2966 sed
1184 2929 1244 2964 eum
1261 2911 1424 2982 reliquemnt

184 2999 201 3034 a
218 2983 347 3037 sententia
363 2981 499 3055 postulari.
529 2933 618 3036 immo
641 2981 676 3034 ad
693 2997 786 3035 vocem
820 2979 911 3033 Iunius
933 2989 961 3034 et
1008 2979 1100 3044 odius,
1123 2995 1208 3050 nequa
1233 2997 1282 3033 nos
1299 2979 1423 3058 vulgatae

185 3053 259 3105 canis
276 3052 379 3106 facilius
395 3050 555 3121 intelligitur
572 3052 692 3113 alicuius,
708 3065 787 3120 quam
820 3048 989 3102 obstabimus.
1032 3047 1123 3101 Hodie
1148 3055 1259 3101 vocatur
1284 3047 1365 3112 Bias,
1396 3065 1424 3100 m

184 3119 351 3175 coniunxerit
368 3138 399 3174 es
416 3122 458 3175 tis
479 3121 523 3190 qa·
539 3127 710 3174 semerom
727 3119 785 3170 tali·
821 3132 899 3186 quam
908 3116 1054 3184 Hesudrus,
1072 3132 1150 3188 quem
1159 3115 1298 3169 Setledaeh
1316 3123 1423 3181 vocant,

185 3187 232 3241 bus
257 3191 412 3242 ministeriis
429 3219 463 3230 -
481 3189 579 3257 coepit,
604 3185 623 3241 i.
643 3203 666 3239 e.
692 3183 786 3256 aliquis
820 3184 926 3253 incidit,
953 3183 1089 3255 utriusque
1111 3183 1243 3238 coniuncti
1265 3200 1346 3254 aquas
1362 3190 1424 3252 post

184 3272 218 3309 ex
239 3255 372 3310 ministris.
415 3256 445 3310 Si
466 3253 574 3328 pluralis
597 3269 720 3307 numanis
747 3270 788 3306 se-
821 3251 930 3322 longum
951 3251 1066 3323 spatium
1088 3251 1212 3306 Acesines
1235 3251 1330 3322 recipit
1351 3259 1380 3304 et
1396 3249 1424 3303 in

185 3333 310 3396 queretur
320 3334 351 3379 ut
360 3339 412 3393 vn,
433 3332 482 3392 1,9
499 3323 600 3378 facilius
609 3323 787 3378 concederem.
821 3319 917 3375 Indum
947 3319 1113 3375 transmittit.
1161 3319 1305 3384 Quaeritur
1335 3327 1424 3373 autem

217 3429 278 3465 crau
306 3413 426 3478 avellere]
465 3411 543 3464 Voss.
568 3415 581 3462 1
610 3407 681 3462 Flor.
712 3405 788 3462 OEH
822 3397 910 3443 “imm
927 3389 1078 3445 fflfflffldffl'
1094 3388 1214 3459 Hl’lmlfl
1233 3388 1366 3442 lffifflii
1381 3405 1424 3440 ⁸1¹·

184 3475 789 3544 wavdleraPal.lFlor.DFG1cwra
821 3475 871 3528 lm
887 3458 1009 3539 891ὓῖῐὲ
1029 3457 1190 3512 ffiflfiuesstffl
1216 3474 1275 3510 cum
1288 3455 1424 3537 ,Eetudra

183 3549 293 3600 velleret.
821 3527 863 3581 Aa
879 3527 943 3580 mrln
960 3526 1066 3598 quidem
1080 3541 1114 3578 cx
1128 3543 1160 3579 eo
1167 3525 1244 3646 guod
1253 3524 1352 3578 Pharus
1370 3531 1424 3578 nat.
1509 3585 1511 3590 Ι

770 3639 776 3652 .
821 3594 883 3649 hist.
900 3609 932 3647 vr
969 3601 999 3648 17
1019 3611 1039 3647 a
1065 3601 1096 3647 21
1116 3595 1150 3646 de
1188 3593 1278 3646 eleuoo
1294 3593 1423 3646 Nicatore

185 3642 294 3759 (15·33·
313 3641 392 3718 ''eli‘'
401 3639 513 3709 quidem]
530 3639 621 3709 V¹¹18⁰
630 3657 718 3692 ’²⁶⁰‘
729 3657 787 3718 9¹3²·
822 3663 893 3716 ultra
909 3635 1054 3716 Alexandri
1072 3661 1200 3714 terminos
1221 3661 1256 3714 ad
1274 3662 1424 3734 Hesudrum

203 3707 418 3772 em,sedtut1uss
452 3723 543 3759 uemur
551 3706 701 3762 mosano
710 3705 785 3760 Lerd.
871 3747 961 3800 grem
982 3728 1103 3796 tradidit,
1127 3746 1207 3799 supr,
1229 3729 1344 3782 mnium
1361 3745 1424 3783 mn,

184 3775 301 3855 ll⁰⁸⁸¹.¹
330 3774 411 3852 lim
464 3813 470 3826 ·
514 3773 594 3838 Qu⁰d
620 3773 737 3844 “mitur
760 3783 787 3853 ,θ’
819 3749 932 3852 ilina·
949 3798 984 3852 ad
993 3797 1146 3867 Hydaspem
1163 3796 1247 3850 solum
1265 3797 1367 3851 venisse
1383 3795 1423 3850 vi·

183 3845 245 3896 sade
266 3859 368 3897 metina
388 3848 563 3896 correctomm
585 3843 684 3896 factum
700 3847 742 3895 est
757 3859 785 3921 ru
820 3866 899 3920 dem,
915 3865 1074 3919 Alexander·

184 3909 400 3965 effit.·Snakenb.
421 3916 450 3990 et
466 3907 574 3980 Blpont·
597 3917 625 3962 (tt
642 3925 675 3962 ex
701 3925 733 3962 ea
758 3925 787 3962 ln
854 3939 877 4001 g
895 3940 936 3988 35.
971 3933 1102 4011 pgeym]
1143 3933 1239 3986 Adhuc
1266 3931 1331 3986 editi
1359 3931 1424 3985 olim

182 3978 273 4051 prim
289 3995 349 4032 Μ
365 3988 389 4032 ‘²
407 3979 508 4031 ‘lm‘l‘’
819 4001 941 4082 Ptepelis
966 4017 1000 4054 ex
1019 4000 1158 4122 plerisque
1186 3999 1334 4066 codicibus,
1398 4007 1424 4053 st

160 4133 168 4140 ,
217 4075 240 4142 5.
258 4077 301 4127 85.
320 4072 479 4142 adflaviam
496 4069 631 4140 Hypasin]
667 4066 785 4122 Graecae
819 4069 924 4123 Iumum
933 4069 1213 4138 Pbepeaasectmdum
1221 4069 1291 4122 Flor.
1309 4073 1339 4120 Β.
1394 4085 1423 4121 os

182 4140 294 4195 nominis
308 4142 407 4195 formae
415 4147 477 4193 aunt
493 4140 562 4192 duaa
571 4138 706 4206 Hyphasis
715 4137 786 4208 apud
819 4138 860 4192 Pl
892 4155 937 4191 eus
955 4136 1072 4190 dedimus
1090 4152 1125 4190 ex
1141 4136 1214 4190 Flos.
1231 4135 1322 4191 DFGI
1339 4135 1421 4190 Pal.1

183 4209 337 4276 Arriauum,
370 4209 495 4288 Hypanis
521 4223 538 4259 a
574 4207 590 4258 d
617 4204 784 4273 Strabonem,
819 4216 848 4259 et
892 4206 976 4260 iodori
996 4204 1107 4259 historia
1125 4213 1153 4258 et
1171 4205 1244 4274 quod
1265 4204 1423 4285 paulopost

131 4295 136 4306 ·
184 4277 357 4344 Athenaeum,
372 4275 530 4346 Dionysium
563 4273 601 4328 eri
650 4279 708 4339 ten,
721 4273 786 4328 Dio-
819 4274 847 4328 in
863 4273 984 4328 omnibus
1001 4273 1423 4328 fereoodd.Curtian1saoausatr·

185 4345 243 4399 dori
265 4345 367 4400 codices
384 4345 490 4398 variant
515 4343 585 4398 inter
633 4344 732 4410 spania
757 4349 786 4396 et
819 4359 867 4396 vrrs
885 4343 940 4396 eius
958 4341 1069 4396 nominis
1096 4349 1138 4395 est
1159 4342 1273 4412 Phegea.
1312 4340 1344 4392 Iu
1369 4340 1422 4392 tina

184 4412 215 4464 H
246 4416 332 4467 tasin.
384 4413 477 4467 Tertia
501 4421 544 4466 eat
568 4411 706 4481 Hypasis,
732 4427 785 4481 qua
819 4413 968 4465 detractem
977 4409 1245 4488 sequentur-teuto
1253 4407 1328 4462 codd.
1337 4407 1420 4460 Pall

183 4478 208 4533 P
247 4481 285 4535 'us
302 4482 330 4536 in
347 4489 401 4536 nat
418 4480 477 4536 hist
494 4482 579 4536 utitur
590 4494 614 4534 11
630 4495 652 4532 c
663 4485 695 4534 ts
713 4485 785 4532 att.
819 4477 890 4533 Flor.
908 4478 973 4533 DFI
990 4486 1020 4533 et
1036 4477 1145 4533 alteram
1162 4485 1250 4532 sectae
1268 4476 1323 4531 GE.

1197 4561 1251 4615 28*
