3214 5288
524 391 574 440 na
602 387 729 440 ossrrs
756 389 865 440 saux.
892 390 942 457 111,
972 387 1012 440 rr.
1336 369 1384 444 29

144 583 310 648 venerat:
350 573 450 646 cuius
493 575 648 672 potitus,
683 573 846 646 ducentis
885 574 1030 646 talentis
1068 574 1203 648 multae
1241 575 1385 650 nomine

108 685 293 775 sexactis,
319 683 392 756 arci
417 682 635 782 praesidium
660 685 812 758 rnilitum
838 684 1017 782 imposuit
1052 681 1150 757 Vota
1176 681 1305 758 deinde
1318 710 1385 784 pro

142 797 260 872 salute
287 805 454 892 suscepta
478 819 544 893 per
568 794 694 868 ludum
720 805 827 891 atque
861 797 974 868 otium
1007 793 1179 884 reddens,
1218 796 1386 888 ostendit,

143 915 282 1004 quanta
316 903 447 978 fiducia
485 905 658 980 barbaros
691 915 893 1004 sperneret:
933 907 1065 1005 quippe
1098 905 1314 1004 Aesculapio
1349 915 1386 981 et

106 1015 330 1090 4Minervae
354 1015 460 1090 ludos
486 1017 690 1092 celebravit.
726 1013 912 1115 Spectanti
936 1018 1083 1091 nuntius
1108 1017 1224 1090 laetus
1238 1018 1387 1090 effertur

142 1125 415 1216 Halicarnasso,
449 1124 579 1200 Persas
611 1129 686 1202 acie
712 1128 834 1202 esuis
869 1153 948 1202 esse
983 1137 1190 1226 superatos,
1216 1125 1386 1227 Myndios

143 1261 286 1333 quoque
319 1247 356 1311 et
383 1235 537 1312 Caunios
569 1248 607 1311 et
631 1239 802 1337 pleraque
835 1249 973 1312 tractus
999 1238 1074 1312 eius
1101 1261 1188 1311 suae
1213 1239 1308 1312 facta
1334 1239 1384 1312 di·

104 1347 264 1422 scionis.
304 1346 417 1444 Igitur
443 1347 540 1422 edito
567 1350 771 1447 spectaculo
797 1349 954 1440 ludicro,
981 1351 1176 1446 castrisque
1202 1351 1320 1440 motis,
1347 1359 1386 1426 et

142 1456 301 1557 Pyramo
337 1483 441 1532 amne
475 1469 586 1558 ponte
618 1461 760 1551 iuncto,
800 1459 848 1534 ad
881 1459 1009 1536 urbem
1033 1459 1169 1534 Mallon
1199 1461 1384 1559 pervenit:

105 1568 228 1642 sinde
253 1570 375 1642 alteris
401 1571 527 1644 eastris
553 1569 600 1643 ad
626 1569 800 1669 oppidum
827 1569 1068 1646 Castabulum.
1113 1569 1168 1644 Ibi
1193 1571 1384 1646 Parmenio

145 1681 221 1778 regi
254 1680 425 1771 occurrit,
460 1705 567 1778 quem
596 1684 831 1780 praemiserat
862 1681 909 1756 ad
935 1681 1198 1782 explorandum
1222 1683 1291 1756 iter
1317 1683 1384 1756 sal·

143 1800 221 1880 tus,
256 1814 323 1889 per
349 1816 454 1887 quem
480 1791 527 1864 ad
552 1794 679 1867 urbem
703 1793 807 1868 Isson
837 1794 981 1868 nomine
1006 1791 1269 1892 penetrandum
1295 1803 1383 1866 erat

104 1915 120 1962 ⁷
142 1901 265 1998 Atque
291 1902 351 1974 ille
376 1904 549 2000 angustiis
575 1905 651 1979 eius
677 1905 869 2002 occupetis,
896 1914 934 1977 et
958 1903 1136 2002 praesidio
1162 1903 1304 1979 modico
1329 1928 1384 1975 re·

141 2013 237 2101 licto,
263 2009 368 2085 Isson
393 2037 534 2112 quoque
561 2013 741 2088 desertam
767 2040 789 2087 a
814 2015 975 2088 barbaris
1002 2023 1156 2110 ceperat.
1195 2011 1284 2086 Inde
1303 2037 1383 2111 pro·

59 2135 64 2144 '
139 2147 297 2220 gressus,
325 2121 523 2198 deturbatis
550 2126 613 2222 qui
637 2125 807 2198 interiora
831 2124 1007 2198 montium
1033 2123 1256 2214 obsidebant,
1283 2147 1384 2222 pree·

143 2321 203 2357 sum
219 2319 285 2369 esse,
306 2321 365 2357 cum
386 2306 449 2359 urbs
471 2305 516 2360 ilbi
533 2315 607 2362 retro
630 2307 681 2361 site
703 2307 746 2376 sit,
782 2307 905 2361 Schneid.
922 2305 1006 2360 Elem.
1025 2326 1051 2378 p.
1069 2313 1129 2361 441.

144 2373 193 2426 sed
210 2379 320 2442 propter
332 2374 490 2442 gravintem
507 2393 581 2430 susm
597 2395 652 2430 non
667 2383 747 2447 potu·
817 2379 839 2444 5.
859 2381 883 2430 5.
919 2379 958 2430 ad
981 2377 1069 2429 arbem
1091 2377 1206 2444 Mallon]
1234 2374 1306 2428 Flor.
1331 2373 1384 2429 CH

144 2439 198 2493 erit
215 2440 271 2493 sine
288 2441 415 2510 praesidio
432 2443 552 2517 relinqui.
585 2445 643 2500 Illic
666 2445 748 2498 etiam
782 2451 815 2500 et¹
828 2445 868 2498 ed
919 2445 1048 2510 .Malon,
1075 2444 1193 2515 plerique
1210 2445 1324 2509 Malam,
1352 2451 1384 2498 ut

143 2507 221 2561 ludos
237 2507 300 2562 fecit
316 2510 475 2565 Alexander.
782 2512 862 2566 etiam
920 2511 954 2565 'd.
978 2518 1007 2566 el
1023 2513 1100 2565 Voss.
1120 2520 1144 2577 1,
1170 2513 1285 2565 Mallum
1302 2511 1391 2564 Bem.'

176 2579 275 2630 multae
292 2580 406 2649 aomina]
430 2578 475 2634 Sic
491 2580 604 2636 Flor.B
630 2581 744 2634 Bern.1
780 2582 823 2647 A3
850 2581 978 2636 sedeam
999 2580 1069 2651 vulg.
1088 2582 1193 2634 Mallon
1215 2579 1384 2636 consentiunt

140 2643 217 2698 Leid.
236 2645 314 2698 Voss.
335 2653 346 2698 l
367 2653 394 2700 et
411 2647 474 2700 edit.
492 2649 575 2716 Mod,
599 2649 683 2720 vulgo
700 2666 746 2701 ao·
779 2649 852 2702 Flor.
869 2650 894 2702 B
913 2657 941 2702 ct
959 2648 993 2703 G.

140 2715 212 2766 miae
229 2715 336 2780 multae,
362 2715 434 2786 quod
459 2734 511 2770 non
539 2716 672 2772 insolitum
689 2716 747 2788 qui·
819 2718 1001 2796 Castabulum]
1029 2715 1153 2789 Plerique
1178 2733 1268 2771 omnes
1285 2724 1314 2770 et
1331 2715 1383 2769 mei

141 2781 204 2834 dem
231 2789 281 2848 est,
309 2788 338 2835 et
363 2782 448 2838 minus
469 2785 598 2856 frequens.
635 2785 748 2840 Causam
782 2793 810 2838 et
827 2785 890 2840 olim
911 2785 1001 2839 oollstr
1027 2787 1102 2840 codd.
1128 2803 1189 2839 mss.
1213 2787 1383 2840 Castabulum

140 2849 243 2904 multae
265 2849 342 2903 addit
363 2851 491 2906 Arrianus
508 2861 577 2921 11,5
606 2849 650 2906 ὅτι
676 2853 747 2924 πρὸς
781 2853 889 2920 babent,
908 2855 961 2908 duo
977 2853 1049 2907 Flor.
1066 2853 1104 2907 ΕΙ
1124 2854 1298 2915 Custodem,
1324 2852 1382 2906 nul-

139 2917 209 2974 eoric
240 2923 351 2990 Πέρσας
380 2918 493 2987 μᾶλλόν
523 2943 552 2974 τι
583 2922 637 2975 τὸν
675 2928 747 2974 νοῦν
781 2922 822 2976 lus
839 2931 870 2975 ut
887 2921 1076 2992 postModium
1095 2921 1174 2990 vulgo
1185 2921 1273 2973 editur
1286 2921 1382 2973 Casta·

141 2986 228 3052 εἶχον.
782 2992 888 3053 balaam
914 2991 960 3042 sed
978 3006 1029 3042 non
1048 2988 1142 3040 inimic
1178 2988 1323 3057 eographos
1340 3003 1382 3038 se-

179 3057 203 3122 5.
229 3061 255 3108 8.
291 3057 387 3134 quippe
405 3057 564 3127 Aescrdapt'o
581 3089 616 3097 —
633 3057 746 3110 celebra·
781 3065 857 3110 cutus
875 3055 1059 3110 Schmiederus
1081 3065 1157 3108 osten
1178 3055 1199 3106 't
1223 3070 1315 3106 verum
1333 3054 1382 3106 hu-

145 3125 195 3188 vil]
213 3121 441 3192 coniunctionem,
460 3143 618 3196 quamquam
626 3124 745 3178 Freinsh.
781 3125 821 3177 ius
839 3124 927 3194 oppidi
945 3140 1042 3176 nomen
1059 3123 1138 3174 sitisse
1151 3123 1303 3188 Calabolon,
1321 3139 1382 3176 cum

130 3199 164 3242 'a
181 3205 258 3242 sensu
274 3191 351 3243 huius
368 3193 468 3262 periodi
483 3193 594 3248 alienam
602 3193 745 3258 existimat,
781 3191 832 3244 aba
858 3191 956 3246 fuerint
982 3191 1010 3244 in
1036 3189 1202 3312 Cappadocia
1236 3190 1381 3268 Cqslabalu

144 3273 180 3310 ex
198 3258 261 3311 edit.
278 3259 406 3314 Modiana
422 3261 605 3334 codicibusque
621 3261 703 3315 Bern.
720 3262 746 3313 A
781 3260 885 3330 longius
911 3277 928 3314 s
952 3259 1018 3313 mari
1044 3269 1073 3313 et
1112 3277 1143 3314 oc
1169 3260 1197 3312 in
1214 3257 1319 3329 Syriam
1336 3257 1380 3311 rti-

142 3325 216 3380 Flor.
234 3325 287 3380 BG
309 3327 383 3380 Leid.
407 3328 518 3384 Vossian
553 3347 587 3384 ue
612 3340 621 3382 1
646 3329 745 3400 recepi:
781 3345 845 3382 nere
861 3337 972 3384 remote.

141 3410 230 3464 neque
252 3395 323 3448 enim
345 3397 490 3466 asyndeton
510 3417 528 3452 u
547 3416 564 3453 o
585 3399 664 3453 modo
684 3397 747 3451 serri
815 3401 838 3476 5
862 3405 885 3452 t.
938 3415 994 3450 uera
1016 3397 1204 3475 praemiserat]
1231 3395 1382 3449 Pronomcn

142 3471 222 3610 1³⁰?
221 3470 246 3584 d
278 3533 391 3601 affertur
407 3535 612 3602 Halicarnasso]
630 3533 746 3604 Praepo-
780 3473 930 3614 dlliiiwCC,
948 3465 1382 3602 aegrestinlgqq,rplqslqireptiptqp

140 3607 268 3656 ultonem
286 3618 328 3666 ee,
355 3618 421 3671 quae
438 3601 518 3672 vulgo
539 3602 673 3669 inseritur,
700 3620 746 3656 no-
781 3619 825 3656 eos
843 3611 965 3672 antiquus
983 3601 1015 3654 B.

143 3665 195 3720 stri
212 3668 287 3720 codd
306 3670 540 3740 omnesignorant.
567 3671 610 3725 De
618 3671 748 3741 scripture
834 3679 874 3724 .l.
892 3672 1019 3723 interiora
1029 3670 1164 3747 montium]
1183 3667 1302 3738 intellige
1312 3668 1381 3738 ipsas

144 3733 260 3814 nominis
276 3734 341 3804 pleri
361 3753 393 3789 ue
420 3746 449 3792 et
474 3738 566 3808 optimi
592 3740 667 3820 codd.
686 3739 711 3790 h.
729 3739 746 3792 l.
782 3757 817 3859 py
874 3738 974 3808 Syriae,
988 3755 1058 3818 ¹quas
1076 3737 1267 3817 Curtiuspost
1285 3736 1382 3816 descri-

145 3803 748 3928 Allt'tlllll...¹¹l.¹²¹1⁰llt‘t⁰t”tll
782 3806 1247 3926 alillldsfflbsscdffliiiil
1262 3803 1383 3936 billi·

141 3887 311 4006 dcnbargius
332 3939 376 4060 qqri
394 3941 420 3994 h.
438 3913 457 3994 lJ
473 3915 668 3996 Halicarriaiso
685 3942 748 3996 scri-
782 3957 901 4022 pugrmre
928 3941 1051 3995 Curtium
1076 3958 1136 3993 curn
1161 3940 1284 4007 Arriano,
1311 3911 1383 4020 quod

176 4006 198 4062 it
224 4007 311 4060 edidit
365 4011 536 4063 alicarnasan
566 4010 681 4082 dicitque
710 4011 749 4064 its
783 4010 929 4063 smrdnon
955 4018 986 4063 ut
1012 4025 1044 4062 eo
1066 4008 1124 4062 loco
1145 4009 1267 4062 hostilem
1283 4025 1384 4062 exercr-

179 4075 243 4127 bere
261 4093 324 4141 mss,
347 4077 393 4128 sed
410 4085 559 4131 nostrorum
580 4097 634 4132 non
650 4080 749 4132 habent
783 4087 842 4132 turn
858 4085 1020 4148 expectaret,
1042 4077 1089 4130 sed
1111 4084 1141 4129 ut
1158 4077 1186 4128 in
1203 4075 1306 4146 Syriam
1329 4085 1384 4130 sta·

139 4142 194 4198 nisi
221 4143 306 4196 Bern.
323 4145 350 4196 A
375 4143 488 4200 nnec
514 4153 544 4200 et
569 4149 749 4200 Alicamasoa
783 4147 832 4200 tim
850 4155 973 4216 pergeret
989 4145 1046 4214 regi
1064 4144 1200 4198 suaserint.
1235 4144 1384 4198 Nuntiaba-

138 4210 216 4264 Flor.
245 4209 316 4278 GH,
347 4213 561 4268 Halicarnasson
591 4214 662 4268 Flor.
688 4215 748 4280 AB,
784 4223 830 4270 tur
846 4214 915 4267 enim
933 4213 1036 4266 Dareus
1054 4212 1168 4281 inSyria
1185 4221 1270 4266 castre
1286 4213 1384 4266 stativa

139 4281 355 4334 Alicamassam
372 4279 404 4346 F,
423 4283 635 4336 Allicarnarsam
651 4283 685 4348 E,
709 4284 750 4336 illi
784 4283 881 4336 habere
897 4299 947 4334 neo
963 4281 1113 4362 procedere,
1131 4289 1160 4333 et
1173 4280 1312 4334 videbatur
1320 4281 1384 4332 Ale-

139 4365 305 4402 carnassum
323 4347 373 4400 DI.
408 4347 466 4402 Lib.
485 4365 548 4417 vm,
569 4359 592 4417 l,
611 4358 644 4404 llll
671 4351 751 4404 Hali·
784 4352 885 4404 xander
910 4351 986 4403 ninus
1012 4349 1065 4402 iam
1090 4349 1134 4402 diu
1158 4348 1186 4400 in
1205 4347 1296 4402 Cilicia
1314 4366 1384 4401 oom-

139 4433 290 4470 camarum
314 4415 396 4468 Snak.
419 4417 501 4470 edidit
523 4434 557 4472 ex
581 4418 656 4472 Leid.
674 4419 750 4473 Voss.
785 4428 901 4472 moratus
918 4435 982 4471 esse.
1009 4417 1063 4470 Sed
1081 4433 1112 4469 ea
1128 4417 1185 4486 ipse
1205 4434 1286 4482 more,
1305 4433 1384 4494 quam

142 4491 171 4550 1,
188 4482 262 4540 Flor.
280 4501 297 4538 s
315 4483 387 4556 vulg.
406 4503 478 4541 seura
496 4504 549 4543 non
566 4489 672 4544 abeunt.
708 4486 751 4543 Οἱ.
785 4495 859 4542 metu
875 4495 960 4542 ortam
977 4493 1094 4559 putaret,
1120 4483 1237 4538 Dareum
1253 4492 1335 4539 movit
1352 4489 1383 4533 ut
