3270 5290
210 334 285 407 216
690 351 723 418 o.
751 351 875 406 cnnrn
899 351 993 404 auor·
1064 317 1066 320 ’

207 538 301 610 tueri
329 524 535 636 oportebat,
563 535 691 635 dilapsi
716 547 816 627 sunt,
844 534 1006 624 armatis,
1041 559 1132 631 quos
1158 535 1229 607 iam
1256 531 1455 606 adventare

202 647 414 739 credebant,
440 646 538 720 haud
564 648 633 719 rati
660 673 699 722 se
725 649 865 721 futuros
891 669 1007 745 pares.
1059 645 1191 744 Ingens
1224 667 1311 741 ergo
1336 644 1375 716 in
1399 653 1453 716 ta-

207 757 400 834 bernaculo
426 758 583 833 solitudo
610 769 697 849 erat,
723 759 847 856 paucis
871 757 1104 857 spadonibus,
1131 757 1215 855 quia
1241 781 1312 854 quo
1339 755 1450 830 disoe-

207 871 337 947 derent
360 895 434 944 non
461 870 659 959 habebant,
694 868 1006 943 circumstantibus
1040 893 1173 967 regem.
1225 868 1278 946 At
1302 867 1371 958 ille,
1397 890 1451 941 re·
1471 885 1510 934 ro

206 985 315 1058 motis
342 981 495 1072 arbitris,
523 980 585 1055 diu
612 977 709 1052 aliud
734 989 843 1076 atque
869 977 968 1052 aliud
993 979 1179 1052 consilium
1206 979 1324 1052 animo
1350 980 1451 1053 volu·

208 1094 319 1168 tabat.
371 1091 518 1189 Iamque
554 1091 796 1181 solitudinem,
833 1115 941 1188 quam
971 1092 1080 1188 paulo
1113 1099 1197 1163 ante
1228 1113 1295 1187 pro
1322 1091 1450 1162 solatio

207 1205 404 1304 petiverat,
440 1227 605 1300 perosus,
639 1200 809 1275 Bubacen
844 1203 966 1276 vocari
991 1201 1100 1276 iubet
1155 1199 1271 1290 Quem
1295 1201 1451 1290 intuens,
1470 1219 1505 1266 11

207 1315 266 1406 Ita,
292 1315 417 1412 inquit,
444 1313 599 1388 consulite
624 1312 730 1403 vobis,
756 1311 805 1386 ud
828 1313 982 1387 ammam
1007 1313 1080 1412 reqi
1103 1326 1225 1405 verba,
1250 1325 1288 1385 at
1311 1311 1450 1402 docebat

195 1427 274 1524 fide
299 1425 451 1498 exhibito.
503 1424 579 1524 Epo
603 1424 657 1498 lic
682 1425 786 1523 tepent
801 1424 876 1526 foti
898 1425 967 1498 mai
989 1437 1129 1523 aspecto.
1169 1423 1329 1498 Forsitan
1352 1422 1452 1495 mire·

206 1539 274 1628 ris,
301 1535 391 1636 qaod
413 1535 517 1608 citam
542 1534 768 1632 conflatam.-
803 1535 910 1610 aliaao
934 1536 1070 1627 scelera,
1106 1561 1207 1636 quom
1239 1559 1328 1625 naec,
1363 1534 1452 1608 mori

203 1647 303 1723 reolo.
356 1644 445 1719 Post
476 1647 570 1718 hanc
601 1671 727 1721 vocem
760 1644 874 1742 spado
904 1647 1041 1745 gemitu
1072 1671 1146 1719 non
1177 1643 1505 1718 tabernaculorum

204 1757 331 1849 modo,
364 1757 429 1831 sed
464 1759 572 1830 etiam
606 1767 726 1831 eastra
760 1757 961 1854 complevit.
1024 1755 1190 1855 Irrupere
1221 1753 1352 1828 deinde
1379 1756 1465 1844 alii,¹

203 1869 439 1966 laceratisque
466 1869 628 1942 vestibus
655 1866 798 1966 lugubri
825 1877 862 1940 et
888 1867 1043 1942 barbaro
1076 1868 1214 1940 ululatu
1240 1891 1362 1964 regem
1389 1865 1449 1938 de·

204 1981 347 2078 plorare
373 1990 579 2079 coeperunt.
632 1979 784 2069 Persae,
811 1976 859 2050 ad
884 1979 964 2051 illos
992 1979 1148 2052 clamore
1173 1978 1329 2076 perlato,
1357 1986 1505 2049 atto-1³

204 2091 269 2163 niti
301 2102 416 2183 metu,
455 2116 523 2166 nec
554 2117 655 2164 arma
686 2115 829 2187 capere,
861 2114 908 2162 ue
933 2090 971 2162 in
996 2089 1205 2164 Bactrianos
1239 2088 1455 2178 inciderent,

203 2225 271 2273 nec
297 2202 477 2296 quiescere
509 2200 707 2292 audebant,
743 2226 789 2274 ne
814 2201 922 2298 impie
949 2200 1114 2275 deserere
1139 2223 1261 2298 regem
1287 2200 1450 2274 videren-

204 2321 274 2382 tur.
328 2310 459 2384 Varius
486 2337 528 2385 ao
555 2311 721 2385 dissonus
748 2312 883 2385 clamor
908 2312 985 2386 sinc
1012 2312 1103 2386 duce
1129 2335 1171 2385 ac
1197 2312 1274 2384 sinc
1299 2310 1449 2409 imperio
1469 2329 1505 2378 14
1617 2365 1618 2414 ,

204 2421 291 2494 totis
317 2423 443 2496 castris
470 2423 701 2496 referebatur.

153 2533 204 2603 34
307 2530 421 2606 Besso
456 2544 492 2607 et
517 2533 719 2608 Nabarzani
745 2533 1000 2606 nuntiaverant
1026 2533 1099 2625 sui,
1125 2559 1248 2632 regem
1274 2559 1297 2607 a
1322 2542 1450 2606 semet

204 2641 284 2738 ipso
324 2643 580 2744 interemptum
620 2669 709 2719 esse.
762 2643 934 2717 Planctus
969 2669 1031 2717 eos
1067 2643 1267 2743 deceperat.
1319 2641 1447 2740 Itaque
1467 2659 1502 2709 rs

205 2751 321 2827 citatis
350 2756 449 2854 equis
477 2739 660 2848 advolant,
688 2757 921 2854 sequentibus
949 2781 1038 2854 quos
1053 2755 1099 2828 ad
1113 2755 1349 2828 ministerium
1376 2779 1450 2826 sce-

202 2864 286 2938 leris
318 2857 541 2966 delegerant3
578 2880 723 2943 etcum
749 2867 1021 2941 tabernaculum
1046 2867 1258 2956 intrassent,
1286 2866 1370 2963 quia
1394 2889 1449 2938 re·

202 3001 285 3074 gem
320 2979 443 3052 vivere
485 2979 663 3076 spadones
703 2977 926 3068 indicabant,
966 2975 1219 3077 comprehendi
1253 2977 1449 3072 vincirique
1617 3047 1618 3076 3

202 3087 394 3162 iusserunt.
447 3087 528 3162 Rex
553 3114 661 3162 curru
687 3090 795 3188 paulo
827 3098 912 3160 aute
939 3098 1064 3161 vectus
1092 3099 1129 3162 et
1154 3087 1304 3161 deorum
1331 3087 1448 3184 auspi·
1469 3103 1503 3153 rc

203 3197 267 3269 ciis
300 3223 342 3270 ac
374 3199 448 3271 auis
480 3199 678 3274 honoribus
714 3200 847 3290 cultus,
886 3199 985 3271 nulla
1012 3209 1163 3273 externa
1195 3223 1264 3296 ope
1291 3197 1449 3286 admota,

238 3362 341 3432 dilapsi
357 3372 417 3416 sant
435 3365 557 3484 amantia]
592 3363 710 3417 Additur
731 3363 810 3430 vulgo
845 3365 894 3416 ciis
911 3363 1078 3416 deleverunt:
1096 3363 1229 3418 debebant
1238 3364 1326 3436 potius
1344 3363 1451 3418 bonori-

208 3437 263 3482 tam
291 3433 417 3497 minatis,
448 3432 520 3501 quod
556 3432 646 3485 e'tur
671 3431 699 3484 in
720 3431 810 3503 paucis
844 3433 906 3498 bara,
928 3431 950 3484 si
967 3433 1000 3484 de
1018 3432 1222 3502 interpolatione
1239 3433 1352 3514 suspicio
1369 3439 1450 3484 esset.

206 3497 282 3551 codd.
300 3499 437 3552 deterioris
455 3498 553 3553 ordinis
567 3449 651 3568 (blot.
662 3498 734 3566 OG),
751 3515 810 3552 cum
844 3499 945 3553 Verum
967 3499 1127 3553 tutissimum
1152 3509 1194 3554 est
1221 3517 1293 3572 sequi
1321 3499 1450 3553 librorum

204 3565 234 3618 in
250 3565 299 3618 reli
317 3565 357 3619 uis
381 3567 538 3621 exhibeatur
554 3578 621 3635 tam,
644 3568 690 3621 aad
708 3575 810 3620 utrum-
844 3567 931 3620 tidem.
966 3569 1081 3622 Deorum
1100 3571 1224 3638 erupistis
1245 3569 1383 3623 colebatur
1399 3583 1450 3620 rex

207 3648 259 3704 que
276 3583 370 3688 salsum
388 3643 429 3688 est
445 3651 495 3690 nec
512 3643 602 3690 ortum
618 3636 715 3690 nisiex
728 3636 810 3690 verbo
843 3635 993 3703 Persarum,
1012 3637 1111 3708 quippe
1127 3637 1200 3691 cuius
1217 3653 1322 3690 cunum
1338 3637 1450 3689 deorum

202 3701 327 3824 proxime
370 3705 534 3758 mecedeute.
574 3704 737 3759 Deleversnt
758 3704 810 3758 iam
844 3704 982 3758 nmulscra
1002 3714 1128 3760 ornarent
1152 3713 1181 3759 et
1209 3705 1251 3759 cui
1285 3721 1359 3759 sacer
1379 3703 1450 3775 iguis

219 3769 294 3824 unius
312 3779 340 3825 ct
389 3773 472 3826 odius.
843 3773 1034 3844 praeferretur,
1051 3777 1107 3828 saia
1124 3775 1264 3828 bonoribus
1283 3773 1328 3844 qui
1345 3771 1384 3825 illi
1402 3772 1450 3825 uni

239 3839 261 3906 ξ.
281 3845 322 3894 12.
357 3859 408 3894 non
426 3842 622 3895 tubernaculum
638 3843 724 3910 modo]
761 3841 807 3895 Sic
841 3849 978 3912 tamquam
1000 3841 1058 3912 regi
1085 3859 1116 3896 ac
1141 3839 1248 3896 domino
1275 3841 1449 3908 haberentur,

203 3922 292 3961 omnes
319 3909 396 3964 codd.
422 3909 506 3964 nostri
537 3917 566 3963 et
593 3909 675 3964 Snak.
701 3917 808 3982 practer
841 3909 911 3964 inter
933 3928 1000 3980 quos
1022 3909 1148 3982 imprimis
1174 3908 1290 3964 adulatio
1314 3909 1451 3982 (προσκύ-

202 3973 281 4055 Vqss.
307 3984 319 4030 1
343 3977 389 4050 qui
413 3997 464 4032 non
489 3981 565 4032 modo
592 3980 691 4032 talem
718 3981 807 4044 moda·
842 3980 932 4100 anaqi)
951 3987 1017 4032 erat.

203 4043 269 4096 edrtr
287 4062 338 4098 aaa
356 4049 431 4100 modo
448 4048 500 4100 tol.
875 4067 902 4100 nr
922 4049 950 4100 lo
985 4056 1091 4100 erinna
1123 4063 1171 4116 ope
1197 4047 1313 4114 admota]
1368 4045 1450 4114 Opem

239 4110 472 4183 Cap.84,s.16‚
507 4123 532 4168 et
554 4115 659 4170 demina
681 4115 809 4183 cuspidis
844 4116 870 4168 b.
896 4115 913 4168 l.
939 4115 1059 4186 intelligo
1086 4132 1139 4168 non
1166 4112 1291 4167 auxilium
1314 4113 1361 4166 scd
1384 4113 1451 4180 vim,

204 4197 238 4234 oo
263 4183 321 4235 auia
347 4185 488 4236 bonoribus
514 4185 622 4304 colloq)
652 4181 697 4236 Sic
723 4182 808 4248 codd,
843 4199 950 4254 operam
969 4223 976 4250 ,
994 4182 1023 4235 in
1039 4181 1134 4235 malam
1170 4189 1264 4250 amem,
1282 4181 1322 4235 uti
1336 4181 1451 4234 Foroel-

202 4255 310 4303 tantum
355 4252 408 4304 uod
430 4249 457 4303 in
478 4251 603 4305 deteriori
623 4269 652 4303 us
675 4257 757 4321 atquc
775 4265 809 4304 ax
843 4251 910 4305 linus
932 4251 960 4304 in
982 4251 1034 4304 lex.
1057 4251 1117 4304 loco
1165 4249 1251 4303 iviano
1273 4263 1359 4316 niv,
1383 4265 1406 4304 c.
1433 4255 1449 4302 t

203 4315 235 4369 iis
252 4315 280 4371 iu
298 4268 357 4372 edd
381 4319 498 4389 antiquis
524 4335 577 4374 uon
596 4336 628 4372 oc
645 4320 691 4372 sed
709 4319 753 4371 al
842 4320 877 4372 ad
902 4319 947 4372 tin.
975 4319 1055 4374 allato
1080 4319 1189 4390 probat:
1221 4321 1288 4372 adeo
1310 4319 1369 4370 aine
1390 4319 1449 4370 alla

204 4391 259 4440 tur.
281 4386 342 4442 Hoc
359 4405 418 4442 cum
436 4403 540 4441 sensum
558 4405 610 4442 non
628 4335 808 4453 habereaeid:
843 4405 891 4458 ope
907 4389 1006 4454 lostb,
1025 4404 1092 4456 quoe
1109 4395 1279 4455 nqproaoret,
1306 4401 1364 4438 cum
1385 4387 1450 4454 ipsa

203 4453 263 4509 nius
287 4455 422 4528 ceterique
448 4465 510 4528 post
531 4473 591 4510 eum
608 4473 699 4512 omnes
716 4458 807 4528 cuspi-
843 4457 999 4526 difficultate
1022 4457 1194 4524 planandum
1222 4463 1285 4507 arnt.
1324 4451 1398 4507 Flor.
1422 4451 1451 4506 G
