3254 5292
214 343 263 414 94
681 362 715 424 Q.
744 362 868 412 curru
894 361 980 412 surr

212 543 396 644 impetrari
421 569 528 643 posse
555 542 770 635 crediderat,
806 544 853 618 ad
884 545 1103 643 reparandas
1132 543 1226 617 vires
1252 542 1456 641 bellumque

212 657 363 754 impigre
395 654 644 728 renovandum
674 653 828 728 intendit
860 656 1027 728 animum.
1079 653 1199 728 Duces
1227 679 1312 752 ergo
1340 656 1490 753 copia-s

212 793 293 842 rum
318 766 556 864 Babyloniam
582 766 790 857 convenire,
815 764 968 840 Bessum
995 792 1152 864 quoque,
1184 764 1457 838 Bactrianorum

211 889 427 977 praetorem,
442 903 550 976 quem
574 876 734 948 maximo
760 889 885 975 posset
910 879 1072 950 exercitu
1090 887 1226 966 coacto,
1240 874 1457 950 descendere

212 990 260 1064 ad
286 1016 325 1064 se
351 988 460 1062 iubet
507 984 600 1060 Sunt·
625 997 746 1060 autem
763 986 944 1060 Bactriani
970 989 1064 1062 inter
1088 989 1167 1061 illas
1185 997 1311 1086 gentes
1338 1007 1490 1086 prom-a

212 1100 384 1199 ptissimi,
423 1097 578 1170 horridis
613 1097 783 1196 ingeniis,
824 1099 1048 1196 multumque
1083 1125 1105 1172 a
1140 1099 1332 1174 Persarum
1368 1097 1457 1170 luxu

213 1210 508 1284 abhorrentibus:
548 1208 607 1282 siti
646 1206 745 1280 haud
779 1209 905 1307 procul
939 1206 1157 1308 Scytharum
1190 1209 1458 1284 bellicosissima

213 1332 321 1420 gente
347 1332 385 1393 et
409 1331 515 1419 rapto
541 1321 665 1392 vivere
691 1331 837 1392 assueta
862 1345 1003 1419 semper
1028 1321 1066 1393 in
1092 1323 1200 1394 armis
1227 1332 1339 1394 erant
1384 1317 1492 1392 Sede

211 1430 345 1505 Bessus
383 1443 552 1530 suspecta
582 1431 751 1529 perfidia,
786 1430 885 1503 haud
920 1455 1005 1504 sane
1041 1457 1156 1530 aequo
1188 1433 1306 1505 animo
1340 1432 1378 1504 in
1404 1455 1456 1502 se-

213 1542 332 1614 cundo
364 1566 404 1616 se
431 1542 617 1615 continens
643 1541 775 1640 gradu,
807 1567 930 1639 regem
954 1543 1123 1615 terrebat.
1176 1539 1269 1614 Nam
1295 1567 1378 1614 cum
1404 1566 1455 1614 re·

212 1679 324 1752 gnum
350 1653 550 1745 affectaret,
583 1653 755 1751 proditi0,
786 1677 858 1750 qua
890 1652 966 1724 sola
991 1652 1030 1724 id
1055 1653 1197 1749 assequi
1224 1662 1382 1750 poterat,
1415 1652 1456 1725 ti·

213 1764 389 1838 mebatur.

318 1873 485 1950 Ceterum
511 1873 734 1965 Alexander,
767 1899 874 1970 quam
905 1874 1089 1972 regionem
1122 1873 1262 1948 Dareus
1297 1873 1490 1970 petisset‚5

213 1988 310 2060 omni
346 2011 432 2059 cura
463 1986 662 2084 vestigans,
695 1996 816 2058 tamen
848 1986 1037 2083 explorare
1063 2011 1136 2058 non
1162 1995 1321 2084 poterat,
1356 2007 1456 2056 more

212 2098 370 2196 quodam
395 2095 598 2186 Persarum,
625 2121 757 2170 arcana
782 2121 909 2194 regum
934 2097 1025 2170 mira
1050 2097 1241 2170 celantium
1267 2093 1347 2167 fide.
1373 2091 1455 2166 Non
1475 2113 1491 2161 c

249 2395 313 2468 Cep.
331 2402 374 2462 25,
393 2400 417 2462 s.
436 2402 460 2449 2.
477 2397 651 2465 Batytmtam
670 2400 816 2469 conuenire]
851 2415 882 2452 ec
899 2399 932 2451 de
953 2417 1026 2453 more
1044 2418 1093 2454 suo
1111 2398 1219 2452 Curtius
1242 2396 1329 2450 dicere
1347 2405 1454 2468 poterat

212 2465 317 2521 Nomen
334 2463 406 2517 urbis
424 2464 451 2516 in
469 2463 540 2518 Flor.
553 2463 618 2517 EGI
637 2465 717 2519 habes
727 2467 816 2535 Baby-
851 2477 947 2535 quanto
965 2470 1078 2521 maximo
1090 2475 1195 2536 posset,
1218 2466 1265 2518 sed
1288 2483 1378 2518 verum
1396 2482 1454 2519 esse

213 2538 305 2601 lenem,
328 2533 419 2602 itaque
445 2531 528 2586 edidit
546 2532 652 2586 Modius
673 2535 706 2586 de
729 2533 816 2588 conie-
850 2535 930 2588 etiam
951 2535 1018 2588 illud
1034 2537 1068 2588 ad
1085 2550 1137 2596 111.
1158 2543 1189 2588 21
1210 2533 1453 2588 demonstravimus.

213 2611 289 2657 ctura
315 2601 421 2672 opinor,
449 2609 521 2655 certe
546 2619 601 2654 non
627 2618 661 2654 ex
686 2601 737 2656 illis
763 2601 816 2655 suis
885 2605 909 2671 §-
933 2609 957 2656 8.
993 2605 1090 2674 procul
1120 2605 1275 2672 Scytharum
1306 2633 1340 2643 -
1364 2603 1452 2673 pente]

213 2669 329 2736 otimis,
347 2677 378 2722 ut
395 2668 505 2722 coniieio
523 2687 557 2722 ex
574 2669 670 2723 nostris
687 2679 715 2724 et
733 2669 814 2724 Snalr.
849 2671 918 2725 Edd.
945 2680 1049 2726 veteres
1081 2681 1144 2725 ante
1170 2670 1289 2724 Modiam
1311 2673 1408 2739 procul
1435 2689 1453 2723 a

245 2738 327 2792 entio.
355 2737 425 2791 Vide
442 2739 476 2790 ed
494 2753 538 2805 111,
557 2745 582 2805 4,
601 2745 626 2792 t.
851 2742 937 2808 Scyth.
955 2739 1023 2794 sieut
1039 2741 1111 2794 Flor.
1129 2738 1221 2794 DFGI
1237 2747 1265 2792 et
1301 2739 1353 2792 uod
1371 2738 1454 2792 miror

247 2806 452 2860 Bactrianorum
466 2817 614 2876 praetorem
633 2825 711 2876 quam
732 2809 817 2860 maai-
851 2809 928 2862 Voss.
949 2818 971 2862 1.
1006 2809 1057 2862 Est
1074 2816 1163 2862 eutem
1181 2817 1273 2861 contra
1316 2806 1377 2860 urtii
1395 2825 1453 2860 mo-

212 2893 254 2930 mc
267 2884 358 2946 posset
376 2877 490 2928 exoratu
511 2879 608 2944 cnudo]
647 2876 735 2947 Vulgo
752 2876 817 2930 editi
851 2895 920 2944 rem,
945 2877 991 2949 qui
1008 2895 1113 2948 semper
1128 2894 1182 2930 uno
1199 2875 1257 2930 loeo
1274 2891 1323 2941 Ν,
1347 2883 1394 2942 11,
1419 2883 1453 2928 24

212 2945 305 2998 Baetr.
328 2947 428 3008 ducem,
446 2962 576 3014 perquam
598 2948 710 2998 amaimo
728 2955 818 3014 posset
851 2954 963 3017 excepto
987 2949 1084 3016 promel
1113 2963 1172 2999 cum
1202 2942 1312 3016 simplici
1337 2943 1453 2997 ablativo

213 3015 328 3066 exercitu
354 3023 459 3079 coacto,
491 3014 536 3065 sed
573 3013 702 3066 omittunt
728 3017 816 3068 ducem
851 3013 995 3086 coniungit.

213 3081 306 3152 optimi
323 3081 399 3135 Leid.
417 3081 521 3135 Voss.1
541 3082 672 3136 FlenrtB
691 3082 816 3148 Bernll,
886 3094 991 3138 assueta
1010 3101 1062 3136 sem
1081 3101 1110 3135 er
1132 3083 1160 3134 ia
1182 3083 1264 3135 armis
1286 3081 1373 3150 eram]
1409 3079 1454 3134 Sic

213 3157 242 3202 et
259 3151 337 3202 ambo
359 3151 440 3202 verbe
461 3151 553 3202 Bactr.
572 3153 659 3202 ducem
684 3150 765 3203 Bern.
792 3150 815 3202 B
851 3159 880 3204 et
897 3153 1015 3206 codicum
1033 3152 1050 3204 fi
1070 3169 1112 3203 em
1133 3157 1161 3202 et
1178 3149 1217 3202 rei
1235 3147 1375 3201 veritatem
1393 3155 1453 3201 tue·

211 3217 283 3270 Flor.
302 3217 386 3270 CEH.
422 3217 492 3268 Tum
514 3216 630 3271 Gronov.
649 3218 760 3272 Obserr.
782 3233 816 3285 11,
850 3220 946 3288 bimur,
965 3239 1025 3274 nem
1043 3220 1115 3274 locus
1132 3219 1166 3271 ab
1184 3217 1337 3282 editoribus,
1356 3216 1454 3287 partim

212 3282 303 3337 tiure
321 3283 348 3335 in
365 3284 560 3337 constructione
578 3285 732 3366 superlativi
755 3303 814 3338 cum
850 3296 882 3340 ut
899 3288 1087 3360 elegantiorem
1106 3288 1238 3352 facerent,
1261 3285 1358 3356 partim
1382 3285 1454 3354 quod

207 3368 338 3472 ttttt
352 3350 816 3492 ilinllalll'lrlhqulilffih
850 3352 1453 3478 thethttttttttttatt

211 3485 381 3554 auctoritate,
392 3504 434 3540 ex.
452 3505 492 3556 gr.
513 3487 636 3559 Appuleii
654 3489 763 3542 Metam.
782 3505 813 3558 11,
844 3443 945 3563 perpelli
962 3496 990 3546 ia
1008 3495 1091 3546 armis
1109 3502 1207 3544 arram.
1229 3491 1272 3542 Ex
1286 3489 1326 3542 his
1339 3506 1452 3558 seneper-

211 3561 245 3608 25
268 3565 380 3635 tucetpm·
403 3573 530 3624 perquam
560 3559 759 3626 sapidissimum
786 3568 814 3612 et
849 3579 898 3630 que
924 3561 1120 3632 aprincipibus
1143 3558 1302 3612 editionibus
1338 3557 1451 3637 rope-ga

210 3622 350 3694 Pomponn
373 3641 399 3676 m
422 3624 566 3678 enchiridio
589 3629 611 3695 5.
629 3633 663 3680 44
686 3625 735 3695 (Di
756 3628 814 3684 ,de
851 3637 917 3694 tum,
936 3640 1025 3682 erraat
1050 3647 1099 3700 pro
1117 3637 1192 3681 eraut
1215 3626 1279 3679 lecit
1300 3575 1407 3678 hlodrus
1424 3631 1454 3677 et
1541 3677 1543 3680 .

210 3690 277 3812 cerlig.
302 3691 533 3815 'ilurqdpelrtqraadrpm
544 3696 708 3816 bpffiripos
735 3645 815 3749 libros
849 3699 919 3817 guod
937 3697 1062 3817 miza-mur
1079 3694 1179 3816 fereula
1196 3693 1370 3814 deteriorilrps
1385 3693 1453 3814 &cci-

250 3778 259 3810 2
393 3801 399 3813 ι
536 3803 542 3816 ,
722 3803 729 3816 ι
807 3804 813 3816 ,
1446 3799 1452 3812 ι

210 3765 399 3898 ἱοὲἒιῦἱῖ),
418 3779 507 3884 alan
524 3833 634 3884 vasum
647 3781 726 3902 ,tt
743 3778 814 3885 ht
849 3774 1070 3913 rudant
1083 3771 1451 3894 mathat,

211 3903 284 3949 ctum
302 3913 408 3966 prorsus
431 3900 625 3954 condemnabit.
660 3899 754 3971 Italus
772 3917 814 3953 me
869 3903 921 3956 uod
939 3901 1068 3955 Callanus
1089 3909 1118 3953 et
1135 3899 1267 3953 Snalrerm.
1285 3903 1451 3966 receperunt.

211 3963 317 4034 quidem
357 3964 442 4019 iudice
463 3966 625 4020 ,rectissime
664 3968 813 4022 Gronovius
848 3919 949 4024 Berum
974 3968 1109 4022 Bactriani
1141 3985 1194 4022 non
1221 3968 1337 4020 eluebant
1363 3974 1450 4034 rapto,

210 4031 361 4084 emendavit
378 4035 582 4089 Bactrianorum
595 4048 754 4105 praetorem,
764 4037 813 4091 sic-
848 4039 894 4092 sed
912 4047 940 4091 et
957 4055 1035 4109 egros
1052 4036 1174 4090 colebant
1192 4035 1237 4088 ubi
1247 4033 1330 4088 solum
1339 4031 1451 4103 permit

211 4107 242 4152 ut
255 4107 377 4170 satrapae
396 4119 474 4172 saepe
486 4103 653 4174 appellantur
672 4111 711 4170 (et
761 4105 813 4158 ntis
848 4108 924 4161 tabet
945 4115 974 4159 et
999 4106 1140 4176 diligenter
1165 4105 1322 4173 pascebant:
1358 4101 1389 4154 ef.
1417 4117 1451 4153 ne

212 4185 337 4287 quotpue,
356 4170 397 4222 cui
414 4181 554 4240 praesunt,
577 4173 694 4242 genitivo
745 4173 813 4228 ieeto
847 4174 951 4245 longius
969 4176 1059 4228 abeam
1078 4173 1123 4226 lib.
1140 4187 1197 4238 vn,
1218 4177 1256 4224 18.
1293 4169 1391 4240 Itaque
1417 4185 1451 4222 ne

210 4253 278 4306 appe
290 4236 338 4288 len
347 4249 466 4308 possum,
479 4249 510 4292 ut
519 4241 693 4294 Susianorum
702 4253 813 4312 saaapa
848 4245 973 4297 errabam
998 4243 1104 4314 quidem
1121 4241 1149 4293 in
1166 4239 1258 4306 anuh,
1286 4239 1332 4290 sed
1350 4245 1451 4291 utrum-

211 4313 253 4356 est
271 4319 306 4370 V,
327 4311 357 4358 12
375 4324 415 4376 pr.
433 4315 461 4360 et
483 4319 593 4377 praetor
609 4310 813 4365 Bartrieaomrm
849 4329 901 4383 que
925 4313 974 4366 hoe
996 4329 1055 4364 cum
1078 4307 1184 4378 Scythis
1209 4307 1343 4388 proprium
1370 4313 1449 4372 esset,

210 4379 490 4453 131,31,10);qaam
506 4379 620 4430 mammo
632 4390 723 4448 posset
741 4397 813 4433 eaer-
848 4389 957 4451 propter
981 4377 1147 4434 turbulentos
1170 4375 1268 4430 vicium
1286 4373 1355 4428 bello
1373 4389 1451 4426 exer·

211 4451 265 4494 crta
283 4452 386 4509 coacto,
404 4461 452 4512 pro
471 4463 524 4516 quo
541 4445 688 4518 elegantiam
707 4447 813 4520 quidem
848 4449 922 4502 citati
940 4457 1024 4501 erant.
