3268 5286
991 161 1007 198 0

254 353 329 426 304
484 295 487 300 Ι
725 373 758 436 o.
787 371 911 426 cunm
935 357 1032 464 curs

252 552 414 628 Indicum
440 556 566 654 vergit.
607 553 765 654 Tuguria
788 557 900 632 lutere
926 558 1041 656 primo
1068 565 1223 646 struunt,
1249 565 1287 629 et
1313 556 1396 654 quia
1421 564 1525 629 stc-8

250 665 324 739 rilis
350 675 408 739 est
433 675 531 740 terra
555 668 721 759 materia,
748 667 785 739 in
810 665 908 741 nudo
935 669 1043 743 etiam
1068 669 1200 741 montis
1227 665 1352 758 dorso,
1377 690 1490 764 usque

252 775 299 850 ad
325 801 504 850 summum
529 775 771 853 aedificiorum
795 779 978 876 fastigium
1004 777 1131 852 eodem
1144 779 1316 852 laterculo
1329 787 1490 851 utuntur.

253 885 421 962 Ceterum
450 897 631 961 structura
655 890 761 963 latior
787 889 833 962 ab
859 889 931 963 imo
964 890 1137 990 paulatim
1161 891 1382 963 incremento
1409 905 1524 986 ope-⁹

251 1000 300 1072 ris
326 999 363 1072 in
395 1000 508 1072 artius
542 1000 697 1097 cogitur,
729 999 777 1075 ad
808 1001 980 1073 ultimum
999 1001 1037 1072 in
1063 1002 1204 1075 carinae
1235 1001 1392 1076 maxime
1418 1024 1492 1072 mc-

252 1111 339 1184 dum
373 1110 455 1184 coit.
516 1109 571 1182 lbi
600 1111 774 1184 foramine
804 1111 929 1184 relicto
961 1135 1115 1209 superne
1140 1113 1261 1186 lumen
1286 1110 1491 1184 admittunt

250 1219 353 1295 Vites
381 1229 419 1292 et
444 1222 601 1312 arbores,
620 1221 650 1294 si
676 1247 769 1320 quac
793 1223 831 1295 in
857 1232 960 1296 tanto
986 1233 1104 1296 terrac
1129 1224 1247 1322 rigore
1273 1221 1403 1296 durare
1429 1245 1491 1320 po·
1510 1237 1545 1286 10

250 1339 413 1422 uerunt,
448 1331 621 1404 obmunt:
656 1334 798 1430 penitus
824 1332 940 1408 hieme
967 1333 1130 1408 defossae
1155 1335 1299 1426 latent:=
1320 1357 1402 1406 cum
1426 1332 1492 1404 nix

252 1443 412 1516 discussa
447 1443 585 1541 aperire
615 1443 764 1518 humum
796 1444 927 1541 coepit,
968 1445 1068 1518 coelo
1106 1446 1243 1544 solique
1280 1443 1491 1518 redduntur.

253 1552 420 1627 Ceterum
447 1555 538 1629 adeo
565 1555 659 1628 altae
685 1556 786 1628 nives
812 1567 981 1652 premunt
1006 1567 1155 1647 terram,
1188 1557 1271 1654 gelu
1302 1565 1340 1628 et
1365 1572 1541 1655 perpe-11

252 1675 317 1738 tuo
342 1690 457 1763 paene
482 1667 600 1765 rigore
627 1666 859 1756 constrictae,
894 1677 935 1740 ut
961 1693 1006 1775 pe
1032 1666 1153 1740 avium
1179 1665 1324 1766 quidem
1348 1669 1492 1756 feraeve

158 1769 160 1776 ’
252 1777 358 1851 ullius
390 1777 583 1877 vestigium
609 1788 719 1852 extet
772 1773 937 1851 Obscura
963 1777 1052 1851 coeli
1084 1779 1204 1852 verius
1230 1779 1358 1854 umbro
1384 1803 1492 1876 quum

250 1889 330 1979 lun,
362 1890 459 1962 nocti
490 1888 612 1963 similis
646 1889 777 1988 premit
811 1899 960 1983 terram,
995 1889 1059 1962 vix
1084 1899 1126 1961 ut
1151 1915 1242 1987 quae
1267 1915 1381 1988 prope
1407 1899 1493 1964 sunt

253 2000 410 2098 conspici
435 1995 584 2099 possint

204 2113 250 2184 13
354 2109 396 2184 In
421 2111 490 2184 hac
515 2122 636 2186 tamen
663 2112 777 2187 omnis
808 2111 955 2184 humani
981 2111 1098 2184 cultus
1125 2111 1317 2187 solitudine
1342 2112 1491 2186 destitu-
1511 2130 1543 2179 12

251 2232 310 2294 tus
347 2222 541 2314 exercitus
581 2222 749 2322 quicquid
781 2223 958 2296 malorum
997 2223 1142 2298 tolerari
1176 2235 1298 2324 potest
1334 2223 1492 2325 pertulit,

142 2495 144 2500 ι
251 2420 385 2476 Bactriani
402 2420 466 2494 ipsis
483 2421 537 2477 siut
553 2423 686 2504 aregicnc
702 2422 769 2478 coeli
786 2420 857 2477 occi·
891 2421 1010 2494 quidem,
1035 2429 1067 2477 ut
1090 2441 1160 2478 nunc
1180 2425 1375 2497 interpungitnr
1391 2423 1493 2496 placet:

251 2489 360 2560 dentali‚
379 2509 536 2564 quamquam
553 2509 637 2564 magra
655 2491 856 2563 udsepteutrio-
890 2491 970 2544 immo
988 2509 1048 2546 cum
1064 2495 1197 2563 accipiunt
1206 2511 1261 2548 non
1269 2493 1373 2566 legatur
1381 2492 1408 2546 in
1417 2491 1493 2546 Lcid

252 2576 321 2613 nem.
889 2563 965 2614 Voss.
985 2568 998 2613 1
1016 2560 1075 2614 Pal.
1095 2569 1106 2613 l
1127 2560 1198 2616 Flor.
1216 2561 1283 2616 ADI
1300 2579 1349 2617 nec
1367 2561 1394 2616 in
1410 2561 1493 2616 Bern.

286 2633 310 2695 s.
329 2633 353 2682 8.
389 2630 469 2684 lutere
481 2631 568 2699 prirac
586 2638 697 2696 summi,
718 2627 736 2681 i.
754 2643 778 2681 e.
796 2628 855 2680 fun·
890 2628 915 2680 A
932 2626 1037 2699 legatur
1053 2628 1103 2682 nisi
1125 2629 1152 2683 in
1169 2631 1302 2701 margine,
1326 2629 1492 2686 scribendum

166 2731 168 2736 ·
252 2698 404 2750 (iumentum
436 2713 541 2769 quoquc
571 2697 673 2752 faciunt
703 2713 737 2750 ex
763 2696 854 2763 latare,
889 2711 982 2750 censeo
1008 2713 1119 2767 superae
1146 2700 1231 2752 lumea
1248 2703 1400 2765 adnutriunt,
1427 2697 1493 2751 nihil

253 2765 344 2820 statim
365 2767 534 2820 fundamento
550 2774 664 2822 utuntur
681 2766 778 2833 latero,
802 2783 854 2819 non
888 2773 1033 2836 praeterea.
1069 2765 1207 2820 Walchius
1224 2767 1252 2821 in
1269 2769 1370 2821 emend.
1387 2766 1446 2820 Liv.
1464 2784 1491 2836 p.

251 2833 346 2906 lapide.
387 2833 465 2900 Quod
488 2835 606 2890 Freiusb.
629 2851 658 2888 se
680 2834 745 2888 dicit
765 2850 854 2887 emen·
890 2840 936 2886 141
957 2850 1034 2888 vocas
1051 2835 1090 2887 cd
1104 2835 1216 2890 mediam
1233 2834 1291 2890 loco
1308 2843 1412 2890 muutc
1429 2844 1492 2888 aute

252 2904 327 2957 dasse
344 2905 377 2957 ab
395 2906 445 2958 imo
462 2914 575 2972 struant,
593 2901 785 2983 escqncntibus
802 2903 855 2956 huc
888 2903 999 2956 obruant
1016 2901 1138 2957 collocari
1154 2903 1234 2968 iubet,
1257 2904 1331 2959 cuius
1348 2903 1492 2958 transloca-

251 2970 381 3026 iutrusum
398 2990 452 3026 non
469 2973 539 3042 fero,
565 2971 682 3044 alioqum
698 2971 776 3025 vuldo
792 2987 854 3042 pro·
886 2970 966 3026 tionis
983 2970 1115 3024 rationem
1132 2971 1220 3027 nescio
1237 2972 1429 3028 subcrttdanis
1436 2989 1492 3027 non

251 3041 349 3096 barem.
885 3038 947 3093 satis
965 3039 1123 3110 probaturus
1141 3039 1183 3094 sit.

286 3112 381 3164 stodiis
400 3119 437 3164 est
455 3119 525 3164 term
538 3110 656 3164 muteris.
679 3108 852 3163 Editiomucs
920 3112 1006 3174 S·=1⁰·
1041 3111 1260 3171 defoascclatcat.
1295 3109 1362 3164 Msti
1377 3111 1491 3172 defossa.

251 3182 386 3244 tamorice,
404 3179 545 3232 secundum
562 3177 789 3244 vulgrimnum,
808 3175 855 3230 scd
922 3179 968 3229 nic
994 3177 1115 3231 discussa
1141 3179 1246 3246 aperire
1271 3181 1375 3233 tamum
1401 3179 1491 3248 coepit.

251 3246 421 3316 manuscripti
440 3263 542 3299 summo
560 3261 687 3300 consensu
709 3245 854 3300 ablativum
887 3243 984 3298 Editur
1009 3245 1072 3299 satis
1098 3254 1190 3316 aperte
1216 3265 1274 3300 uam
1296 3250 1355 3301 aive
1372 3249 1490 3301 dumata

251 3317 363 3368 amieria
389 3322 416 3367 et
440 3315 491 3368 buc
515 3314 573 3368 loco
598 3322 628 3367 ct
653 3313 722 3367 infra
753 3317 789 3381 (c,
807 3317 853 3381 21)
887 3313 1090 3382 apodritumus
1104 3315 1195 3384 coepit,
1210 3315 1257 3368 sed
1270 3319 1373 3385 uper-irc
1387 3317 1492 3369 tuam

252 3389 368 3436 tuentur.
403 3381 452 3435 His
471 3381 556 3436 obniti
579 3381 674 3434 durum
696 3389 750 3450 cst,
796 3397 854 3434 rsa-
887 3379 997 3435 inlibris
1014 3381 1140 3436 mstisest
1157 3383 1278 3437 omnibus
1295 3382 1491 3438 necrlblatirus

252 3449 343 3504 sertim
360 3467 419 3504 cum
436 3449 557 3503 ciuilium
574 3450 714 3504 rcrbomm
732 3399 795 3502 anal

252 3527 339 3572 atnam
360 3517 622 3590 uccasumpatiatur.
648 3517 718 3571 Vide
727 3517 853 3572 Ruddrm.
886 3515 944 3572 Pal.
962 3525 987 3571 2ι
1002 3525 1028 3584 8,
1046 3518 1074 3572 in
1092 3519 1187 3574 ceteris
1205 3521 1315 3576 verbum
1332 3521 1398 3574 illud
1414 3537 1492 3592 pror-

252 3587 339 3642 Instit.
385 3604 436 3640 om.
454 3593 469 3641 2
488 3603 515 3658 p.
531 3594 577 3640 111
597 3586 660 3640 edit
678 3585 750 3657 Lips.
769 3589 852 3640 Stert-
887 3602 929 3640 sus
939 3585 1078 3640 omittitur.
1106 3587 1202 3659 Itaque
1218 3588 1246 3642 in
1263 3589 1346 3644 tantis
1363 3589 1490 3644 librorum

252 3657 286 3710 lis
304 3655 410 3736 quidem
427 3673 486 3710 cum
503 3654 628 3709 Ablctivc
646 3654 782 3709 coniunxit
798 3655 852 3708 Lu·
886 3654 970 3708 turbis
986 3655 1051 3708 nibil
1068 3654 1160 3709 modus
1177 3657 1330 3725 videbatur,
1353 3673 1433 3729 quam
1450 3673 1492 3710 sc·

252 3729 348 3780 cretius
365 3739 402 3792 11,
425 3731 475 3779 stt
502 3731 531 3778 ct
555 3723 625 3778 Plin.
651 3739 746 3794 paneg.
772 3739 796 3777 c.
818 3729 851 3778 tc
887 3723 932 3793 qui
947 3723 1017 3778 Flor.
1034 3723 1067 3791 E,
1085 3723 1114 3778 in
1131 3741 1184 3795 quc
1201 3743 1255 3781 uno
1272 3728 1319 3779 aia
1337 3726 1491 3794 exhibetur3

252 3795 322 3863 quod
353 3803 473 3863 punctam
508 3795 628 3862 tempora
658 3802 704 3846 cut
734 3793 854 3861 beneficio
887 3807 942 3844 non
964 3793 1038 3862 quod
1060 3791 1111 3847 huc
1136 3793 1220 3847 solum
1241 3810 1332 3848 vorum
1358 3802 1490 3867 putarem,

251 3863 338 3916 sterile
355 3871 400 3914 citt
417 3879 524 3915 vccaum
542 3863 639 3915 laudet
887 3861 934 3913 scd
951 3861 1024 3932 quod
1060 3860 1161 3915 mxime
1178 3863 1213 3916 ad
1229 3862 1359 3934 reliquam
1377 3863 1490 3934 scriptu·

288 3933 344 3998 §.9.
363 3945 474 3999 superne
491 3933 576 3984 lumen
594 3929 746 4010 admittunt]
765 3928 854 4000 Vulgo
885 3945 943 3982 ram
973 3877 1096 3982 accedere
1126 3930 1274 3985 videbatur.
1316 3931 1387 3986 Nam
1419 3932 1489 4003 quod

252 3997 350 4078 legitur
366 4001 451 4052 lumen
468 4000 601 4068 accipiant
617 4000 789 4064 admodum,
808 3998 854 4051 scd
887 3996 993 4052 Modius
1018 3996 1103 4051 edidit
1131 4000 1212 4053 tiaras
1238 4002 1360 4054 discissa
1386 4003 1491 4071 operire

253 4067 316 4120 clun
338 4065 417 4120 ctiam
440 4067 467 4119 in
489 4065 621 4138 plerisque
643 4063 777 4118 codicibus
794 4083 854 4119 mss.
887 4067 991 4120 turum
1017 4069 1100 4136 coepit
1126 4065 1222 4121 nullius
1244 4067 1303 4122 libri
1330 4068 1491 4124 accontus

584 4134 853 4282 tu
886 4202 1198 4257 u,
1226 4135 1409 4208 ur

566 4241 573 4268 ‚
1199 4244 1206 4257 .

254 4279 317 4343 apta
334 4279 395 4324 sunt
411 4271 462 4324 ista
475 4274 513 4325 cd
520 4271 640 4334 medion,
660 4285 783 4338 quomam
793 4243 853 4323 cuni
921 4275 943 4340 ς.
963 4279 1003 4325 11.
1024 4271 1134 4341 seruere
1152 4274 1232 4326 ultius
1251 4275 1396 4344 veatfflm.
1418 4273 1489 4328 Flor.

253 4339 384 4412 prioribus
401 4339 542 4394 coniuncta
558 4337 706 4405 abundant,
731 4353 789 4392 cum
813 4355 854 4393 sc-
885 4341 912 4394 A
931 4340 1042 4410 seram
1059 4342 1194 4409 cutiyima
1220 4343 1309 4396 auius.
1342 4343 1398 4397 Pro
1423 4351 1490 4396 extet

255 4407 395 4481 quentibus
425 4416 522 4463 nocent
552 4405 706 4461 sentcntiae.
752 4406 805 4462 Sec
831 4406 853 4462 si
887 4409 937 4477 (sic
956 4407 1025 4462 enim
1042 4406 1172 4476 scribitur,
1191 4425 1245 4464 uon
1263 4416 1354 4480 ecclei)
1378 4410 1406 4466 in
1420 4429 1489 4480 non·

253 4495 324 4549 rere,
344 4477 414 4550 quod
427 4476 522 4548 sentio,
540 4475 756 4547 expromendum,
774 4475 854 4532 nesic
886 4477 964 4531 nullis
981 4483 1023 4532 cst
1039 4477 1143 4546 mutat,
1160 4477 1233 4533 Flcr.
1250 4478 1322 4533 DFI.

791 3449 853 3530 ogia
886 3450 945 3502 cive
963 3448 1059 3520 legitur
1080 3450 1130 3504 nisi
1148 3449 1175 3504 in
1193 3450 1264 3505 Flcr.
1284 3453 1310 3507 G
1332 3460 1362 3506 et
1378 3451 1491 3507 sortasse
