3254 5292
227 311 301 382 104
697 328 730 390 o.
758 325 883 380 cnnrn
908 327 993 378 aum

222 510 324 608 regio
340 523 467 607 'usque
501 508 549 581 ad
582 510 732 583 rubrum
757 533 855 582 mare
882 509 1049 582 excurrit.
1100 508 1151 580 At
1178 533 1249 604 qua
1275 507 1393 604 vergit
1417 505 1465 578 ad
1485 525 1517 573 1⁹

225 624 454 711 occidentem,
480 621 538 692 alii
563 619 759 719 Aethiopes
785 622 916 709 colunt,
943 644 1033 716 quos
1059 616 1220 694 Scenitas
1245 627 1387 692 vocant.
1430 615 1467 690 A

225 733 480 832 septemtrione
517 729 738 804 Nasamones
773 740 873 819 sunt,
917 754 1006 827 gens
1040 726 1199 828 Syrtica,
1239 729 1467 827 navigiorum

225 845 346 942 spoliis
373 852 605 938 quaestuosa3
642 841 772 939 quippe
798 839 965 914 obsident
989 840 1110 932 litora,
1147 851 1187 913 et
1218 850 1322 914 aestu
1358 838 1464 912 desti·

224 965 306 1027 tuta
339 952 483 1049 navigia
513 951 608 1023 notis
643 951 710 1024 sibi
743 951 846 1024 vadis
883 966 1068 1048 occupant.
1128 949 1271 1024 Incolae
1295 949 1462 1039 nemoris,
1482 968 1517 1017 ao

226 1089 314 1162 quos
328 1061 561 1136 Hammonios
587 1071 728 1150 vocant,
742 1061 911 1159 dispersis
937 1061 1088 1159 tuguriis
1114 1060 1288 1151 habitant,
1306 1059 1464 1133 medium

223 1199 350 1249 nemus
376 1198 442 1271 pro
470 1195 551 1244 arce
576 1172 721 1260 babent,
747 1172 877 1268 triplici
901 1171 1299 1246 muro-circumdatum.
1344 1171 1465 1245 Prima
1482 1191 1514 1238 21

224 1285 375 1357 munitio
408 1293 644 1381 tyrannormn
678 1293 839 1356 veterem
872 1282 1008 1380 regiam
1041 1281 1184 1356 clausit:
1227 1282 1265 1354 in
1298 1283 1465 1380 proxima

226 1395 393 1490 coniuges
421 1417 544 1465 eormn
570 1417 652 1464 cum
676 1392 796 1467 liberis
823 1404 862 1466 et
886 1394 1070 1490 pellicibus
1082 1392 1267 1482 babitant3
1294 1393 1352 1465 hic
1378 1417 1463 1490 quo·

225 1527 294 1599 que
330 1501 388 1575 dei
420 1504 603 1576 oraculum
628 1513 704 1577 est:
738 1501 863 1576 ultima
893 1505 1114 1579 munimenta
1141 1504 1333 1577 satellitum
1360 1504 1463 1576 armi·

225 1637 463 1710 gerorumque
498 1614 601 1687 sedes
636 1623 747 1688 erant
799 1611 867 1686 Est
893 1625 930 1688 et
956 1613 1053 1686 aliud
1078 1613 1288 1688 Hammonis
1314 1638 1461 1687 nemus:
1480 1633 1514 1682 aa

223 1723 262 1796 in
293 1722 411 1798 medio
442 1725 552 1799 habet
585 1725 738 1814 fontem,
770 1721 878 1822 (Solis
910 1749 1040 1820 aquam
1066 1721 1237 1820 vocantr)
1272 1725 1340 1798 sub
1373 1726 1462 1799 lucis

225 1845 343 1908 ortum
369 1835 492 1933 tepida
516 1847 649 1927 manat,
674 1833 792 1908 medio
820 1833 894 1926 die,
921 1835 1020 1907 cuius
1046 1835 1379 1908 vehementissimus
1407 1849 1464 1912 est

225 1949 336 2035 calor,
367 1945 496 2046 frigida
530 1945 656 2019 eadem
689 1945 785 2033 fluit,
818 1944 986 2019 inclinato
1021 1943 1059 2017 in
1093 1969 1282 2042 vesperam
1308 1948 1461 2038 calescit,

225 2056 344 2130 media
368 2068 474 2130 nocte
499 2055 638 2130 fervida
662 2064 867 2146 exaestuat,
902 2079 1044 2152 quoque
1069 2080 1144 2127 nox
1169 2055 1317 2154 propius
1344 2058 1463 2155 vergit

225 2167 272 2239 ad
297 2168 423 2256 lucem,
447 2167 600 2238 multum
626 2191 673 2238 ex
697 2175 874 2238 nocturno
901 2167 1017 2238 calore
1043 2163 1225 2254 decrescit,
1252 2164 1366 2240 donec
1392 2169 1461 2242 sub

225 2277 345 2372 ipsum
370 2272 440 2348 diei
466 2285 585 2348 ortum
611 2287 755 2349 assueto
781 2285 906 2372 tepore
932 2277 1148 2372 languescat.
1192 2275 1245 2365 ld,
1271 2278 1369 2374 quod
1394 2306 1461 2378 pro
1479 2302 1514 2352 aa

228 2387 295 2460 deo
323 2384 465 2475 colitur,
498 2409 572 2456 non
599 2384 749 2457 eandem
775 2383 927 2482 effigiem
959 2384 1087 2475 babet,
1124 2411 1231 2483 quam
1257 2389 1366 2487 vulgo
1393 2389 1460 2464 diis

226 2498 379 2571 artifices
396 2494 771 2572 accommodaverunt:
798 2494 963 2567 umbilico
988 2496 1143 2569 maxime
1170 2497 1291 2570 similis
1319 2510 1376 2572 est
1399 2501 1461 2572 ha·

226 2609 333 2697 bitus,
360 2604 549 2702 smaragdo
576 2615 613 2679 et
637 2605 786 2702 gemmis
813 2615 1092 2702 coagmentatus.
1145 2604 1267 2697 Hunc,
1300 2633 1382 2681 cum
1407 2633 1461 2683 re·
1479 2630 1517 2682 24

260 2775 284 2842 ξ.
302 2778 344 2826 22.
367 2781 406 2825 est
427 2780 450 2825 et
472 2771 560 2852 uliud]
582 2771 672 2852 Vulgo
693 2780 732 2826 est
749 2773 826 2824 etium
861 2768 916 2823 sive
937 2769 992 2824 eius
1013 2770 1112 2836 forma,
1136 2771 1242 2841 species.
1281 2771 1365 2827 Nulla
1383 2773 1411 2827 in
1428 2773 1460 2827 li-

225 2843 313 2907 uliud,
337 2841 382 2894 sed
404 2851 428 2893 et
450 2839 479 2893 in
500 2839 573 2893 libris
594 2849 670 2894 mstis
687 2839 751 2894 meis
768 2839 826 2910 qui·
859 2838 914 2892 bris
930 2838 994 2891 meis
1012 2839 1124 2892 varietas
1141 2847 1195 2906 est,
1213 2857 1306 2912 resque
1322 2841 1380 2913 ipss
1395 2841 1460 2896 satis

224 2911 285 2962 dem
307 2908 427 2963 omnibus
450 2917 479 2961 et
499 2907 527 2961 in
545 2907 620 2962 Laid.
637 2908 743 2980 legitur.
779 2908 825 2975 (In
859 2905 911 2959 iam
928 2907 1033 2960 videtur
1050 2915 1122 2960 certa
1138 2907 1235 2977 priscas
1252 2917 1346 2978 gentes
1360 2908 1459 2980 lapides

223 2977 300 3032 Voss.
320 2986 333 3030 1
352 2985 381 3030 et
398 2975 461 3030 edit
471 2976 544 3030 Mod.
555 2977 708 3044 omittitur.)
726 2975 825 3030 Postea
859 2975 931 3029 coelo
949 2975 1077 3046 delapsos,
1096 2976 1211 3028 rotunda
1227 2977 1281 3029 fera
1298 2994 1388 3031 omnes
1406 2978 1460 3032 for·

223 3049 287 3101 eolis
309 3063 419 3115 aquom,
441 3045 582 3098 verborum
603 3045 695 3099 ordine
711 3044 823 3112 inverso,
858 3061 915 3110 rna,
945 3061 994 3114 pro
1016 3043 1065 3097 diis
1087 3043 1204 3096 coluisse.
1243 3046 1269 3097 A
1292 3063 1344 3125 quo
1369 3053 1459 3099 tamen

239 3132 301 3167 nam
321 3113 415 3183 vulgo,
438 3111 544 3183 optimi,
570 3113 714 3166 deteriores
740 3113 823 3180 (Flor.
859 3109 934 3190 quasi
959 3111 1016 3182 ipso
1048 3112 1098 3166 deo
1128 3111 1183 3164 siva
1208 3111 1321 3166 numims
1347 3113 1459 3184 pignore

251 3181 327 3249 rel)
350 3181 431 3232 etiam
457 3196 601 3248 pronomen
625 3181 728 3234 addunt
750 3198 824 3249 quem
857 3179 973 3231 erusdem
990 3179 1090 3248 effigies
1106 3179 1141 3231 sd
1156 3178 1351 3233 similitudinem
1366 3182 1458 3235 buma-

222 3251 286 3302 solis
304 3266 321 3299 o
375 3265 400 3298 m
417 3257 516 3299 vocant.
551 3246 611 3300 Hoc
631 3247 716 3317 ipsum
734 3248 823 3300 volue-
857 3263 906 3298 nae
934 3247 1033 3298 formae
1058 3263 1183 3317 expressa
1207 3247 1264 3301 iure
1292 3249 1456 3304 discernitur.

220 3314 312 3368 ratCe
332 3313 401 3366 arius
419 3312 517 3366 oblitus
534 3312 645 3366 aliorum
661 3314 777 3368 locorum
791 3323 822 3367 ut
855 3312 957 3366 Verum
975 3313 1085 3367 Tacitus
1121 3332 1137 3366 u
1172 3331 1206 3368 ue
1223 3315 1294 3369 Hist.
1311 3331 1342 3383 11,
1363 3317 1457 3384 mdc

221 3400 278 3453 cap.
298 3386 313 3435 8
334 3381 515 3448 Horpoyonos
538 3391 644 3447 vocant,
661 3395 705 3448 111,
724 3388 757 3435 30
773 3399 822 3449 qa·
845 3383 940 3449 formu
963 3381 1075 3434 Veneris
1102 3333 1159 3452 inp
1178 3381 1218 3436 ise
1244 3401 1378 3464 exponens
1403 3385 1455 3439 sit:

220 3467 280 3503 zum
301 3449 402 3501 Persae
427 3458 528 3514 vocant,
551 3461 580 3514 V,
605 3455 637 3501 10
662 3449 821 3518 Pasitiprim
854 3449 1024 3502 simulacrum
1051 3453 1114 3504 dece
1140 3469 1193 3503 non
1218 3453 1305 3522 effiyre
1330 3455 1455 3522 bumana,

219 3519 321 3571 incolae
342 3525 443 3568 vocant.
476 3514 569 3570 Fontis
590 3515 820 3570 admirabilitatem
853 3518 990 3570 continuus
1013 3520 1084 3571 orbis
1106 3520 1291 3572 latioreinr'tio
1309 3521 1455 3574 tenuatis

220 3602 298 3650 nemo
319 3600 373 3638 non
394 3589 513 3636 vetemm
531 3584 740 3664 geographorum
757 3592 818 3655 post
853 3585 977 3638 ambitum
999 3596 1080 3638 metue
1101 3589 1176 3639 modo
1198 3604 1335 3657 exurgens.
1369 3589 1454 3641 Ham-

216 3653 317 3708 Herod.
335 3665 376 3719 IV,
396 3657 446 3706 180
463 3652 607 3722 descripsit
850 3651 936 3706 monis
952 3653 1002 3706 hoc
1019 3652 1186 3706 simulacrum
1203 3672 1264 3708 cum
1278 3655 1334 3708 aliis
1344 3658 1453 3726 gemmis

252 3723 326 3774 caius
347 3721 582 3774 vetanemissimus
606 3729 643 3774 est
660 3720 745 3789 ector]
772 3719 817 3775 Sic
850 3726 908 3772 turn
927 3721 1064 3790 smaragdo
1082 3731 1294 3790 coagmentatum
1311 3733 1378 3790 erat,
1395 3725 1413 3778 i.
1428 3741 1452 3778 a.

234 3788 333 3861 lerique
355 3787 415 3841 libri
438 3795 556 3855 veteres,
583 3787 633 3841 nisi
655 3789 727 3858 quod
744 3788 815 3843 Flor.
850 3787 1012 3841 extrimecus
1027 3797 1190 3857 'contectum
1208 3799 1239 3844 ut
1255 3791 1386 3846 Diodorus
1403 3791 1451 3846 ll.

214 3806 387 3910 llBernAE
410 3859 513 3924 quoodo
536 3873 583 3926 pro
605 3857 678 3910 euius
702 3857 814 3922 babent;
849 3853 888 3908 ait
904 3855 938 3909 τὸ
956 3863 1008 3909 τοῦ
1026 3858 1099 3910 θεοῦ
1118 3857 1225 3918 ξόανον
1244 3863 1274 3910 ἐκ
1288 3856 1451 3931 σμαράγδου

214 3925 303 3978 editur
323 3931 411 3977 tamen
437 3941 495 3976 cum
521 3925 754 3978 vehementissimos
777 3934 815 3978 est
849 3929 898 3974 καί
913 3943 1003 3976 τινων
1021 3921 1117 3977 ἄλλων
1135 3931 1300 3999 περιέχεται.
1324 3927 1450 3981 Ceterum

213 3995 294 4046 color.
328 3991 397 4045 Item
414 3991 485 4061 quod
508 3991 626 4061 sequitur
647 4009 745 4061 quoque
762 4009 813 4044 nox
847 3989 929 4044 Bern.
955 3991 981 4044 A
1015 3991 1086 4046 Flor.
1112 3992 1162 4046 AB
1196 3998 1354 4064 zmaragdo:
1389 3995 1450 4048 ride

209 4062 322 4130 propius
339 4059 377 4113 sic
392 4058 490 4129 legitur
507 4058 535 4110 in
552 4060 639 4126 codd,
657 4077 716 4113 cum
733 4059 813 4128 vulgo
847 4057 969 4112 Schneid.
987 4059 1070 4112 Elem.
1088 4060 1119 4113 L.
1137 4059 1169 4113 L.
1186 4079 1212 4130 p.
1222 4068 1280 4116 ³81.
1306 4063 1360 4116 Coa
1404 4081 1449 4115 en·

212 4128 248 4181 sit
265 4145 362 4197 quoqne
373 4127 486 4195 propios
504 4143 564 4180 nox.
847 4135 916 4180 tutus
933 4135 1006 4182 resta
1023 4128 1111 4182 editur
1126 4128 1188 4181 inde
1205 4146 1286 4201 apr.;
1303 4130 1351 4184 sed
1392 4147 1447 4182 ern.

247 4201 271 4258 S.
294 4201 336 4250 23.
360 4195 390 4247 id
410 4195 496 4273 qaod]
518 4193 563 4247 Sic
584 4211 651 4246 unus
673 4193 754 4246 Bern.
775 4193 811 4261 A,
845 4193 871 4246 A
888 4194 960 4249 Flor.
978 4196 1005 4248 A
1027 4206 1231 4264 conmaculatus,
1255 4197 1326 4253 Flor.
1344 4197 1450 4252 BDFH

209 4263 396 4384 ”53⁰190dd·
414 4270 497 4314 nostri
514 4270 542 4315 et
555 4261 698 4329 Snakenb,
716 4261 811 4316 omisso
844 4261 958 4341 Barna
976 4273 1212 4344 coaugmentatum
1228 4283 1267 4336 pr.
1285 4284 1320 4319 m.
1338 4265 1447 4319 etFlor.

206 4334 615 4454 ⁹“tn.³t.l²¹tt.2.2}tlt.
636 4408 674 4451 ,δι
695 4399 808 4466 rates,
842 4328 925 4453 tt?
934 4331 1226 4455 &2223th
1243 4343 1446 4404 ⁶⁰⁰⁹'”⁶'²‘“‘¹‘⁸’
