3270 5290
241 349 318 420 244
712 365 746 427 o.
775 364 900 416 oonrn
924 365 1010 418 surr

240 549 307 623 hos
338 546 544 622 Artabazus
583 547 755 620 dexterae
786 547 881 645 regis
916 545 1093 636 admovit,
1128 556 1296 644 precatus
1331 555 1372 619 ut
1407 557 1484 620 tam

240 658 302 731 diu
327 658 508 748 viverent,
539 656 654 732 donec
679 656 784 728 utiles
810 655 1019 730 Alexandro
1046 666 1176 732 essent.
1224 655 1304 730 Rex
1330 656 1482 754 pedibus
1503 675 1520 724 s

243 769 311 842 iter
341 770 552 867 plerumque
583 766 752 840 faciebat:
795 775 881 841 tune
912 765 1098 842 admoveri
1130 767 1198 840 sibi
1231 777 1268 840 et
1299 767 1482 841 Artabazo

241 903 352 976 equos
377 878 491 966 iussit,
517 902 564 950 ne
588 878 668 976 ipso
694 875 918 975 ingrediente
943 875 1114 976 pedibus,
1141 901 1254 950 senex
1280 903 1372 976 aquo
1398 878 1482 952 vehi

186 985 198 1009 ⁶
241 989 477 1064 erubesceret.

195 1101 241 1175 15
261 1161 264 1167 λ
345 1098 396 1172 Ut
421 1098 551 1173 deinde
577 1109 698 1172 castra
724 1107 809 1172 sunt
834 1099 968 1195 posita,
1001 1095 1177 1189 Graecos,
1212 1123 1303 1194 quos
1328 1097 1481 1172 Artaba
1503 1117 1520 1166 a

241 1234 305 1282 sus
333 1208 546 1300 adduxerat,
572 1209 763 1282 convocari
789 1209 909 1282 iubet:
945 1219 984 1281 at
1009 1208 1163 1297 illi,·nisi
1188 1208 1277 1282 fides
1304 1207 1482 1282 Lacedae·

238 1320 366 1394 moniis
392 1344 536 1416 quoque
561 1330 599 1392 et
624 1314 880 1416 Sinopensibus
907 1317 1065 1409 daretur,
1089 1317 1318 1417 respondent,
1333 1343 1383 1407 se,
1396 1317 1483 1414 quid

237 1427 419 1528 agendum
443 1429 530 1527 ipsis
556 1429 664 1519 foret,
700 1429 973 1504 deliberaturos.
1025 1429 1282 1537 Legatiderant
1306 1426 1519 1502 Lacedae-⁷
1618 1423 1619 1428 ’

237 1540 440 1612 moniorum
483 1539 583 1612 missi
617 1537 666 1612 ad
698 1536 874 1628 Dareum,
915 1565 987 1636 quo
1021 1540 1118 1613 victo
1159 1539 1405 1637 applicuerant
1443 1562 1482 1612 se

242 1645 387 1723 Graecis
421 1648 586 1724 mercede
621 1648 719 1747 apud
744 1646 874 1722 Persas
909 1649 1154 1722 militantibus.
1207 1647 1305 1740 aex,
1340 1648 1519 1723 omissisa

238 1759 472 1857 sponsionum
497 1761 652 1857 fideique
677 1760 896 1858 pignoribus,
922 1760 1056 1834 venire
1071 1783 1133 1834 eos
1159 1758 1273 1849 iussit,
1298 1759 1482 1834 fortunam

241 1896 349 1967 quam
382 1870 460 1967 ipse
492 1869 653 1944 dedisset
685 1870 882 1944 habituros.
941 1868 1014 1943 Diu
1040 1879 1269 1959 cunctantes,
1301 1864 1482 1968 plerisque

240 1981 388 2054 consilia
419 1980 661 2070 variantibus,
695 1979 842 2053 tandem
876 1991 1049 2054 venturos
1081 2006 1121 2054 se
1155 1981 1377 2079 pollicentur.
1429 1979 1518 2052 Ata

238 2090 472 2165 Democrates
504 2091 752 2181 Atheniensis,
793 2092 853 2188 qui
887 2090 1044 2164 maxime
1077 2088 1317 2164 Macedonum
1352 2089 1482 2187 opibus

241 2225 382 2299 semper
419 2201 625 2292 obstiterat,
666 2200 858 2298 desparata
899 2201 1022 2290 venia,
1064 2201 1184 2298 gladio
1216 2225 1256 2273 se
1291 2200 1481 2298 transfigit
1599 2207 1600 2210 ’

241 2307 373 2401 Ceteri,
408 2310 502 2383 sicut
527 2311 806 2401 constituerant,
833 2309 963 2383 dicioni
988 2309 1187 2384 Alexandri
1212 2310 1310 2408 ipsos
1337 2335 1377 2384 se
1402 2335 1482 2408 per·

239 2420 398 2492 mittunt.
450 2418 548 2493 Mille
583 2431 620 2492 et
644 2443 670 2492 n
705 2421 835 2493 milites
870 2432 991 2494 erant:
1028 2429 1171 2518 praeter
1204 2419 1271 2494 hos
1298 2419 1406 2518 legati
1434 2419 1536 2492 adro

201 2537 205 2545 “
238 2529 398 2603 Dareum
422 2530 522 2602 missi
546 2549 606 2603 xc.
659 2528 702 2601 In
728 2532 1016 2629 supplementum
1047 2529 1261 2603 distributus
1286 2531 1398 2621 miles,
1425 2555 1482 2603 oe·

198 2873 201 2878 Ι
241 2805 381 2876 aufugerat
406 2819 442 2858 ex
467 2802 629 2874 captivitate.
674 2802 758 2857 Paulo
784 2811 846 2874 port
878 2802 936 2856 ditu
946 2803 1066 2858 exclusos
1076 2802 1183 2859 Graecis
1191 2802 1318 2857 militibus
1326 2802 1476 2857 adhaesisse

242 2878 363 2929 dexterae
380 2891 429 2997 ppo
446 2870 845 2952 rulg3destraeutarqueBenn
879 2871 959 2925 etiam
976 2872 1103 2954 Arrianus
1121 2871 1205 2926 tradit
1222 2886 1264 2939 m,
1284 2877 1325 2926 24.
1368 2940 1374 2953 1
1428 2923 1462 2952 ,ι

241 2942 314 2997 Flor.
331 2941 382 2995 AB
408 2939 463 2996 GH
479 2940 554 2994 Laid.
571 2944 647 2994 Voss.
660 2949 683 3008 1,
702 2948 732 2993 et
748 2948 846 2994 sentus
914 2943 937 3008 ξ.
958 2946 980 2992 7.
1015 2943 1197 3010 applauserunt
1223 2957 1251 2994 se
1275 2939 1387 2993 Graecas
1434 2939 1481 2993 Sic

241 3009 275 3066 ali
295 3010 341 3064 urd
358 3010 485 3064 interesse
502 3009 698 3063 adnumerum
879 3006 943 3061 olim
959 3006 1025 3060 editi
1041 3016 1071 3062 et
1087 3006 1260 3078 manuscripti
1276 3023 1374 3061 omnes.
1434 3009 1481 3061 de-

276 3028 342 3150 dap.
371 3084 418 3147 15,
445 3082 470 3145 s.
498 3083 538 3157 6..
563 3077 598 3131 Ut
616 3079 719 3145 deinde]
741 3077 845 3156 ‘Vulgo
878 3074 980 3156 rus,'ni
995 3075 1088 3156 fallor,
1112 3084 1160 3129 aut
1177 3075 1272 3156 aliquis
1289 3091 1325 3154 οι·
1340 3091 1481 3155 eoganere

242 3148 346 3202 Deinde
363 3157 393 3200 ut
409 3153 505 3200 contra
521 3145 602 3198 libros
619 3152 820 3216 manmenptos.
879 3145 1047 3197 medicantes·
1063 3145 1157 3198 doctus
1174 3150 1265 3198 exunt
1281 3161 1327 3266 (ξω
1336 3151 1482 3214 corrigeret

274 3216 330 3268 uisi
343 3215 417 3281 fides
435 3215 534 3267 Laced.
552 3229 602 3282 quo
620 3231 652 3266 ue
675 3223 698 3266 et
717 3213 846 3282 Sinopen·
878 3229 895 3266 α
932 3214 1093 3280 licuuemut,
1119 3230 1174 3266 non
1198 3219 1271 3266 reete
1299 3210 1386 3265 mans
1409 3211 1482 3282 qnod

241 3283 326 3360 silua]
346 3281 434 3360 Vulgo
452 3281 507 3333 uisi
524 3229 623 3334 Laced.
633 3281 707 3348 fides
726 3283 843 3349 duretur,
880 3230 1080 3334 dipceronianam
1119 3279 1250 3334 rationem
1278 3279 1367 3360 'ipsius
1393 3279 1482 3334 Curtii

242 3347 413 3402 Modrusniss
421 3348 519 3401 Laced
537 3365 587 3416 quo
605 3349 844 3416 uefiderdoretur.
878 3365 937 3402 usur
954 3348 1113 3418 praeferret:
1135 3363 1221 3418 neque
1242 3363 1313 3401 emm
1337 3348 1381 3402 lnc
1403 3347 1482 3402 ahter

243 3415 357 3470 Codices
375 3423 464 3468 antem
478 3414 552 3468 Flor.
566 3365 617 3468 Aid
634 3416 845 3494 nisifidesLoc.
878 3413 907 3494 in
922 3416 1087 3486 temporibus
1104 3415 1246 3486 perfectis,
1274 3431 1334 3468 cum
1350 3415 1379 3469 in
1396 3415 1481 3486 parti-

241 3499 340 3604 plopue
358 3493 382 3536 et
390 3484 557 3551 irrepentibus
567 3485 684 3550 duretur,
694 3484 844 3564 rtamBern.
877 3482 1135 3565 cipionupplicotwn,
1162 3484 1209 3538 scd
1229 3492 1259 3538 et
1275 3485 1435 3553 implicatus
1453 3489 1481 3538 at

240 3569 325 3673 voli.s
326 3551 424 3671 ¹=1q¹¹⁰d
460 3561 532 3699 iisd
545 3551 846 3700 illimem}
878 3553 1173 3700 ffmdi'iiuis'aliiilba
1192 3619 1370 3687 nasama]
1388 3619 1481 3673 ruera

231 3688 305 3766 fides
322 3687 445 3766 Loaest
462 3689 629 3756 cooperaretur
653 3691 762 3742 daretur
792 3692 843 3756 (m-
876 3705 898 3741 rs
915 3687 960 3740 rlle
978 3705 1095 3810 blainum
1111 3686 1358 3742 cumDemosthane
1375 3687 1480 3757 lagatus

240 3756 724 3905 ffiiss'lffilldllqllfiluddffi
737 3757 843 3879 {llll}
875 3754 1480 3892 Adtffvtttltlttttssttta

241 3893 754 4030 libernmlipamddtblldbedlvpibrsdllloln
771 3901 844 4016 Flo'erl
876 3889 1050 4030 Bedelsperutu
1077 3963 1152 4015 uenio
1198 3959 1244 4014 Sic
1264 3959 1337 4041 Mod
1364 3958 1428 4012 edit.
1451 3965 1480 4014 et

241 4024 268 4080 G
285 4044 319 4080 ax
337 4035 487 4081 correctura
503 4036 545 4080 est
562 4028 843 4097 erPelopoaaeusibas,
878 4028 955 4082 codd.
982 4045 1079 4084 omnes.
1114 4033 1140 4082 V
1188 4047 1204 4082 o
1230 4045 1306 4082 ceusu
1332 4029 1480 4096 desperata.

240 4095 312 4149 idem
329 4094 358 4149 in
374 4102 452 4147 textu
469 4095 525 4148 sine
541 4095 655 4165 vestigio
674 4096 844 4151 correctionis
876 4095 943 4152 Mox
966 4097 1046 4151 etiam
1068 4099 1140 4166 usos
1165 4114 1194 4150 se
1220 4095 1280 4150 libri
1301 4112 1363 4148 mss.
1380 4111 1479 4162 omnes,

240 4163 269 4216 in
285 4163 358 4218 Flor.
375 4161 390 4215 I
407 4171 436 4215 at
453 4161 510 4217 Pal.
534 4172 544 4215 1
566 4163 614 4217 sic:
638 4174 662 4217 er
684 4181 783 4235 quoque
794 4181 844 4233 pe·
877 4163 957 4234 vulgo
974 4165 1038 4220 editi
1055 4183 1083 4218 se
1101 4167 1180 4234 ipsos.

241 4232 449 4310 lepouneasibus.
484 4229 565 4309 Vides
588 4231 597 4284 i
617 4231 671 4310 'tur
687 4232 778 4302 populi
796 4233 843 4285 ali-
912 4235 935 4312 5.
961 4241 1002 4288 10.
1038 4235 1119 4304 leyati
1136 4265 1171 4274 -
1187 4233 1247 4303 xo]
1283 4231 1355 4286 Flcr.
1379 4230 1403 4284 B
1427 4245 1479 4298 xx,

242 4315 315 4354 curus
337 4313 433 4353 noman
454 4313 559 4368 requrn.
661 4307 750 4353 autam
767 4301 844 4354 Sino-
878 4317 923 4371 qur
947 4317 1070 4355 numerus
1093 4300 1176 4372 magis
1207 4299 1347 4354 convenire
1374 4299 1481 4354 ridetur

236 4384 332 4438 penses
349 4373 421 4436 sunt,
440 4383 553 4438 quorum
566 4367 668 4438 legatos
682 4368 788 4424 domurn
800 4385 842 4426 rs·
876 4385 936 4424 cum
953 4369 1064 4424 Arriani
1075 4369 1185 4424 historia
1201 4383 1244 4437 m,
1263 4375 1298 4424 24
1314 4368 1359 4423 lin.
