3158 5294
249 359 322 430 482
468 380 501 442 Q.
530 379 652 432 cunrn
676 381 762 434 amu
786 383 836 434 on
863 381 990 434 ensrrs
1016 383 1126 434 annx.
1154 383 1204 452 rx,
1230 380 1274 432 aa.

245 561 351 636 tibus.
403 561 526 660 Ipsum
558 565 799 664 convivasque
831 591 956 640 currus
982 567 1153 656 vehebat,
1188 566 1336 639 crateris
1366 565 1490 636 aureis
1567 599 1568 672 q

245 671 472 770 eiusdemque
512 676 682 750 materiae
718 677 921 776 ingentibus
959 678 1095 776 poculis
1133 676 1352 775 praegravis.
1409 673 1491 747 Hoc
1506 693 1530 740 Ξῖ

244 783 352 857 modo
383 809 448 881 per
479 784 554 860 dies
586 798 724 886 septem
750 787 1045 862 bacchabundum
1072 811 1201 885 agmen
1225 787 1392 877 incessit,
1428 812 1491 884 pa-

244 905 324 967 rate
357 895 509 992 praeda,
554 899 584 972 si
619 897 705 995 quid
739 900 842 972 victis
878 899 1005 974 saltem
1038 897 1213 973 adversus
1248 899 1490 972 comissantes

243 1007 350 1080 animi
383 1006 523 1082 luisset:
564 1010 657 1083 mille
693 1010 851 1100 hercule,
886 1011 953 1084 viri
984 1008 1093 1082 modo
1120 1021 1157 1083 et
1183 1009 1307 1100 sobrii,
1343 1021 1490 1108 septem

244 1115 381 1190 dierum
415 1119 561 1216 crapula
590 1145 720 1218 graves
753 1121 789 1194 in
822 1147 887 1194 suo
914 1121 1095 1218 triumpho
1121 1146 1248 1220 capere
1273 1130 1491 1218 potuerunt

243 1225 315 1303 Sed
340 1229 500 1320 fortuna,
532 1257 622 1326 quae
648 1232 755 1306 rebus
783 1234 915 1306 famam
940 1233 1164 1330 pretiumque
1190 1231 1392 1320 constituit,
1420 1233 1491 1305 hoc
1506 1252 1532 1298 a

244 1365 384 1438 quoque
422 1340 567 1414 militiae
605 1344 776 1440 probrum
809 1345 919 1418 vertit
949 1345 987 1417 in
1019 1345 1177 1443 gloriam.
1229 1341 1277 1414 Et
1308 1369 1491 1442 praesens

243 1462 342 1524 aetas
369 1461 406 1524 et
430 1453 621 1548 posteritas
648 1453 775 1529 deinde
802 1457 930 1528 mirata
956 1465 1026 1545 est,
1062 1480 1126 1553 per
1157 1465 1283 1552 gentes
1317 1453 1490 1528 nondum

243 1563 329 1634 satis
356 1560 508 1636 domitas
534 1563 720 1638 incessisse
745 1567 976 1657 temulentos,
1011 1565 1189 1655 barbaris,
1216 1563 1314 1660 quod
1340 1567 1490 1640 temeri·

241 1685 297 1746 tas
324 1683 410 1762 erat,
436 1673 602 1747 fiduciam
629 1700 707 1748 esse
734 1675 970 1751 credentibus.
1009 1675 1115 1748 Hunc
1137 1685 1353 1774 apparatum
1372 1679 1491 1749 carni-
1508 1698 1531 1740 a·

241 1787 303 1858 sex
337 1785 569 1881 sequebatur:
610 1785 741 1884 quippe
775 1798 937 1885 satrapes
972 1786 1166 1886 Aspastes,
1205 1785 1251 1858 de
1286 1811 1362 1882 quo
1404 1801 1491 1860 ante

242 1895 377 1970 dictum
403 1908 473 1988 est,
510 1898 660 1970 interfici
691 1899 808 1972 iussus
841 1909 905 1972 est.
957 1897 1061 1972 Adeo
1092 1921 1159 1970 nec
1190 1896 1356 1970 luxuriae
1390 1899 1490 1995 quie·
1506 1919 1529 1964 a
1568 1959 1569 1964 ,

241 2033 348 2105 quam
373 2007 574 2099 crudelitas,
600 2033 666 2082 neo
692 2009 893 2082 crudelitati
910 2010 1063 2083 luxuria
1089 2010 1218 2084 obstat
1568 2025 1569 2028 ’

273 2212 349 2330 ΞΜ.
380 2218 481 2278 paratu
493 2211 611 2280 proedo]
639 2208 758 2262 Mirorin
768 2209 841 2263 nullo
912 2211 935 2278 ξ.
950 2217 992 2264 28.
1033 2213 1079 2264 hoc
1101 2226 1199 2331 quoqpe
1225 2207 1378 2278 elegantius
1410 2229 1492 2282 quam

241 2295 272 2330 co
1152 2297 1159 2330 1

291 2277 330 2330 ice
347 2293 419 2344 esse,
444 2277 516 2347 quod
538 2275 565 2330 in
582 2277 703 2331 omnibus
721 2294 777 2332 esse
795 2279 841 2330 de-
875 2279 946 2348 vulg.
964 2281 1006 2332 tic
1024 2277 1150 2360 quoquel
1179 2276 1202 2330 ri
1220 2275 1305 2330 nostri
1324 2295 1426 2332 omnes
1445 2299 1493 2332 ex-

241 2345 332 2412 bebat,
352 2356 452 2415 porum
470 2363 519 2414 pro
537 2345 608 2416 vulg.
630 2357 727 2415 parta,
750 2365 841 2418 quam·
875 2348 979 2412 hibent,
1005 2364 1127 2418 quocirca
1149 2345 1232 2426 magis
1252 2346 1339 2400 miror
1362 2346 1494 2402 Snaken-

241 2431 319 2484 quum
337 2414 401 2466 haec
417 2414 498 2466 rerba
520 2413 583 2466 alibi
600 2415 655 2466 fere
673 2413 759 2468 solent
776 2434 793 2468 a
808 2414 841 2467 li-
874 2415 998 2486 burgium
1015 2415 1092 2470 silere
1110 2415 1143 2468 de
1160 2431 1221 2467 suls.

241 2481 335 2534 brariis
368 2479 519 2551 permutari.
572 2481 655 2535 Recte
689 2485 840 2537 emendasse
910 2488 934 2552 ᾗ.
951 2491 992 2539 30.
1019 2497 1081 2537 'nec
1106 2485 1237 2551 luxuriae]
1275 2481 1365 2537 Codd.
1397 2503 1493 2539 omnes

240 2548 401 2602 Palmerium
427 2567 458 2604 ac
483 2565 542 2604 rece
562 2549 612 2603 isse
637 2550 759 2605 Medium
786 2571 839 2606 non
874 2561 981 2624 praeter
997 2553 1155 2618 vessicam,
1182 2551 1227 2622 qni
1249 2569 1303 2604 non
1323 2571 1494 2608 commenm-

239 2627 305 2688 puto
323 2618 362 2672 cui
383 2635 442 2670 uum
460 2634 515 2671 csse
551 2618 653 2684 ubium,
678 2637 739 2673 nam
756 2631 840 2689 partu
874 2629 976 2688 rantur,
993 2639 1034 2688 ae,
1053 2637 1102 2674 nec
1119 2629 1206 2673 tamen
1219 2619 1289 2672 ullus
1307 2621 1414 2676 deinde
1434 2627 1494 2695 qui-

197 2738 199 2746 ,
239 2687 338 2756 praeda
386 2687 545 2742 acedouibus
562 2695 629 2754 erat,
647 2687 697 2756 ipsi
715 2689 839 2742 Macedo·
875 2693 945 2757 dau,
968 2691 1040 2762 quod
1057 2689 1161 2743 videtur
1177 2688 1291 2742 librariis
1308 2691 1493 2746 obversatum

239 2771 286 2808 nes
300 2767 408 2824 parato,
426 2755 518 2828 siquis
534 2773 566 2810 ea
578 2755 744 2879 potiriausus
762 2767 839 2811 esset.
874 2775 940 2812 esse.

238 2823 335 2877 Iisdem
352 2823 438 2878 verbis
457 2841 518 2879 usus
528 2834 570 2879 est
603 2825 787 2894 rutius1v,53,
800 2833 839 2879 ll.
