<?xml version="1.0" encoding="UTF-8"?>
<!DOCTYPE html PUBLIC "-//W3C//DTD XHTML 1.0 Transitional//EN"
    "http://www.w3.org/TR/xhtml1/DTD/xhtml1-transitional.dtd">
<html xmlns="http://www.w3.org/1999/xhtml" xml:lang="en" lang="en">
 <head>
  <title>
</title>
<meta http-equiv="Content-Type" content="text/html;charset=utf-8" />
  <meta name='ocr-system' content='tesseract 3.04.00' />
  <meta name='ocr-capabilities' content='ocr_page ocr_carea ocr_par ocr_line ocrx_word'/>
</head>
<body>
  <div class='ocr_page' id='page_1' title='image "./qcurtiirufidege00zumpgoog_0185.png"; bbox 0 0 3254 5292; ppageno 0'>
   <div class='ocr_carea' id='block_1_1' title="bbox 205 381 973 464">
    <p class='ocr_par' dir='ltr' id='par_1_1' title="bbox 205 381 973 464">
     <span class='ocr_line' id='line_1_1' title="bbox 205 381 973 464; baseline -0.001 -11"><span class='ocrx_word' id='word_1_1' title='bbox 205 381 277 454; x_wconf 83' lang='grc'><strong>156</strong></span> <span class='ocrx_word' id='word_1_2' title='bbox 676 401 710 464; x_wconf 82' lang='lat' dir='ltr'><strong>o.</strong></span> <span class='ocrx_word' id='word_1_3' title='bbox 738 399 862 452; x_wconf 81' lang='lat' dir='ltr'><strong>suurn</strong></span> <span class='ocrx_word' id='word_1_4' title='bbox 887 402 973 454; x_wconf 74' lang='lat' dir='ltr'><strong>uem</strong></span> 
     </span>
    </p>
   </div>
   <div class='ocr_carea' id='block_1_2' title="bbox 198 565 1499 2020">
    <p class='ocr_par' dir='ltr' id='par_1_2' title="bbox 200 565 1482 1128">
     <span class='ocr_line' id='line_1_2' title="bbox 202 565 1448 684; baseline 0 -26"><span class='ocrx_word' id='word_1_5' title='bbox 202 611 294 684; x_wconf 91' lang='lat' dir='ltr'><strong>quae</strong></span> <span class='ocrx_word' id='word_1_6' title='bbox 318 581 480 657; x_wconf 91' lang='lat' dir='ltr'><strong>nondum</strong></span> <span class='ocrx_word' id='word_1_7' title='bbox 494 565 553 656; x_wconf 77' lang='lat' dir='ltr'><strong>¹nd</strong></span> <span class='ocrx_word' id='word_1_8' title='bbox 580 609 721 658; x_wconf 88' lang='lat' dir='ltr'><strong>amnem</strong></span> <span class='ocrx_word' id='word_1_9' title='bbox 746 594 996 683; x_wconf 88' lang='lat' dir='ltr'><strong>pervenerant,</strong></span> <span class='ocrx_word' id='word_1_10' title='bbox 1022 593 1133 684; x_wconf 89' lang='lat' dir='ltr'><strong>ponte</strong></span> <span class='ocrx_word' id='word_1_11' title='bbox 1159 585 1272 658; x_wconf 90' lang='lat' dir='ltr'><strong>reciso</strong></span> <span class='ocrx_word' id='word_1_12' title='bbox 1299 583 1448 658; x_wconf 86' lang='lat' dir='ltr'><strong>videbat</strong></span> 
     </span>
     <span class='ocr_line' id='line_1_3' title="bbox 201 694 1482 794; baseline -0.005 -24"><span class='ocrx_word' id='word_1_13' title='bbox 201 695 314 770; x_wconf 89' lang='lat' dir='ltr'><strong>hostis</strong></span> <span class='ocrx_word' id='word_1_14' title='bbox 340 694 513 794; x_wconf 86' lang='lat' dir='ltr'><strong>praedem</strong></span> <span class='ocrx_word' id='word_1_15' title='bbox 538 695 624 769; x_wconf 85' lang='lat' dir='ltr'><strong>fore.</strong></span> <span class='ocrx_word' id='word_1_16' title='bbox 664 696 880 788; x_wconf 86' lang='lat' dir='ltr'><strong>Abeuntem,</strong></span> <span class='ocrx_word' id='word_1_17' title='bbox 894 721 976 770; x_wconf 92' lang='lat' dir='ltr'><strong>cum</strong></span> <span class='ocrx_word' id='word_1_18' title='bbox 1001 696 1175 769; x_wconf 88' lang='lat' dir='ltr'><strong>intactum</strong></span> <span class='ocrx_word' id='word_1_19' title='bbox 1201 695 1333 769; x_wconf 86' lang='lat' dir='ltr'><strong>sineret</strong></span> <span class='ocrx_word' id='word_1_20' title='bbox 1359 715 1482 793; x_wconf 83' lang='lat' dir='ltr'><strong>pon-e</strong></span> 
     </span>
     <span class='ocr_line' id='line_1_4' title="bbox 200 804 1446 904; baseline -0.004 -21"><span class='ocrx_word' id='word_1_21' title='bbox 200 819 294 899; x_wconf 85' lang='lat' dir='ltr'><strong>tem,</strong></span> <span class='ocrx_word' id='word_1_22' title='bbox 321 805 454 880; x_wconf 81' lang='lat' dir='ltr'><strong>dixisse</strong></span> <span class='ocrx_word' id='word_1_23' title='bbox 482 817 642 900; x_wconf 85' lang='lat' dir='ltr'><strong>constat,</strong></span> <span class='ocrx_word' id='word_1_24' title='bbox 668 808 775 881; x_wconf 85' lang='lat' dir='ltr'><strong>malle</strong></span> <span class='ocrx_word' id='word_1_25' title='bbox 801 833 840 882; x_wconf 90' lang='lat' dir='ltr'><strong>se</strong></span> <span class='ocrx_word' id='word_1_26' title='bbox 867 806 1098 904; x_wconf 88' lang='lat' dir='ltr'><strong>sequentibus</strong></span> <span class='ocrx_word' id='word_1_27' title='bbox 1123 807 1193 880; x_wconf 86' lang='lat' dir='ltr'><strong>iter</strong></span> <span class='ocrx_word' id='word_1_28' title='bbox 1219 804 1316 896; x_wconf 88' lang='lat' dir='ltr'><strong>dare,</strong></span> <span class='ocrx_word' id='word_1_29' title='bbox 1339 831 1446 902; x_wconf 87' lang='lat' dir='ltr'><strong>quam</strong></span> 
     </span>
     <span class='ocr_line' id='line_1_5' title="bbox 200 917 1446 1017; baseline -0.003 -24"><span class='ocrx_word' id='word_1_30' title='bbox 200 921 340 995; x_wconf 78' lang='lat' dir='ltr'><strong>auferre</strong></span> <span class='ocrx_word' id='word_1_31' title='bbox 380 918 609 1016; x_wconf 78' lang='lat' dir='ltr'>fugientibus.</span> <span class='ocrx_word' id='word_1_32' title='bbox 680 917 762 1016; x_wconf 91' lang='lat' dir='ltr'><strong>lpse</strong></span> <span class='ocrx_word' id='word_1_33' title='bbox 796 919 922 1017; x_wconf 83' lang='lat' dir='ltr'><strong>ingens</strong></span> <span class='ocrx_word' id='word_1_34' title='bbox 955 918 1111 1017; x_wconf 85' lang='lat' dir='ltr'><strong>spatium</strong></span> <span class='ocrx_word' id='word_1_35' title='bbox 1149 917 1234 1015; x_wconf 84' lang='lat' dir='ltr'><strong>luga</strong></span> <span class='ocrx_word' id='word_1_36' title='bbox 1269 941 1446 1008; x_wconf 81' lang='lat' dir='ltr'><strong>emensus,</strong></span> 
     </span>
     <span class='ocr_line' id='line_1_6' title="bbox 200 1027 915 1128; baseline -0.004 -24"><span class='ocrx_word' id='word_1_37' title='bbox 200 1029 321 1106; x_wconf 87' lang='lat' dir='ltr'><strong>madia</strong></span> <span class='ocrx_word' id='word_1_38' title='bbox 346 1031 422 1103; x_wconf 90' lang='lat' dir='ltr'><strong>fere</strong></span> <span class='ocrx_word' id='word_1_39' title='bbox 448 1041 554 1102; x_wconf 89' lang='lat' dir='ltr'><strong>nocte</strong></span> <span class='ocrx_word' id='word_1_40' title='bbox 579 1027 716 1103; x_wconf 81' lang='lat' dir='ltr'><strong>Arbela</strong></span> <span class='ocrx_word' id='word_1_41' title='bbox 741 1030 915 1128; x_wconf 89' lang='lat' dir='ltr'><strong>pervenit.</strong></span> 
     </span>
    </p>

    <p class='ocr_par' dir='ltr' id='par_1_3' title="bbox 198 1137 1499 2020">
     <span class='ocr_line' id='line_1_7' title="bbox 306 1137 1499 1238; baseline -0.003 -24"><span class='ocrx_word' id='word_1_42' title='bbox 306 1138 393 1230; x_wconf 79' lang='lat' dir='ltr'><strong>Quis</strong></span> <span class='ocrx_word' id='word_1_43' title='bbox 419 1151 477 1214; x_wconf 83' lang='lat' dir='ltr'><strong>tot</strong></span> <span class='ocrx_word' id='word_1_44' title='bbox 502 1139 656 1214; x_wconf 86' lang='lat' dir='ltr'><strong>ludibria</strong></span> <span class='ocrx_word' id='word_1_45' title='bbox 680 1141 862 1232; x_wconf 77' lang='lat' dir='ltr'><strong>fortunae,</strong></span> <span class='ocrx_word' id='word_1_46' title='bbox 898 1137 1049 1229; x_wconf 93' lang='lat' dir='ltr'><strong>ducum,</strong></span> <span class='ocrx_word' id='word_1_47' title='bbox 1081 1139 1265 1238; x_wconf 78' lang='lat' dir='ltr'><strong>agminum</strong></span> <span class='ocrx_word' id='word_1_48' title='bbox 1299 1137 1446 1213; x_wconf 86' lang='lat' dir='ltr'><strong>eaedem</strong></span> <span class='ocrx_word' id='word_1_49' title='bbox 1464 1156 1499 1205; x_wconf 79' lang='grc' dir='ltr'><strong>ιο</strong></span> 
     </span>
     <span class='ocr_line' id='line_1_8' title="bbox 200 1249 1445 1350; baseline -0.005 -23"><span class='ocrx_word' id='word_1_50' title='bbox 200 1252 450 1350; x_wconf 81' lang='lat' dir='ltr'><strong>multiplicem,</strong></span> <span class='ocrx_word' id='word_1_51' title='bbox 487 1250 711 1325; x_wconf 87' lang='lat' dir='ltr'><strong>devictorum</strong></span> <span class='ocrx_word' id='word_1_52' title='bbox 748 1252 886 1350; x_wconf 83' lang='lat' dir='ltr'><strong>fugem,</strong></span> <span class='ocrx_word' id='word_1_53' title='bbox 921 1249 1042 1324; x_wconf 88' lang='lat' dir='ltr'><strong>clades</strong></span> <span class='ocrx_word' id='word_1_54' title='bbox 1079 1275 1175 1324; x_wconf 93' lang='lat' dir='ltr'><strong>nunc</strong></span> <span class='ocrx_word' id='word_1_55' title='bbox 1213 1250 1445 1348; x_wconf 82' lang='lat' dir='ltr'><strong>singulorum,</strong></span> 
     </span>
     <span class='ocr_line' id='line_1_9' title="bbox 199 1360 1445 1460; baseline -0.003 -22"><span class='ocrx_word' id='word_1_56' title='bbox 199 1389 296 1438; x_wconf 90' lang='lat' dir='ltr'><strong>nunc</strong></span> <span class='ocrx_word' id='word_1_57' title='bbox 326 1361 596 1453; x_wconf 88' lang='lat' dir='ltr'><strong>universorum,</strong></span> <span class='ocrx_word' id='word_1_58' title='bbox 631 1372 696 1437; x_wconf 83' lang='lat' dir='ltr'><strong>aut</strong></span> <span class='ocrx_word' id='word_1_59' title='bbox 730 1364 848 1438; x_wconf 89' lang='lat' dir='ltr'><strong>animo</strong></span> <span class='ocrx_word' id='word_1_60' title='bbox 875 1363 1016 1460; x_wconf 83' lang='lat' dir='ltr'>assequi</span> <span class='ocrx_word' id='word_1_61' title='bbox 1043 1371 1168 1458; x_wconf 82' lang='lat' dir='ltr'><strong>queat,</strong></span> <span class='ocrx_word' id='word_1_62' title='bbox 1194 1371 1259 1434; x_wconf 87' lang='lat' dir='ltr'><strong>aut</strong></span> <span class='ocrx_word' id='word_1_63' title='bbox 1284 1360 1445 1435; x_wconf 82' lang='lat' dir='ltr'><strong>oratione</strong></span> 
     </span>
     <span class='ocr_line' id='line_1_10' title="bbox 200 1469 1445 1572; baseline -0.005 -23"><span class='ocrx_word' id='word_1_64' title='bbox 200 1472 412 1572; x_wconf 77' lang='lat' dir='ltr'><strong>complecti?</strong></span> <span class='ocrx_word' id='word_1_65' title='bbox 451 1471 719 1572; x_wconf 88' lang='lat' dir='ltr'><strong>Propemodum</strong></span> <span class='ocrx_word' id='word_1_66' title='bbox 752 1475 884 1548; x_wconf 87' lang='lat' dir='ltr'><strong>saeculi</strong></span> <span class='ocrx_word' id='word_1_67' title='bbox 916 1499 976 1546; x_wconf 90' lang='lat' dir='ltr'><strong>res</strong></span> <span class='ocrx_word' id='word_1_68' title='bbox 1007 1473 1044 1545; x_wconf 93' lang='lat' dir='ltr'><strong>in</strong></span> <span class='ocrx_word' id='word_1_69' title='bbox 1076 1498 1188 1546; x_wconf 91' lang='lat' dir='ltr'><strong>unum</strong></span> <span class='ocrx_word' id='word_1_70' title='bbox 1218 1472 1319 1545; x_wconf 90' lang='lat' dir='ltr'><strong>illum</strong></span> <span class='ocrx_word' id='word_1_71' title='bbox 1350 1469 1445 1544; x_wconf 91' lang='lat' dir='ltr'><strong>diem</strong></span> 
     </span>
     <span class='ocr_line' id='line_1_11' title="bbox 198 1583 1495 1685; baseline -0.004 -26"><span class='ocrx_word' id='word_1_72' title='bbox 198 1585 280 1685; x_wconf 87' lang='lat' dir='ltr'><strong>prol</strong></span> <span class='ocrx_word' id='word_1_73' title='bbox 306 1585 452 1659; x_wconf 85' lang='lat' dir='ltr'><strong>fortuna</strong></span> <span class='ocrx_word' id='word_1_74' title='bbox 477 1585 682 1659; x_wconf 76' lang='lat' dir='ltr'><strong>cumulavit.</strong></span> <span class='ocrx_word' id='word_1_75' title='bbox 721 1585 793 1658; x_wconf 89' lang='lat' dir='ltr'><strong>Alii</strong></span> <span class='ocrx_word' id='word_1_76' title='bbox 819 1612 890 1683; x_wconf 87' lang='lat' dir='ltr'><strong>qua</strong></span> <span class='ocrx_word' id='word_1_77' title='bbox 915 1585 1167 1659; x_wconf 87' lang='lat' dir='ltr'><strong>brevissimum</strong></span> <span class='ocrx_word' id='word_1_78' title='bbox 1192 1583 1495 1684; x_wconf 63' lang='lat' dir='ltr'><strong>paschasinus</strong></span> 
     </span>
     <span class='ocr_line' id='line_1_12' title="bbox 200 1693 1444 1795; baseline -0.006 -23"><span class='ocrx_word' id='word_1_79' title='bbox 200 1697 261 1772; x_wconf 83' lang='lat' dir='ltr'><strong>alii</strong></span> <span class='ocrx_word' id='word_1_80' title='bbox 296 1695 430 1770; x_wconf 87' lang='lat' dir='ltr'><strong>divisos</strong></span> <span class='ocrx_word' id='word_1_81' title='bbox 463 1697 576 1770; x_wconf 88' lang='lat' dir='ltr'><strong>saltus</strong></span> <span class='ocrx_word' id='word_1_82' title='bbox 613 1707 650 1770; x_wconf 90' lang='lat' dir='ltr'><strong>et</strong></span> <span class='ocrx_word' id='word_1_83' title='bbox 679 1697 822 1795; x_wconf 83' lang='lat' dir='ltr'><strong>ignotas</strong></span> <span class='ocrx_word' id='word_1_84' title='bbox 857 1697 1087 1795; x_wconf 80' lang='lat' dir='ltr'><strong>sequentibus</strong></span> <span class='ocrx_word' id='word_1_85' title='bbox 1122 1697 1230 1770; x_wconf 89' lang='lat' dir='ltr'><strong>calles</strong></span> <span class='ocrx_word' id='word_1_86' title='bbox 1261 1693 1444 1794; x_wconf 88' lang='lat' dir='ltr'><strong>petebant.</strong></span> 
     </span>
     <span class='ocr_line' id='line_1_13' title="bbox 198 1805 1444 1907; baseline -0.004 -25"><span class='ocrx_word' id='word_1_87' title='bbox 198 1807 319 1906; x_wconf 84' lang='lat' dir='ltr'><strong>Eques</strong></span> <span class='ocrx_word' id='word_1_88' title='bbox 346 1807 528 1907; x_wconf 87' lang='lat' dir='ltr'><strong>pedesque</strong></span> <span class='ocrx_word' id='word_1_89' title='bbox 555 1807 693 1880; x_wconf 83' lang='lat' dir='ltr'><strong>confusi</strong></span> <span class='ocrx_word' id='word_1_90' title='bbox 720 1807 796 1883; x_wconf 88' lang='lat' dir='ltr'><strong>sine</strong></span> <span class='ocrx_word' id='word_1_91' title='bbox 823 1807 925 1899; x_wconf 92' lang='lat' dir='ltr'><strong>duce,</strong></span> <span class='ocrx_word' id='word_1_92' title='bbox 952 1808 1098 1881; x_wconf 84' lang='lat' dir='ltr'><strong>armatis</strong></span> <span class='ocrx_word' id='word_1_93' title='bbox 1117 1807 1281 1897; x_wconf 87' lang='lat' dir='ltr'><strong>inermes,</strong></span> <span class='ocrx_word' id='word_1_94' title='bbox 1295 1805 1444 1903; x_wconf 83' lang='lat' dir='ltr'><strong>integris</strong></span> 
     </span>
     <span class='ocr_line' id='line_1_14' title="bbox 199 1916 1494 2020; baseline -0.009 -26"><span class='ocrx_word' id='word_1_95' title='bbox 199 1919 336 1994; x_wconf 87' lang='lat' dir='ltr'><strong>debiles</strong></span> <span class='ocrx_word' id='word_1_96' title='bbox 361 1919 646 2020; x_wconf 87' lang='lat' dir='ltr'><strong>implicabantur.</strong></span> <span class='ocrx_word' id='word_1_97' title='bbox 681 1917 833 2012; x_wconf 90' lang='lat' dir='ltr'><strong>Deinde,</strong></span> <span class='ocrx_word' id='word_1_98' title='bbox 845 1916 1089 1994; x_wconf 88' lang='lat' dir='ltr'><strong>misericordia</strong></span> <span class='ocrx_word' id='word_1_99' title='bbox 1113 1918 1150 1990; x_wconf 92' lang='lat' dir='ltr'><strong>in</strong></span> <span class='ocrx_word' id='word_1_100' title='bbox 1164 1927 1300 1992; x_wconf 88' lang='lat' dir='ltr'><strong>metum</strong></span> <span class='ocrx_word' id='word_1_101' title='bbox 1325 1939 1442 2005; x_wconf 89' lang='lat' dir='ltr'><strong>versa,</strong></span> <span class='ocrx_word' id='word_1_102' title='bbox 1462 1931 1494 1981; x_wconf 79' lang='lat'><strong>12</strong></span> 
     </span>
    </p>
   </div>
   <div class='ocr_carea' id='block_1_3' title="bbox 159 2178 1445 4582">
    <p class='ocr_par' dir='ltr' id='par_1_4' title="bbox 198 2178 1445 2457">
     <span class='ocr_line' id='line_1_15' title="bbox 235 2178 1445 2253; baseline -0.002 -19"><span class='ocrx_word' id='word_1_103' title='bbox 235 2181 301 2251; x_wconf 83' lang='lat' dir='ltr'><strong>Cap.</strong></span> <span class='ocrx_word' id='word_1_104' title='bbox 329 2187 375 2246; x_wconf 84' lang='lat' dir='ltr'><strong>tt,</strong></span> <span class='ocrx_word' id='word_1_105' title='bbox 403 2183 426 2248; x_wconf 85' lang='lat'><strong>5.</strong></span> <span class='ocrx_word' id='word_1_106' title='bbox 455 2187 479 2234; x_wconf 81' lang='grc'><strong>8.</strong></span> <span class='ocrx_word' id='word_1_107' title='bbox 517 2189 599 2250; x_wconf 84' lang='lat' dir='ltr'><strong>ponte</strong></span> <span class='ocrx_word' id='word_1_108' title='bbox 624 2181 720 2252; x_wconf 82' lang='lat' dir='ltr'><strong>reciso]</strong></span> <span class='ocrx_word' id='word_1_109' title='bbox 760 2179 805 2235; x_wconf 89' lang='lat' dir='ltr'><strong>Sic</strong></span> <span class='ocrx_word' id='word_1_110' title='bbox 839 2188 947 2253; x_wconf 82' lang='lat' dir='ltr'><strong>praeter</strong></span> <span class='ocrx_word' id='word_1_111' title='bbox 962 2178 1118 2234; x_wconf 83' lang='lat' dir='ltr'><strong>Medianum</strong></span> <span class='ocrx_word' id='word_1_112' title='bbox 1144 2181 1237 2232; x_wconf 81' lang='lat' dir='ltr'><strong>dut&#39;tsm</strong></span> <span class='ocrx_word' id='word_1_113' title='bbox 1261 2179 1445 2248; x_wconf 72' lang='lat' dir='ltr'><strong>cyminumque</strong></span> 
     </span>
     <span class='ocr_line' id='line_1_16' title="bbox 199 2246 1444 2320; baseline -0.002 -18"><span class='ocrx_word' id='word_1_114' title='bbox 199 2247 265 2320; x_wconf 77' lang='lat' dir='ltr'><strong>editi</strong></span> <span class='ocrx_word' id='word_1_115' title='bbox 282 2265 382 2316; x_wconf 90' lang='lat' dir='ltr'><strong>omnes,</strong></span> <span class='ocrx_word' id='word_1_116' title='bbox 400 2249 447 2302; x_wconf 85' lang='lat' dir='ltr'><strong>sed</strong></span> <span class='ocrx_word' id='word_1_117' title='bbox 465 2250 538 2319; x_wconf 91' lang='lat' dir='ltr'><strong>quod</strong></span> <span class='ocrx_word' id='word_1_118' title='bbox 550 2249 656 2319; x_wconf 75' lang='lat' dir='ltr'><strong>giuvius</strong></span> <span class='ocrx_word' id='word_1_119' title='bbox 669 2257 711 2302; x_wconf 89' lang='lat' dir='ltr'><strong>est</strong></span> <span class='ocrx_word' id='word_1_120' title='bbox 724 2249 806 2304; x_wconf 84' lang='lat' dir='ltr'><strong>etiem</strong></span> <span class='ocrx_word' id='word_1_121' title='bbox 839 2252 952 2304; x_wconf 84' lang='lat' dir='ltr'><strong>caedem.</strong></span> <span class='ocrx_word' id='word_1_122' title='bbox 987 2249 1020 2304; x_wconf 87' lang='lat' dir='ltr'><strong>Iu</strong></span> <span class='ocrx_word' id='word_1_123' title='bbox 1036 2247 1083 2302; x_wconf 92' lang='lat' dir='ltr'><strong>illo</strong></span> <span class='ocrx_word' id='word_1_124' title='bbox 1100 2247 1233 2302; x_wconf 86' lang='lat' dir='ltr'><strong>omittitur</strong></span> <span class='ocrx_word' id='word_1_125' title='bbox 1250 2263 1281 2300; x_wconf 92' lang='lat' dir='ltr'><strong>co</strong></span> <span class='ocrx_word' id='word_1_126' title='bbox 1301 2246 1353 2314; x_wconf 84' lang='lat' dir='ltr'><strong>ula,</strong></span> <span class='ocrx_word' id='word_1_127' title='bbox 1371 2253 1444 2300; x_wconf 81' lang='lat' dir='ltr'><strong>recte</strong></span> 
     </span>
     <span class='ocr_line' id='line_1_17' title="bbox 198 2314 1444 2388; baseline -0.002 -18"><span class='ocrx_word' id='word_1_128' title='bbox 198 2334 260 2370; x_wconf 89' lang='lat' dir='ltr'><strong>mss.</strong></span> <span class='ocrx_word' id='word_1_129' title='bbox 277 2317 354 2370; x_wconf 67' lang='lat' dir='ltr'><strong>codd.</strong></span> <span class='ocrx_word' id='word_1_130' title='bbox 371 2325 478 2388; x_wconf 86' lang='lat' dir='ltr'><strong>praeter</strong></span> <span class='ocrx_word' id='word_1_131' title='bbox 495 2315 566 2369; x_wconf 86' lang='lat' dir='ltr'><strong>Flor.</strong></span> <span class='ocrx_word' id='word_1_132' title='bbox 584 2315 613 2370; x_wconf 89' lang='lat' dir='ltr'><strong>H</strong></span> <span class='ocrx_word' id='word_1_133' title='bbox 630 2324 659 2370; x_wconf 91' lang='lat' dir='ltr'><strong>et</strong></span> <span class='ocrx_word' id='word_1_134' title='bbox 676 2317 757 2371; x_wconf 77' lang='lat' dir='ltr'><strong>Ber-n.</strong></span> <span class='ocrx_word' id='word_1_135' title='bbox 770 2317 803 2371; x_wconf 93' lang='grc' dir='ltr'><strong>Β.</strong></span> <span class='ocrx_word' id='word_1_136' title='bbox 839 2316 860 2370; x_wconf 91' lang='lat' dir='ltr'><strong>si</strong></span> <span class='ocrx_word' id='word_1_137' title='bbox 878 2317 1004 2371; x_wconf 75' lang='lat' dir='ltr'><strong>librorum</strong></span> <span class='ocrx_word' id='word_1_138' title='bbox 1021 2334 1081 2370; x_wconf 83' lang='lat' dir='ltr'><strong>mss</strong></span> <span class='ocrx_word' id='word_1_139' title='bbox 1099 2314 1268 2370; x_wconf 88' lang='lat' dir='ltr'><strong>consensuifi</strong></span> <span class='ocrx_word' id='word_1_140' title='bbox 1286 2315 1444 2369; x_wconf 83' lang='lat' dir='ltr'><strong>eshabenda</strong></span> 
     </span>
     <span class='ocr_line' id='line_1_18' title="bbox 199 2382 1444 2457; baseline -0.002 -19"><span class='ocrx_word' id='word_1_141' title='bbox 199 2385 361 2455; x_wconf 80' lang='lat' dir='ltr'><strong>Temperare</strong></span> <span class='ocrx_word' id='word_1_142' title='bbox 387 2393 477 2438; x_wconf 85' lang='lat' dir='ltr'><strong>tamen</strong></span> <span class='ocrx_word' id='word_1_143' title='bbox 503 2384 567 2438; x_wconf 91' lang='lat' dir='ltr'><strong>mihi</strong></span> <span class='ocrx_word' id='word_1_144' title='bbox 584 2385 629 2438; x_wconf 78' lang='lat' dir='ltr'><strong>rix</strong></span> <span class='ocrx_word' id='word_1_145' title='bbox 646 2385 722 2456; x_wconf 89' lang='lat' dir='ltr'><strong>potui</strong></span> <span class='ocrx_word' id='word_1_146' title='bbox 739 2403 805 2457; x_wconf 89' lang='lat' dir='ltr'><strong>quo·</strong></span> <span class='ocrx_word' id='word_1_147' title='bbox 838 2393 888 2439; x_wconf 87' lang='lat' dir='ltr'><strong>est.</strong></span> <span class='ocrx_word' id='word_1_148' title='bbox 922 2385 982 2439; x_wconf 86' lang='lat' dir='ltr'><strong>Nec</strong></span> <span class='ocrx_word' id='word_1_149' title='bbox 998 2385 1146 2454; x_wconf 83' lang='lat' dir='ltr'><strong>asyndeton</strong></span> <span class='ocrx_word' id='word_1_150' title='bbox 1167 2383 1195 2438; x_wconf 91' lang='lat' dir='ltr'><strong>in</strong></span> <span class='ocrx_word' id='word_1_151' title='bbox 1212 2384 1315 2437; x_wconf 89' lang='lat' dir='ltr'><strong>duobus</strong></span> <span class='ocrx_word' id='word_1_152' title='bbox 1331 2382 1444 2438; x_wconf 89' lang='lat' dir='ltr'><strong>nomini·</strong></span> 
     </span>
    </p>

    <p class='ocr_par' dir='ltr' id='par_1_5' title="bbox 159 2451 1444 3603">
     <span class='ocr_line' id='line_1_19' title="bbox 159 2451 1444 2577; baseline -0.002 -1"><span class='ocrx_word' id='word_1_153' title='bbox 159 2481 165 2488; x_wconf 80' lang='grc'><strong>’</strong></span> <span class='ocrx_word' id='word_1_154' title='bbox 198 2451 804 2577; x_wconf 52' lang='grc' dir='ltr'><strong>ἳέἓῗέἔῑ’“ξὶ11.ἓῗῗὲἓῖἕέ1ι”“1“.ἒ“ἓο</strong></span> <span class='ocrx_word' id='word_1_155' title='bbox 838 2455 948 2576; x_wconf 52' lang='lat' dir='ltr'><strong>liei</strong></span> <span class='ocrx_word' id='word_1_156' title='bbox 975 2453 1091 2576; x_wconf 55' lang='lat' dir='ltr'><strong>titi</strong></span> <span class='ocrx_word' id='word_1_157' title='bbox 1111 2452 1444 2576; x_wconf 46' lang='lat' dir='ltr'><strong>&amp;bimuli</strong></span> 
     </span>
     <span class='ocr_line' id='line_1_20' title="bbox 196 2541 1320 2660; baseline -0.001 -14"><span class='ocrx_word' id='word_1_158' title='bbox 196 2608 269 2646; x_wconf 80' lang='lat' dir='ltr'><strong>mum</strong></span> <span class='ocrx_word' id='word_1_159' title='bbox 286 2591 435 2644; x_wconf 81' lang='lat' dir='ltr'><strong>rescindere</strong></span> <span class='ocrx_word' id='word_1_160' title='bbox 452 2599 484 2644; x_wconf 89' lang='lat' dir='ltr'><strong>ut</strong></span> <span class='ocrx_word' id='word_1_161' title='bbox 500 2591 688 2644; x_wconf 70' lang='lat' dir='ltr'><strong>intersdndere</strong></span> <span class='ocrx_word' id='word_1_162' title='bbox 700 2541 804 2660; x_wconf 60' lang='lat' dir='ltr'><strong>pendens</strong></span> <span class='ocrx_word' id='word_1_163' title='bbox 837 2541 914 2645; x_wconf 71' lang='lat' dir='ltr'><strong>stdm.</strong></span> <span class='ocrx_word' id='word_1_164' title='bbox 1020 2562 1027 2589; x_wconf 55' lang='lat'>²</span> <span class='ocrx_word' id='word_1_165' title='bbox 1313 2561 1320 2588; x_wconf 47' lang='lat' dir='ltr'><strong>l</strong></span> 
     </span>
     <span class='ocr_line' id='line_1_21' title="bbox 197 2656 1442 2731; baseline -0.002 -19"><span class='ocrx_word' id='word_1_166' title='bbox 197 2667 300 2712; x_wconf 88' lang='lat' dir='ltr'><strong>certam</strong></span> <span class='ocrx_word' id='word_1_167' title='bbox 326 2666 367 2712; x_wconf 90' lang='lat' dir='ltr'><strong>est</strong></span> <span class='ocrx_word' id='word_1_168' title='bbox 394 2658 467 2726; x_wconf 85' lang='lat' dir='ltr'><strong>(vida</strong></span> <span class='ocrx_word' id='word_1_169' title='bbox 492 2657 575 2712; x_wconf 81' lang='lat' dir='ltr'><strong>Dralr.</strong></span> <span class='ocrx_word' id='word_1_170' title='bbox 602 2659 644 2712; x_wconf 85' lang='lat' dir='ltr'><strong>ad.</strong></span> <span class='ocrx_word' id='word_1_171' title='bbox 662 2657 720 2712; x_wconf 87' lang='lat' dir='ltr'><strong>Liv.</strong></span> <span class='ocrx_word' id='word_1_172' title='bbox 738 2660 803 2731; x_wconf 90' lang='lat' dir='ltr'><strong>epit.</strong></span> <span class='ocrx_word' id='word_1_173' title='bbox 866 2660 939 2729; x_wconf 87' lang='lat' dir='ltr'><strong>pro!</strong></span> <span class='ocrx_word' id='word_1_174' title='bbox 963 2661 1080 2730; x_wconf 82' lang='lat' dir='ltr'><strong>fortuna</strong></span> <span class='ocrx_word' id='word_1_175' title='bbox 1115 2658 1267 2728; x_wconf 79' lang='lat' dir='ltr'><strong>cumulavit]</strong></span> <span class='ocrx_word' id='word_1_176' title='bbox 1312 2656 1442 2712; x_wconf 79' lang='lat' dir='ltr'><strong>Voculam</strong></span> 
     </span>
     <span class='ocr_line' id='line_1_22' title="bbox 196 2723 1442 2848; baseline -0.001 -68"><span class='ocrx_word' id='word_1_177' title='bbox 196 2726 257 2781; x_wconf 75' lang='lat' dir='ltr'><strong>libri</strong></span> <span class='ocrx_word' id='word_1_178' title='bbox 279 2729 309 2795; x_wconf 79' lang='lat'><strong>2)</strong></span> <span class='ocrx_word' id='word_1_179' title='bbox 343 2734 372 2780; x_wconf 91' lang='lat' dir='ltr'><strong>et</strong></span> <span class='ocrx_word' id='word_1_180' title='bbox 398 2726 523 2848; x_wconf 75' lang='lat' dir='ltr'><strong>frequens</strong></span> <span class='ocrx_word' id='word_1_181' title='bbox 550 2728 621 2808; x_wconf 87' lang='lat' dir='ltr'><strong>apud</strong></span> <span class='ocrx_word' id='word_1_182' title='bbox 653 2726 802 2797; x_wconf 81' lang='lat' dir='ltr'><strong>Caesarem,</strong></span> <span class='ocrx_word' id='word_1_183' title='bbox 831 2745 885 2798; x_wconf 83' lang='lat' dir='ltr'><strong>pro</strong></span> <span class='ocrx_word' id='word_1_184' title='bbox 902 2725 957 2781; x_wconf 78' lang='lat' dir='ltr'><strong>sire</strong></span> <span class='ocrx_word' id='word_1_185' title='bbox 968 2730 1038 2797; x_wconf 83' lang='lat' dir='ltr'><strong>prob</strong></span> <span class='ocrx_word' id='word_1_186' title='bbox 1054 2725 1141 2796; x_wconf 76' lang='lat' dir='ltr'><strong>(Flos.</strong></span> <span class='ocrx_word' id='word_1_187' title='bbox 1154 2725 1257 2792; x_wconf 73' lang='lat' dir='ltr'><strong>nunt)</strong></span> <span class='ocrx_word' id='word_1_188' title='bbox 1274 2743 1365 2780; x_wconf 86' lang='lat' dir='ltr'><strong>omnes</strong></span> <span class='ocrx_word' id='word_1_189' title='bbox 1381 2723 1442 2779; x_wconf 74' lang='lat' dir='ltr'><strong>libri</strong></span> 
     </span>
     <span class='ocr_line' id='line_1_23' title="bbox 197 2795 1442 2868; baseline -0.001 -19"><span class='ocrx_word' id='word_1_190' title='bbox 197 2795 292 2849; x_wconf 90' lang='lat' dir='ltr'><strong>deinde</strong></span> <span class='ocrx_word' id='word_1_191' title='bbox 309 2797 438 2850; x_wconf 83' lang='lat' dir='ltr'><strong>rescissus</strong></span> <span class='ocrx_word' id='word_1_192' title='bbox 466 2795 555 2868; x_wconf 84' lang='lat' dir='ltr'><strong>egitur</strong></span> <span class='ocrx_word' id='word_1_193' title='bbox 567 2815 595 2850; x_wconf 91' lang='lat' dir='ltr'><strong>m</strong></span> <span class='ocrx_word' id='word_1_194' title='bbox 609 2796 716 2866; x_wconf 90' lang='lat' dir='ltr'><strong>optimis</strong></span> <span class='ocrx_word' id='word_1_195' title='bbox 726 2799 802 2851; x_wconf 87' lang='lat' dir='ltr'><strong>codd.</strong></span> <span class='ocrx_word' id='word_1_196' title='bbox 836 2813 897 2850; x_wconf 89' lang='lat' dir='ltr'><strong>mss.</strong></span> <span class='ocrx_word' id='word_1_197' title='bbox 915 2805 1071 2866; x_wconf 85' lang='lat' dir='ltr'><strong>agnoscunt,</strong></span> <span class='ocrx_word' id='word_1_198' title='bbox 1089 2795 1204 2849; x_wconf 82' lang='lat' dir='ltr'><strong>editores</strong></span> <span class='ocrx_word' id='word_1_199' title='bbox 1216 2803 1305 2848; x_wconf 81' lang='lat' dir='ltr'><strong>tamen</strong></span> <span class='ocrx_word' id='word_1_200' title='bbox 1322 2811 1442 2848; x_wconf 71' lang='lat' dir='ltr'><strong>resecne</strong></span> 
     </span>
     <span class='ocr_line' id='line_1_24' title="bbox 197 2863 1440 2936; baseline -0.001 -19"><span class='ocrx_word' id='word_1_201' title='bbox 197 2865 269 2936; x_wconf 81' lang='lat' dir='ltr'><strong>apud</strong></span> <span class='ocrx_word' id='word_1_202' title='bbox 286 2864 358 2919; x_wconf 87' lang='lat' dir='ltr'><strong>Flor.</strong></span> <span class='ocrx_word' id='word_1_203' title='bbox 368 2879 388 2932; x_wconf 88' lang='lat'><strong>1,</strong></span> <span class='ocrx_word' id='word_1_204' title='bbox 408 2871 447 2926; x_wconf 92' lang='grc'><strong>10,</strong></span> <span class='ocrx_word' id='word_1_205' title='bbox 465 2875 481 2918; x_wconf 84' lang='grc'><strong>4</strong></span> <span class='ocrx_word' id='word_1_206' title='bbox 500 2873 528 2918; x_wconf 84' lang='lat' dir='ltr'><strong>et</strong></span> <span class='ocrx_word' id='word_1_207' title='bbox 545 2879 590 2929; x_wconf 86' lang='lat'><strong>111,</strong></span> <span class='ocrx_word' id='word_1_208' title='bbox 610 2871 651 2931; x_wconf 91' lang='grc'><strong>10,</strong></span> <span class='ocrx_word' id='word_1_209' title='bbox 669 2871 695 2933; x_wconf 80' lang='grc'><strong>8,</strong></span> <span class='ocrx_word' id='word_1_210' title='bbox 714 2865 803 2920; x_wconf 88' lang='lat' dir='ltr'><strong>editur</strong></span> <span class='ocrx_word' id='word_1_211' title='bbox 836 2873 909 2932; x_wconf 89' lang='lat' dir='ltr'><strong>runt,</strong></span> <span class='ocrx_word' id='word_1_212' title='bbox 928 2883 981 2919; x_wconf 93' lang='lat' dir='ltr'><strong>non</strong></span> <span class='ocrx_word' id='word_1_213' title='bbox 998 2873 1071 2918; x_wconf 82' lang='lat' dir='ltr'><strong>recte</strong></span> <span class='ocrx_word' id='word_1_214' title='bbox 1088 2879 1176 2934; x_wconf 89' lang='lat' dir='ltr'><strong>neque</strong></span> <span class='ocrx_word' id='word_1_215' title='bbox 1192 2879 1226 2916; x_wconf 83' lang='lat' dir='ltr'><strong>ex</strong></span> <span class='ocrx_word' id='word_1_216' title='bbox 1243 2863 1296 2916; x_wconf 85' lang='lat' dir='ltr'><strong>lide</strong></span> <span class='ocrx_word' id='word_1_217' title='bbox 1309 2879 1364 2916; x_wconf 68' lang='lat' dir='ltr'><strong>sua</strong></span> <span class='ocrx_word' id='word_1_218' title='bbox 1381 2863 1440 2916; x_wconf 84' lang='lat' dir='ltr'><strong>Liv.</strong></span> 
     </span>
     <span class='ocr_line' id='line_1_25' title="bbox 197 2933 1442 3006; baseline -0.002 -18"><span class='ocrx_word' id='word_1_219' title='bbox 197 2941 287 2988; x_wconf 64' lang='lat' dir='ltr'><strong>umen</strong></span> <span class='ocrx_word' id='word_1_220' title='bbox 312 2949 382 3006; x_wconf 86' lang='lat' dir='ltr'><strong>quse</strong></span> <span class='ocrx_word' id='word_1_221' title='bbox 408 2933 489 3006; x_wconf 88' lang='lat' dir='ltr'><strong>ipsius</strong></span> <span class='ocrx_word' id='word_1_222' title='bbox 505 2933 609 2988; x_wconf 67' lang='lat' dir='ltr'><strong>Duker-i</strong></span> <span class='ocrx_word' id='word_1_223' title='bbox 626 2933 804 2988; x_wconf 81' lang='lat' dir='ltr'><strong>inconstantia</strong></span> <span class='ocrx_word' id='word_1_224' title='bbox 835 2948 914 3001; x_wconf 83' lang='lat' dir='ltr'><strong>mr,</strong></span> <span class='ocrx_word' id='word_1_225' title='bbox 943 2940 974 2986; x_wconf 86' lang='lat'><strong>14</strong></span> <span class='ocrx_word' id='word_1_226' title='bbox 1001 2943 1100 2986; x_wconf 84' lang='lat' dir='ltr'><strong>tuntum</strong></span> <span class='ocrx_word' id='word_1_227' title='bbox 1119 2933 1188 3002; x_wconf 89' lang='lat' dir='ltr'><strong>prol</strong></span> <span class='ocrx_word' id='word_1_228' title='bbox 1215 2934 1401 3000; x_wconf 72' lang='lat' dir='ltr'><strong>depenerumus</strong></span> <span class='ocrx_word' id='word_1_229' title='bbox 1422 2947 1442 2984; x_wconf 80' lang='lat' dir='ltr'><strong>u</strong></span> 
     </span>
     <span class='ocr_line' id='line_1_26' title="bbox 196 2999 1441 3073; baseline -0.002 -17"><span class='ocrx_word' id='word_1_230' title='bbox 196 3010 238 3056; x_wconf 87' lang='lat' dir='ltr'><strong>est</strong></span> <span class='ocrx_word' id='word_1_231' title='bbox 254 3000 339 3057; x_wconf 81' lang='lat' dir='ltr'><strong>altero</strong></span> <span class='ocrx_word' id='word_1_232' title='bbox 357 3011 462 3056; x_wconf 85' lang='lat' dir='ltr'><strong>tuntum</strong></span> <span class='ocrx_word' id='word_1_233' title='bbox 480 3003 552 3070; x_wconf 89' lang='lat' dir='ltr'><strong>loco,</strong></span> <span class='ocrx_word' id='word_1_234' title='bbox 577 3020 636 3057; x_wconf 77' lang='lat' dir='ltr'><strong>csun</strong></span> <span class='ocrx_word' id='word_1_235' title='bbox 673 3003 743 3058; x_wconf 85' lang='lat' dir='ltr'><strong>riore</strong></span> <span class='ocrx_word' id='word_1_236' title='bbox 761 3021 803 3057; x_wconf 86' lang='lat' dir='ltr'><strong>re·</strong></span> <span class='ocrx_word' id='word_1_237' title='bbox 835 3003 989 3073; x_wconf 81' lang='lat' dir='ltr'><strong>perentibus</strong></span> <span class='ocrx_word' id='word_1_238' title='bbox 1006 3003 1114 3068; x_wconf 76' lang='lat' dir='ltr'><strong>nostris,</strong></span> <span class='ocrx_word' id='word_1_239' title='bbox 1133 3000 1177 3055; x_wconf 93' lang='lat' dir='ltr'><strong>ubi</strong></span> <span class='ocrx_word' id='word_1_240' title='bbox 1195 3007 1259 3052; x_wconf 84' lang='lat' dir='ltr'><strong>ante</strong></span> <span class='ocrx_word' id='word_1_241' title='bbox 1275 2999 1441 3054; x_wconf 78' lang='lat' dir='ltr'><strong>Gronovium</strong></span> 
     </span>
     <span class='ocr_line' id='line_1_27' title="bbox 196 3021 1441 3142; baseline -0.002 -17"><span class='ocrx_word' id='word_1_242' title='bbox 196 3073 250 3126; x_wconf 80' lang='lat' dir='ltr'><strong>ciso</strong></span> <span class='ocrx_word' id='word_1_243' title='bbox 273 3082 353 3142; x_wconf 81' lang='lat' dir='ltr'><strong>ponte</strong></span> <span class='ocrx_word' id='word_1_244' title='bbox 383 3072 452 3125; x_wconf 87' lang='lat' dir='ltr'><strong>male</strong></span> <span class='ocrx_word' id='word_1_245' title='bbox 478 3071 597 3126; x_wconf 81' lang='lat' dir='ltr'><strong>servarit.</strong></span> <span class='ocrx_word' id='word_1_246' title='bbox 642 3021 802 3140; x_wconf 68' lang='lat' dir='ltr'><strong>(beebodius</strong></span> <span class='ocrx_word' id='word_1_247' title='bbox 830 3073 994 3140; x_wconf 77' lang='lat' dir='ltr'><strong>prohdolor</strong></span> <span class='ocrx_word' id='word_1_248' title='bbox 1010 3069 1149 3125; x_wconf 82' lang='lat' dir='ltr'><strong>sciolorum</strong></span> <span class='ocrx_word' id='word_1_249' title='bbox 1171 3068 1381 3122; x_wconf 78' lang='lat' dir='ltr'><strong>additamentum</strong></span> <span class='ocrx_word' id='word_1_250' title='bbox 1402 3068 1441 3123; x_wconf 87' lang='lat' dir='ltr'><strong>le-</strong></span> 
     </span>
     <span class='ocr_line' id='line_1_28' title="bbox 195 3140 958 3210; baseline 0.003 -18"><span class='ocrx_word' id='word_1_251' title='bbox 195 3147 312 3210; x_wconf 74' lang='lat' dir='ltr'><strong>nti-oque</strong></span> <span class='ocrx_word' id='word_1_252' title='bbox 345 3143 458 3194; x_wconf 81' lang='lat' dir='ltr'><strong>rescisso</strong></span> <span class='ocrx_word' id='word_1_253' title='bbox 493 3140 589 3201; x_wconf 69' lang='lat' dir='ltr'><strong>dediti.</strong></span> <span class='ocrx_word' id='word_1_254' title='bbox 638 3141 666 3193; x_wconf 88' lang='lat' dir='ltr'><strong>Si</strong></span> <span class='ocrx_word' id='word_1_255' title='bbox 705 3141 801 3196; x_wconf 83' lang='lat' dir='ltr'><strong>ilioutio</strong></span> <span class='ocrx_word' id='word_1_256' title='bbox 836 3141 958 3210; x_wconf 79' lang='lat' dir='ltr'><strong>gebatur.</strong></span> 
     </span>
     <span class='ocr_line' id='line_1_29' title="bbox 196 3207 1441 3279; baseline -0.001 -19"><span class='ocrx_word' id='word_1_257' title='bbox 196 3208 311 3278; x_wconf 89' lang='lat' dir='ltr'><strong>denique</strong></span> <span class='ocrx_word' id='word_1_258' title='bbox 337 3208 409 3279; x_wconf 82' lang='lat' dir='ltr'><strong>cogit</strong></span> <span class='ocrx_word' id='word_1_259' title='bbox 431 3219 462 3261; x_wconf 89' lang='lat' dir='ltr'><strong>ut</strong></span> <span class='ocrx_word' id='word_1_260' title='bbox 491 3207 629 3262; x_wconf 81' lang='lat' dir='ltr'><strong>discrimen</strong></span> <span class='ocrx_word' id='word_1_261' title='bbox 675 3217 705 3262; x_wconf 86' lang='lat' dir='ltr'><strong>et</strong></span> <span class='ocrx_word' id='word_1_262' title='bbox 729 3209 801 3263; x_wconf 76' lang='lat' dir='ltr'><strong>inter</strong></span> <span class='ocrx_word' id='word_1_263' title='bbox 870 3211 955 3276; x_wconf 91' lang='lat'><strong>5.11.</strong></span> <span class='ocrx_word' id='word_1_264' title='bbox 978 3209 1076 3262; x_wconf 82' lang='lat' dir='ltr'><strong>diuisos</strong></span> <span class='ocrx_word' id='word_1_265' title='bbox 1093 3209 1179 3260; x_wconf 85' lang='lat' dir='ltr'><strong>soltus</strong></span> <span class='ocrx_word' id='word_1_266' title='bbox 1197 3215 1219 3260; x_wconf 84' lang='lat' dir='ltr'><strong>et</strong></span> <span class='ocrx_word' id='word_1_267' title='bbox 1236 3207 1341 3276; x_wconf 81' lang='lat' dir='ltr'><strong>ipnotes</strong></span> <span class='ocrx_word' id='word_1_268' title='bbox 1359 3207 1441 3259; x_wconf 84' lang='lat' dir='ltr'><strong>celles</strong></span> 
     </span>
     <span class='ocr_line' id='line_1_30' title="bbox 195 3273 1436 3348; baseline -0.002 -19"><span class='ocrx_word' id='word_1_269' title='bbox 195 3279 294 3329; x_wconf 82' lang='lat' dir='ltr'><strong>recisos</strong></span> <span class='ocrx_word' id='word_1_270' title='bbox 316 3276 411 3342; x_wconf 73' lang='lat' dir='ltr'><strong>fientes,</strong></span> <span class='ocrx_word' id='word_1_271' title='bbox 439 3277 552 3329; x_wconf 83' lang='lat' dir='ltr'><strong>recisum</strong></span> <span class='ocrx_word' id='word_1_272' title='bbox 575 3275 701 3330; x_wconf 85' lang='lat' dir='ltr'><strong>orationis</strong></span> <span class='ocrx_word' id='word_1_273' title='bbox 719 3278 803 3331; x_wconf 77' lang='lat' dir='ltr'><strong>abun·</strong></span> <span class='ocrx_word' id='word_1_274' title='bbox 837 3293 871 3328; x_wconf 82' lang='lat' dir='ltr'><strong>ex</strong></span> <span class='ocrx_word' id='word_1_275' title='bbox 901 3275 1077 3348; x_wconf 84' lang='lat' dir='ltr'><strong>integerrimis</strong></span> <span class='ocrx_word' id='word_1_276' title='bbox 1111 3274 1184 3328; x_wconf 88' lang='lat' dir='ltr'><strong>libris</strong></span> <span class='ocrx_word' id='word_1_277' title='bbox 1217 3273 1292 3328; x_wconf 87' lang='lat' dir='ltr'><strong>Leid.</strong></span> <span class='ocrx_word' id='word_1_278' title='bbox 1318 3273 1396 3328; x_wconf 88' lang='lat' dir='ltr'><strong>Voss.</strong></span> <span class='ocrx_word' id='word_1_279' title='bbox 1424 3280 1436 3326; x_wconf 94' lang='lat'>1</span> 
     </span>
     <span class='ocr_line' id='line_1_31' title="bbox 195 3342 1440 3414; baseline -0.002 -17"><span class='ocrx_word' id='word_1_280' title='bbox 195 3343 325 3408; x_wconf 83' lang='lat' dir='ltr'><strong>dantium,</strong></span> <span class='ocrx_word' id='word_1_281' title='bbox 353 3350 382 3397; x_wconf 82' lang='lat' dir='ltr'><strong>et</strong></span> <span class='ocrx_word' id='word_1_282' title='bbox 404 3352 513 3414; x_wconf 88' lang='lat' dir='ltr'><strong>pontem</strong></span> <span class='ocrx_word' id='word_1_283' title='bbox 530 3346 670 3396; x_wconf 84' lang='lat' dir='ltr'><strong>rescissum</strong></span> <span class='ocrx_word' id='word_1_284' title='bbox 687 3344 742 3397; x_wconf 83' lang='lat' dir='ltr'><strong>sive</strong></span> <span class='ocrx_word' id='word_1_285' title='bbox 757 3363 803 3400; x_wconf 87' lang='lat' dir='ltr'><strong>ru·</strong></span> <span class='ocrx_word' id='word_1_286' title='bbox 836 3343 917 3397; x_wconf 84' lang='lat' dir='ltr'><strong>Bem.</strong></span> <span class='ocrx_word' id='word_1_287' title='bbox 935 3345 961 3398; x_wconf 83' lang='lat' dir='ltr'>A</span> <span class='ocrx_word' id='word_1_288' title='bbox 978 3343 1049 3399; x_wconf 82' lang='lat' dir='ltr'><strong>Flor.</strong></span> <span class='ocrx_word' id='word_1_289' title='bbox 1071 3342 1121 3397; x_wconf 87' lang='lat' dir='ltr'><strong>AB</strong></span> <span class='ocrx_word' id='word_1_290' title='bbox 1148 3342 1209 3396; x_wconf 86' lang='lat' dir='ltr'><strong>dedi</strong></span> <span class='ocrx_word' id='word_1_291' title='bbox 1230 3361 1280 3414; x_wconf 86' lang='lat' dir='ltr'><strong>pro</strong></span> <span class='ocrx_word' id='word_1_292' title='bbox 1302 3342 1374 3412; x_wconf 77' lang='lat' dir='ltr'><strong>vulg.</strong></span> <span class='ocrx_word' id='word_1_293' title='bbox 1399 3343 1440 3396; x_wconf 78' lang='lat' dir='ltr'><strong>‹tt-</strong></span> 
     </span>
     <span class='ocr_line' id='line_1_32' title="bbox 196 3410 1440 3492; baseline 0 -28"><span class='ocrx_word' id='word_1_294' title='bbox 196 3419 280 3482; x_wconf 87' lang='lat' dir='ltr'><strong>ptum.</strong></span> <span class='ocrx_word' id='word_1_295' title='bbox 314 3410 385 3465; x_wconf 89' lang='lat' dir='ltr'><strong>Vide</strong></span> <span class='ocrx_word' id='word_1_296' title='bbox 401 3429 482 3492; x_wconf 85' lang='lat' dir='ltr'><strong>supra</strong></span> <span class='ocrx_word' id='word_1_297' title='bbox 505 3412 540 3464; x_wconf 83' lang='lat' dir='ltr'><strong>ad</strong></span> <span class='ocrx_word' id='word_1_298' title='bbox 556 3428 579 3464; x_wconf 89' lang='lat' dir='ltr'><strong>c.</strong></span> <span class='ocrx_word' id='word_1_299' title='bbox 597 3418 639 3464; x_wconf 78' lang='grc'><strong>47.</strong></span> <span class='ocrx_word' id='word_1_300' title='bbox 675 3413 715 3466; x_wconf 89' lang='lat' dir='ltr'><strong>Ut</strong></span> <span class='ocrx_word' id='word_1_301' title='bbox 733 3430 802 3467; x_wconf 87' lang='lat' dir='ltr'><strong>nunc</strong></span> <span class='ocrx_word' id='word_1_302' title='bbox 836 3429 924 3466; x_wconf 86' lang='lat' dir='ltr'><strong>uersos</strong></span> <span class='ocrx_word' id='word_1_303' title='bbox 941 3414 1026 3467; x_wconf 85' lang='lat' dir='ltr'><strong>saltus</strong></span> <span class='ocrx_word' id='word_1_304' title='bbox 1044 3423 1068 3466; x_wconf 81' lang='lat' dir='ltr'><strong>et</strong></span> <span class='ocrx_word' id='word_1_305' title='bbox 1090 3413 1188 3481; x_wconf 82' lang='lat' dir='ltr'><strong>iqnotos</strong></span> <span class='ocrx_word' id='word_1_306' title='bbox 1206 3413 1295 3465; x_wconf 84' lang='lat' dir='ltr'><strong>celles.</strong></span> <span class='ocrx_word' id='word_1_307' title='bbox 1330 3411 1440 3464; x_wconf 71' lang='lat' dir='ltr'><strong>Dirism</strong></span> 
     </span>
     <span class='ocr_line' id='line_1_33' title="bbox 197 3477 1440 3603; baseline -0.001 -71"><span class='ocrx_word' id='word_1_308' title='bbox 197 3487 495 3600; x_wconf 49' lang='grc' dir='ltr'><strong>ἕζῃῐοπιειηινεαεωη</strong></span> <span class='ocrx_word' id='word_1_309' title='bbox 513 3479 717 3601; x_wconf 26' lang='grc' dir='ltr'><strong>τεχξικῶὲἱᾱὶξί</strong></span> <span class='ocrx_word' id='word_1_310' title='bbox 735 3489 802 3552; x_wconf 88' lang='lat' dir='ltr'><strong>puto</strong></span> <span class='ocrx_word' id='word_1_311' title='bbox 836 3489 920 3560; x_wconf 37' lang='lat' dir='ltr'><strong>mete·</strong></span> <span class='ocrx_word' id='word_1_312' title='bbox 933 3488 999 3552; x_wconf 88' lang='lat' dir='ltr'><strong>puto</strong></span> <span class='ocrx_word' id='word_1_313' title='bbox 1020 3480 1180 3603; x_wconf 50' lang='lat' dir='ltr'><strong>&amp;⁰¹deae</strong></span> <span class='ocrx_word' id='word_1_314' title='bbox 1196 3479 1279 3534; x_wconf 79' lang='lat' dir='ltr'><strong>saltus</strong></span> <span class='ocrx_word' id='word_1_315' title='bbox 1296 3480 1330 3533; x_wconf 83' lang='lat' dir='ltr'><strong>ab</strong></span> <span class='ocrx_word' id='word_1_316' title='bbox 1347 3477 1440 3602; x_wconf 63' lang='lat' dir='ltr'><strong>qqquis</strong></span> 
     </span>
    </p>

    <p class='ocr_par' dir='ltr' id='par_1_6' title="bbox 231 3563 1440 3698">
     <span class='ocr_line' id='line_1_34' title="bbox 231 3563 1440 3698; baseline 0 -29"><span class='ocrx_word' id='word_1_317' title='bbox 231 3564 800 3698; x_wconf 46' lang='lat' dir='ltr'><strong>..testamentum...</strong></span> <span class='ocrx_word' id='word_1_318' title='bbox 834 3565 1071 3698; x_wconf 70' lang='lat' dir='ltr'><strong>sinus.</strong></span> <span class='ocrx_word' id='word_1_319' title='bbox 1096 3563 1440 3698; x_wconf 49' lang='lat' dir='ltr'><strong>,aurun</strong></span> 
     </span>
    </p>

    <p class='ocr_par' dir='ltr' id='par_1_7' title="bbox 197 3683 1440 3757">
     <span class='ocr_line' id='line_1_35' title="bbox 197 3683 1440 3757; baseline -0.002 -18"><span class='ocrx_word' id='word_1_320' title='bbox 197 3701 295 3739; x_wconf 89' lang='lat' dir='ltr'><strong>omnes.</strong></span> <span class='ocrx_word' id='word_1_321' title='bbox 329 3683 420 3756; x_wconf 81' lang='lat' dir='ltr'><strong>Vulgo</strong></span> <span class='ocrx_word' id='word_1_322' title='bbox 435 3687 564 3756; x_wconf 83' lang='lat' dir='ltr'><strong>praedem</strong></span> <span class='ocrx_word' id='word_1_323' title='bbox 599 3695 664 3739; x_wconf 80' lang='lat' dir='ltr'><strong>ostes</strong></span> <span class='ocrx_word' id='word_1_324' title='bbox 678 3688 744 3757; x_wconf 90' lang='lat' dir='ltr'><strong>sore</strong></span> <span class='ocrx_word' id='word_1_325' title='bbox 761 3689 801 3741; x_wconf 85' lang='lat' dir='ltr'><strong>ui-</strong></span> <span class='ocrx_word' id='word_1_326' title='bbox 834 3687 932 3742; x_wconf 84' lang='lat' dir='ltr'><strong>msulas</strong></span> <span class='ocrx_word' id='word_1_327' title='bbox 949 3695 1033 3740; x_wconf 85' lang='lat' dir='ltr'><strong>terras</strong></span> <span class='ocrx_word' id='word_1_328' title='bbox 1051 3703 1116 3740; x_wconf 83' lang='lat' dir='ltr'><strong>man</strong></span> <span class='ocrx_word' id='word_1_329' title='bbox 1133 3686 1229 3738; x_wconf 75' lang='lat' dir='ltr'><strong>divisse</strong></span> <span class='ocrx_word' id='word_1_330' title='bbox 1246 3685 1364 3738; x_wconf 79' lang='lat' dir='ltr'><strong>drumm.</strong></span> <span class='ocrx_word' id='word_1_331' title='bbox 1394 3683 1440 3737; x_wconf 91' lang='lat' dir='ltr'><strong>De</strong></span> 
     </span>
    </p>

    <p class='ocr_par' dir='ltr' id='par_1_8' title="bbox 192 3753 1438 4029">
     <span class='ocr_line' id='line_1_36' title="bbox 198 3753 1438 3825; baseline -0.006 -12"><span class='ocrx_word' id='word_1_332' title='bbox 198 3755 282 3808; x_wconf 71' lang='lat' dir='ltr'><strong>debat·</strong></span> <span class='ocrx_word' id='word_1_333' title='bbox 833 3753 1223 3825; x_wconf 81' lang='lat' dir='ltr'><strong>penantetioneroosbulorum</strong></span> <span class='ocrx_word' id='word_1_334' title='bbox 1235 3754 1438 3807; x_wconf 79' lang='lat' dir='ltr'><strong>diuersusetds&#39;·</strong></span> 
     </span>
     <span class='ocr_line' id='line_1_37' title="bbox 228 3821 1436 3902; baseline -0.002 -26"><span class='ocrx_word' id='word_1_335' title='bbox 228 3824 252 3902; x_wconf 83' lang='lat'><strong>5.</strong></span> <span class='ocrx_word' id='word_1_336' title='bbox 281 3828 305 3876; x_wconf 82' lang='lat'><strong>9.</strong></span> <span class='ocrx_word' id='word_1_337' title='bbox 344 3825 423 3876; x_wconf 83' lang='lat' dir='ltr'><strong>melle</strong></span> <span class='ocrx_word' id='word_1_338' title='bbox 448 3839 477 3876; x_wconf 81' lang='lat' dir='ltr'><strong>se</strong></span> <span class='ocrx_word' id='word_1_339' title='bbox 507 3824 684 3895; x_wconf 80' lang='lat' dir='ltr'><strong>sequentibus]</strong></span> <span class='ocrx_word' id='word_1_340' title='bbox 727 3823 798 3878; x_wconf 93' lang='lat' dir='ltr'><strong>Olim</strong></span> <span class='ocrx_word' id='word_1_341' title='bbox 833 3822 1020 3878; x_wconf 69' lang='lat' dir='ltr'><strong>msuscitsrem</strong></span> <span class='ocrx_word' id='word_1_342' title='bbox 1028 3821 1436 3888; x_wconf 73' lang='lat' dir='ltr'><strong>Dmk.notadliv.n1,bb,2,</strong></span> 
     </span>
     <span class='ocr_line' id='line_1_38' title="bbox 193 3887 1438 3962; baseline -0.001 -19"><span class='ocrx_word' id='word_1_343' title='bbox 193 3887 258 3943; x_wconf 81' lang='lat' dir='ltr'><strong>editi</strong></span> <span class='ocrx_word' id='word_1_344' title='bbox 276 3906 305 3944; x_wconf 84' lang='lat' dir='ltr'><strong>se</strong></span> <span class='ocrx_word' id='word_1_345' title='bbox 321 3891 404 3960; x_wconf 78' lang='lat' dir='ltr'><strong>inseq.</strong></span> <span class='ocrx_word' id='word_1_346' title='bbox 427 3890 533 3945; x_wconf 86' lang='lat' dir='ltr'><strong>Medius</strong></span> <span class='ocrx_word' id='word_1_347' title='bbox 550 3899 580 3944; x_wconf 86' lang='lat' dir='ltr'><strong>et</strong></span> <span class='ocrx_word' id='word_1_348' title='bbox 596 3891 692 3962; x_wconf 89' lang='lat' dir='ltr'><strong>reliqui</strong></span> <span class='ocrx_word' id='word_1_349' title='bbox 710 3891 798 3947; x_wconf 89' lang='lat' dir='ltr'><strong>deleto</strong></span> <span class='ocrx_word' id='word_1_350' title='bbox 833 3891 855 3945; x_wconf 87' lang='lat' dir='ltr'><strong>ei</strong></span> <span class='ocrx_word' id='word_1_351' title='bbox 872 3891 915 3946; x_wconf 89' lang='lat' dir='ltr'><strong>hio</strong></span> <span class='ocrx_word' id='word_1_352' title='bbox 931 3907 1006 3946; x_wconf 85' lang='lat' dir='ltr'><strong>error</strong></span> <span class='ocrx_word' id='word_1_353' title='bbox 1021 3890 1187 3946; x_wconf 80' lang='lat' dir='ltr'><strong>librariorum</strong></span> <span class='ocrx_word' id='word_1_354' title='bbox 1200 3888 1438 3944; x_wconf 86' lang='lat' dir='ltr'><strong>sononconsilium</strong></span> 
     </span>
     <span class='ocr_line' id='line_1_39' title="bbox 192 3957 1436 4029; baseline 0.001 -18"><span class='ocrx_word' id='word_1_355' title='bbox 192 3957 346 4029; x_wconf 87' lang='lat' dir='ltr'><strong>pronomine</strong></span> <span class='ocrx_word' id='word_1_356' title='bbox 368 3961 446 4013; x_wconf 84' lang='lat' dir='ltr'><strong>melle</strong></span> <span class='ocrx_word' id='word_1_357' title='bbox 469 3961 551 4028; x_wconf 83' lang='lat' dir='ltr'><strong>inseq.</strong></span> <span class='ocrx_word' id='word_1_358' title='bbox 586 3959 639 4014; x_wconf 86' lang='lat' dir='ltr'><strong>Sed</strong></span> <span class='ocrx_word' id='word_1_359' title='bbox 657 3961 732 4015; x_wconf 85' lang='lat' dir='ltr'><strong>codd.</strong></span> <span class='ocrx_word' id='word_1_360' title='bbox 751 3971 798 4016; x_wconf 86' lang='lat' dir='ltr'><strong>ant</strong></span> <span class='ocrx_word' id='word_1_361' title='bbox 832 3967 902 4014; x_wconf 82' lang='lat' dir='ltr'><strong>esset</strong></span> <span class='ocrx_word' id='word_1_362' title='bbox 924 3969 1108 4015; x_wconf 74' lang='lat' dir='ltr'><strong>consutorum.</strong></span> <span class='ocrx_word' id='word_1_363' title='bbox 1152 3959 1237 4013; x_wconf 84' lang='lat' dir='ltr'><strong>Porro</strong></span> <span class='ocrx_word' id='word_1_364' title='bbox 1262 3959 1296 4012; x_wconf 93' lang='lat' dir='ltr'><strong>de</strong></span> <span class='ocrx_word' id='word_1_365' title='bbox 1324 3959 1436 4012; x_wconf 85' lang='lat' dir='ltr'><strong>callibus</strong></span> 
     </span>
    </p>

    <p class='ocr_par' dir='ltr' id='par_1_9' title="bbox 192 4026 1435 4099">
     <span class='ocr_line' id='line_1_40' title="bbox 192 4026 1435 4099; baseline 0 -20"><span class='ocrx_word' id='word_1_366' title='bbox 192 4028 271 4080; x_wconf 80' lang='lat' dir='ltr'><strong>multe</strong></span> <span class='ocrx_word' id='word_1_367' title='bbox 294 4045 323 4080; x_wconf 87' lang='lat' dir='ltr'><strong>se</strong></span> <span class='ocrx_word' id='word_1_368' title='bbox 340 4029 504 4097; x_wconf 83' lang='lat' dir='ltr'><strong>sequentibus</strong></span> <span class='ocrx_word' id='word_1_369' title='bbox 530 4035 577 4080; x_wconf 87' lang='lat' dir='ltr'><strong>aut</strong></span> <span class='ocrx_word' id='word_1_370' title='bbox 593 4032 673 4083; x_wconf 84' lang='lat' dir='ltr'><strong>melle</strong></span> <span class='ocrx_word' id='word_1_371' title='bbox 688 4047 798 4099; x_wconf 85' lang='lat' dir='ltr'><strong>sequen·</strong></span> <span class='ocrx_word' id='word_1_372' title='bbox 832 4027 957 4083; x_wconf 81' lang='lat' dir='ltr'><strong>feminino</strong></span> <span class='ocrx_word' id='word_1_373' title='bbox 975 4045 1072 4098; x_wconf 76' lang='lat' dir='ltr'><strong>genere</strong></span> <span class='ocrx_word' id='word_1_374' title='bbox 1089 4027 1166 4081; x_wconf 83' lang='lat' dir='ltr'><strong>dictis</strong></span> <span class='ocrx_word' id='word_1_375' title='bbox 1183 4026 1329 4081; x_wconf 71' lang='lat' dir='ltr'><strong>ctsdlibr.</strong></span> <span class='ocrx_word' id='word_1_376' title='bbox 1337 4041 1383 4094; x_wconf 86' lang='lat'><strong>111,</strong></span> <span class='ocrx_word' id='word_1_377' title='bbox 1392 4031 1435 4080; x_wconf 74' lang='lat'><strong>28.</strong></span> 
     </span>
    </p>

    <p class='ocr_par' dir='ltr' id='par_1_10' title="bbox 192 4094 1436 4306">
     <span class='ocr_line' id='line_1_41' title="bbox 193 4094 1436 4176; baseline 0.001 -29"><span class='ocrx_word' id='word_1_378' title='bbox 193 4097 277 4162; x_wconf 78' lang='lat' dir='ltr'><strong>tibus,</strong></span> <span class='ocrx_word' id='word_1_379' title='bbox 304 4096 374 4176; x_wconf 88' lang='lat' dir='ltr'><strong>quod</strong></span> <span class='ocrx_word' id='word_1_380' title='bbox 397 4113 456 4150; x_wconf 89' lang='lat' dir='ltr'><strong>cum</strong></span> <span class='ocrx_word' id='word_1_381' title='bbox 474 4095 569 4150; x_wconf 82' lang='lat' dir='ltr'><strong>omissa</strong></span> <span class='ocrx_word' id='word_1_382' title='bbox 617 4095 688 4151; x_wconf 82' lang='lat' dir='ltr'><strong>lleba</strong></span> <span class='ocrx_word' id='word_1_383' title='bbox 705 4099 798 4152; x_wconf 59' lang='lat' dir='ltr'><strong>mem</strong></span> <span class='ocrx_word' id='word_1_384' title='bbox 866 4099 1070 4168; x_wconf 79' lang='lat' dir='ltr'><strong>implicabuntur</strong></span> <span class='ocrx_word' id='word_1_385' title='bbox 1091 4113 1145 4150; x_wconf 85' lang='lat' dir='ltr'><strong>uon</strong></span> <span class='ocrx_word' id='word_1_386' title='bbox 1167 4094 1265 4166; x_wconf 84' lang='lat' dir='ltr'><strong>legitur</strong></span> <span class='ocrx_word' id='word_1_387' title='bbox 1287 4095 1322 4149; x_wconf 93' lang='lat' dir='ltr'><strong>de</strong></span> <span class='ocrx_word' id='word_1_388' title='bbox 1339 4094 1436 4149; x_wconf 80' lang='lat' dir='ltr'><strong>nostris</strong></span> 
     </span>
     <span class='ocr_line' id='line_1_42' title="bbox 192 4161 1436 4230; baseline 0.001 -14"><span class='ocrx_word' id='word_1_389' title='bbox 192 4171 281 4217; x_wconf 86' lang='lat' dir='ltr'><strong>ortum</strong></span> <span class='ocrx_word' id='word_1_390' title='bbox 299 4164 496 4230; x_wconf 81' lang='lat' dir='ltr'><strong>uderidebeet,</strong></span> <span class='ocrx_word' id='word_1_391' title='bbox 515 4163 592 4218; x_wconf 85' lang='lat' dir='ltr'><strong>elteri</strong></span> <span class='ocrx_word' id='word_1_392' title='bbox 611 4165 798 4220; x_wconf 82' lang='lat' dir='ltr'><strong>cetionietism</strong></span> <span class='ocrx_word' id='word_1_393' title='bbox 831 4165 882 4220; x_wconf 88' lang='lat' dir='ltr'><strong>nisi</strong></span> <span class='ocrx_word' id='word_1_394' title='bbox 906 4165 934 4220; x_wconf 92' lang='lat' dir='ltr'><strong>in</strong></span> <span class='ocrx_word' id='word_1_395' title='bbox 959 4165 1041 4221; x_wconf 86' lang='lat' dir='ltr'><strong>Bern.</strong></span> <span class='ocrx_word' id='word_1_396' title='bbox 1064 4164 1088 4217; x_wconf 93' lang='lat' dir='ltr'>B</span> <span class='ocrx_word' id='word_1_397' title='bbox 1112 4171 1141 4217; x_wconf 90' lang='lat' dir='ltr'><strong>et</strong></span> <span class='ocrx_word' id='word_1_398' title='bbox 1163 4163 1234 4218; x_wconf 82' lang='lat' dir='ltr'><strong>Flor.</strong></span> <span class='ocrx_word' id='word_1_399' title='bbox 1261 4163 1326 4228; x_wconf 85' lang='grc' dir='ltr'><strong>ΕΗ,</strong></span> <span class='ocrx_word' id='word_1_400' title='bbox 1353 4161 1436 4217; x_wconf 86' lang='lat' dir='ltr'><strong>ceteri</strong></span> 
     </span>
     <span class='ocr_line' id='line_1_43' title="bbox 194 4230 1435 4306; baseline 0.001 -22"><span class='ocrx_word' id='word_1_401' title='bbox 194 4231 353 4286; x_wconf 81' lang='lat' dir='ltr'><strong>auctoritate</strong></span> <span class='ocrx_word' id='word_1_402' title='bbox 379 4234 455 4286; x_wconf 81' lang='lat' dir='ltr'><strong>codd</strong></span> <span class='ocrx_word' id='word_1_403' title='bbox 482 4231 568 4300; x_wconf 80' lang='lat' dir='ltr'><strong>(Leid.</strong></span> <span class='ocrx_word' id='word_1_404' title='bbox 587 4233 662 4288; x_wconf 85' lang='lat' dir='ltr'><strong>Voss.</strong></span> <span class='ocrx_word' id='word_1_405' title='bbox 683 4243 695 4288; x_wconf 94' lang='lat' dir='ltr'><strong>l</strong></span> <span class='ocrx_word' id='word_1_406' title='bbox 716 4234 797 4288; x_wconf 87' lang='lat' dir='ltr'><strong>Bern.</strong></span> <span class='ocrx_word' id='word_1_407' title='bbox 849 4236 1008 4302; x_wconf 73' lang='lat' dir='ltr'><strong>litabantur,</strong></span> <span class='ocrx_word' id='word_1_408' title='bbox 1026 4234 1098 4306; x_wconf 89' lang='lat' dir='ltr'><strong>quod</strong></span> <span class='ocrx_word' id='word_1_409' title='bbox 1115 4232 1181 4286; x_wconf 87' lang='lat' dir='ltr'><strong>item</strong></span> <span class='ocrx_word' id='word_1_410' title='bbox 1197 4249 1231 4287; x_wconf 87' lang='lat' dir='ltr'><strong>ex</strong></span> <span class='ocrx_word' id='word_1_411' title='bbox 1249 4230 1307 4286; x_wconf 70' lang='lat' dir='ltr'><strong>Pet.</strong></span> <span class='ocrx_word' id='word_1_412' title='bbox 1326 4239 1337 4286; x_wconf 89' lang='grc'><strong>1</strong></span> <span class='ocrx_word' id='word_1_413' title='bbox 1359 4231 1435 4285; x_wconf 71' lang='lat' dir='ltr'><strong>laid,</strong></span> 
     </span>
    </p>

    <p class='ocr_par' dir='ltr' id='par_1_11' title="bbox 192 4299 1436 4374">
     <span class='ocr_line' id='line_1_44' title="bbox 192 4299 1436 4374; baseline -0.001 -20"><span class='ocrx_word' id='word_1_414' title='bbox 192 4301 220 4354; x_wconf 79' lang='lat' dir='ltr'>A</span> <span class='ocrx_word' id='word_1_415' title='bbox 237 4299 309 4354; x_wconf 87' lang='lat' dir='ltr'><strong>Flor.</strong></span> <span class='ocrx_word' id='word_1_416' title='bbox 327 4299 376 4353; x_wconf 83' lang='lat' dir='ltr'><strong>AB</strong></span> <span class='ocrx_word' id='word_1_417' title='bbox 403 4301 450 4369; x_wconf 83' lang='lat' dir='ltr'><strong>el.)</strong></span> <span class='ocrx_word' id='word_1_418' title='bbox 473 4302 619 4373; x_wconf 80' lang='lat' dir='ltr'><strong>praestanti</strong></span> <span class='ocrx_word' id='word_1_419' title='bbox 645 4302 797 4374; x_wconf 84' lang='lat' dir='ltr'><strong>posthabui.</strong></span> <span class='ocrx_word' id='word_1_420' title='bbox 857 4321 909 4358; x_wconf 88' lang='lat' dir='ltr'><strong>oss.</strong></span> <span class='ocrx_word' id='word_1_421' title='bbox 928 4311 939 4357; x_wconf 95' lang='lat'><strong>1</strong></span> <span class='ocrx_word' id='word_1_422' title='bbox 960 4309 1098 4368; x_wconf 82' lang='lat' dir='ltr'><strong>enotstur,</strong></span> <span class='ocrx_word' id='word_1_423' title='bbox 1122 4301 1193 4355; x_wconf 81' lang='lat' dir='ltr'><strong>Flos.</strong></span> <span class='ocrx_word' id='word_1_424' title='bbox 1210 4301 1234 4354; x_wconf 74' lang='lat' dir='ltr'><strong>F</strong></span> <span class='ocrx_word' id='word_1_425' title='bbox 1250 4301 1332 4355; x_wconf 83' lang='lat' dir='ltr'><strong>etiem</strong></span> <span class='ocrx_word' id='word_1_426' title='bbox 1344 4300 1436 4370; x_wconf 82' lang='lat' dir='ltr'><strong>publi·</strong></span> 
     </span>
    </p>

    <p class='ocr_par' dir='ltr' id='par_1_12' title="bbox 194 4367 1437 4444">
     <span class='ocr_line' id='line_1_45' title="bbox 194 4367 1437 4444; baseline -0.001 -21"><span class='ocrx_word' id='word_1_427' title='bbox 194 4371 334 4439; x_wconf 82' lang='lat' dir='ltr'><strong>Sequentes</strong></span> <span class='ocrx_word' id='word_1_428' title='bbox 364 4377 453 4423; x_wconf 83' lang='lat' dir='ltr'><strong>autem</strong></span> <span class='ocrx_word' id='word_1_429' title='bbox 484 4372 631 4424; x_wconf 81' lang='lat' dir='ltr'><strong>verecunde</strong></span> <span class='ocrx_word' id='word_1_430' title='bbox 656 4371 725 4426; x_wconf 83' lang='lat' dir='ltr'><strong>dixit</strong></span> <span class='ocrx_word' id='word_1_431' title='bbox 749 4389 797 4444; x_wconf 90' lang='lat' dir='ltr'><strong>pro</strong></span> <span class='ocrx_word' id='word_1_432' title='bbox 831 4373 971 4434; x_wconf 76' lang='lat' dir='ltr'><strong>orbantur,</strong></span> <span class='ocrx_word' id='word_1_433' title='bbox 987 4367 1437 4425; x_wconf 84' lang='lat' dir='ltr'><strong>sedilludmendumestexomisss</strong></span> 
     </span>
    </p>

    <p class='ocr_par' dir='ltr' id='par_1_13' title="bbox 188 4437 1436 4582">
     <span class='ocr_line' id='line_1_46' title="bbox 188 4437 1436 4510; baseline 0.001 -19"><span class='ocrx_word' id='word_1_434' title='bbox 188 4439 414 4510; x_wconf 81' lang='lat' dir='ltr'><strong>persequentibus,</strong></span> <span class='ocrx_word' id='word_1_435' title='bbox 433 4447 464 4492; x_wconf 88' lang='lat' dir='ltr'><strong>ut</strong></span> <span class='ocrx_word' id='word_1_436' title='bbox 481 4441 504 4508; x_wconf 92' lang='lat'><strong>5.</strong></span> <span class='ocrx_word' id='word_1_437' title='bbox 524 4446 564 4493; x_wconf 87' lang='grc'><strong>11.</strong></span> <span class='ocrx_word' id='word_1_438' title='bbox 831 4449 896 4494; x_wconf 84' lang='lat' dir='ltr'><strong>nota</strong></span> <span class='ocrx_word' id='word_1_439' title='bbox 916 4449 1004 4495; x_wconf 88' lang='lat' dir='ltr'><strong>ortum</strong></span> <span class='ocrx_word' id='word_1_440' title='bbox 1026 4446 1055 4492; x_wconf 88' lang='lat' dir='ltr'><strong>et</strong></span> <span class='ocrx_word' id='word_1_441' title='bbox 1075 4446 1148 4493; x_wconf 79' lang='lat' dir='ltr'><strong>reete</strong></span> <span class='ocrx_word' id='word_1_442' title='bbox 1173 4437 1383 4492; x_wconf 78' lang='lat' dir='ltr'><strong>sninrsdversum</strong></span> <span class='ocrx_word' id='word_1_443' title='bbox 1401 4437 1436 4492; x_wconf 83' lang='lat' dir='ltr'><strong>eb</strong></span> 
     </span>
     <span class='ocr_line' id='line_1_47' title="bbox 228 4506 1132 4582; baseline 0 -22"><span class='ocrx_word' id='word_1_444' title='bbox 228 4509 252 4576; x_wconf 90' lang='lat'><strong>5.</strong></span> <span class='ocrx_word' id='word_1_445' title='bbox 279 4513 320 4562; x_wconf 88' lang='lat'><strong>10.</strong></span> <span class='ocrx_word' id='word_1_446' title='bbox 364 4509 466 4577; x_wconf 84' lang='lat' dir='ltr'><strong>ducum,</strong></span> <span class='ocrx_word' id='word_1_447' title='bbox 493 4510 638 4582; x_wconf 76' lang='lat' dir='ltr'><strong>equinum]</strong></span> <span class='ocrx_word' id='word_1_448' title='bbox 685 4507 798 4582; x_wconf 80' lang='lat' dir='ltr'><strong>Vulgsti</strong></span> <span class='ocrx_word' id='word_1_449' title='bbox 830 4509 975 4564; x_wconf 80' lang='lat' dir='ltr'><strong>editoribus</strong></span> <span class='ocrx_word' id='word_1_450' title='bbox 992 4506 1132 4562; x_wconf 79' lang='lat' dir='ltr'><strong>veteribus.</strong></span> 
     </span>
    </p>
   </div>
   <div class='ocr_carea' id='block_1_4' title="bbox 0 0 1632 5292">
    <p class='ocr_par' dir='ltr' id='par_1_14' title="bbox 0 0 1632 5292">
     <span class='ocr_line' id='line_1_48' title="bbox 0 0 1632 5292; baseline 0 2"><span class='ocrx_word' id='word_1_451' title='bbox 0 0 1632 5292; x_wconf 95' lang='lat' dir='ltr'><strong> </strong></span> 
     </span>
    </p>
   </div>
  </div>
 </body>
</html>
