3238 5296
266 335 339 407 422
392 423 395 428 Ι
753 350 786 412 o.
813 349 937 402 orthru
953 347 1038 402 eurr

264 564 376 614 cornu
401 538 590 612 invehitur.
644 534 809 609 Phalanx
834 558 975 633 quoque
1006 534 1161 608 mediam
1186 531 1358 608 Indorum
1390 537 1523 610 aciem
1543 555 1586 603 n,

265 676 340 724 uno
366 650 502 748 impetu
533 648 703 746 perrupit.

214 767 261 837 49
366 761 419 834 At
444 759 577 851 Porus,
618 785 690 856 qua
724 759 880 856 equitem
914 756 1034 830 invehi
1066 768 1247 848 senserat,
1285 759 1411 831 beluas
1453 763 1522 859 agi

263 874 384 948 iussit:
412 871 475 946 sed
501 870 645 945 tardum
671 881 709 944 et
733 896 847 968 paene
866 868 1045 942 immobile
1065 868 1195 942 animal
1214 895 1388 966 equorum
1406 873 1523 944 velo-

266 987 410 1058 citatem
436 1009 590 1080 aequare
615 1008 689 1056 non
715 990 866 1081 poterat.
919 981 973 1055 Ne
1000 982 1211 1078 sagittarum
1238 981 1382 1079 quidem
1409 983 1520 1055 ullus

266 1107 344 1171 erat
368 1096 530 1170 barbaris
557 1119 653 1167 usus.
691 1092 830 1192 Quippe
852 1095 977 1193 longas
996 1104 1037 1166 et
1058 1117 1284 1191 praegraves,
1309 1094 1379 1167 uisi
1406 1096 1521 1193 prius
1543 1095 1586 1172 ul

265 1210 302 1281 in
334 1217 431 1280 terra
463 1215 664 1279 statuerent
696 1230 833 1296 arcum,
868 1205 964 1279 haud
998 1205 1085 1278 satis
1124 1215 1208 1302 apte
1241 1215 1279 1278 et
1316 1207 1521 1279 commode
1585 1173 1586 1254 l

265 1320 472 1416 imponunt:
500 1327 577 1389 tum
603 1316 714 1390 humo
739 1316 884 1408 lubrica,
911 1326 949 1390 et
967 1316 1012 1388 ob
1030 1314 1067 1387 id
1088 1315 1303 1413 impediente
1325 1328 1519 1407 conatum,

265 1431 454 1520 molientes¹
478 1429 580 1518 ictus,
607 1428 787 1502 celeritate
813 1428 970 1500 hostium
995 1436 1223 1524 occupantur.
1266 1426 1363 1526 Ergo
1382 1441 1519 1526 spreto
1537 1448 1566 1494 2⁰

267 1541 361 1638 regis
396 1539 564 1637 imperia,
600 1537 713 1636 (quod
746 1541 821 1613 fere
856 1539 912 1630 fit,
952 1537 1014 1611 ubi
1049 1537 1202 1611 turbatis
1237 1537 1352 1611 acrius
1387 1553 1518 1614 metus

267 1676 374 1749 quarn
392 1649 468 1722 dux
485 1651 659 1749 imperare
677 1649 819 1750 coepit)
847 1648 997 1724 totidem
1015 1658 1116 1721 erant
1143 1649 1390 1747 imperatores,
1421 1664 1518 1748 quot
1585 1659 1586 1750 l

267 1763 410 1862 agmina
436 1763 613 1836 errabant.
658 1763 760 1837 Alius
783 1764 928 1860 iungere
947 1761 1069 1850 aciem,
1096 1761 1185 1832 alius
1212 1758 1382 1852 dividere,
1412 1774 1559 1837 stares:

268 1873 430 1972 quidam,
473 1884 510 1947 et
544 1877 705 1948 nonnulli
740 1874 955 1949 circumvehi
990 1881 1093 1969 terga
1131 1870 1288 1944 hostium
1322 1871 1517 1946 iubebant.

267 1985 362 2060 Nihil
397 1985 433 2056 in
469 1985 626 2058 medium
661 1987 922 2061 consulebatur.
975 1983 1090 2058 Porus
1118 1991 1238 2056 tamen
1265 2007 1347 2055 cum
1372 1986 1517 2081 paucis,
1534 2003 1586 2052 at

268 2096 396 2194 quibus
422 2107 521 2169 metu
546 2097 665 2194 potior
682 2099 800 2172 fuerat
824 2095 950 2195 pudor,
977 2095 1141 2192 colligere
1160 2093 1350 2193 dispersos,
1376 2095 1516 2168 obvius

268 2209 363 2280 hosti
380 2207 432 2280 ire
457 2209 584 2305 pergit,
611 2210 889 2307 elephantosque
908 2219 992 2281 aute
1011 2231 1139 2304 agmen
1158 2231 1304 2280 suorum
1322 2205 1379 2304 agi
1398 2208 1517 2280 iubet.

268 2316 439 2416 Magnum
464 2319 592 2393 beluae
617 2321 768 2394 iniecere
794 2329 984 2408 terrorem,
1014 2318 1248 2415 insolitusque
1274 2315 1410 2391 stridor
1436 2344 1515 2392 non
1531 2337 1558 2383 2³

270 2453 380 2524 equos
415 2428 541 2520 modo,
577 2441 652 2503 tam
687 2429 858 2529 pavidum
892 2429 938 2502 ad
974 2431 1093 2503 omnia
1128 2430 1277 2520 animal,
1312 2427 1376 2502 sed
1412 2431 1517 2503 viros

270 2563 411 2634 quoque
434 2539 647 2638 ordinesque
672 2542 891 2614 turbaverat.
944 2539 1020 2613 lam
1044 2543 1150 2638 fugae
1177 2540 1517 2640 circumspiciebant
1532 2559 1559 2606 2⁴

270 2649 388 2722 locum
422 2653 529 2748 paulo
565 2663 649 2726 ante
683 2653 855 2743 victores3
897 2677 978 2724 cum
1012 2651 1220 2726 Alexander
1254 2650 1436 2751 Agrianos
1476 2666 1515 2725 et

271 2759 428 2834 Thracas
455 2763 582 2837 leviter
608 2775 775 2855 armatos,
801 2764 983 2838 meliorem
1000 2766 1270 2838 concursatione
1288 2789 1395 2860 quam
1416 2789 1515 2838 corn-

269 2981 368 3018 mooere
393 2963 411 3018 i.
431 2980 454 3017 e.
472 2964 499 3018 in
525 2965 616 3036 fugam
642 2965 778 3020 coniicere.
816 2965 871 3018 Res
906 2964 1147 3032 consentientibus,
1172 2964 1386 3036 quandoquidem
1403 2965 1439 3017 de
1463 2984 1515 3020 no-

268 3041 344 3103 patet
365 3041 393 3086 et
411 3033 517 3086 Arriani
540 3033 715 3106 descriptione
733 3034 872 3089 continna-
888 3058 890 3065 ·
906 3033 965 3087 stris
983 3051 1038 3086 non
1056 3033 1155 3086 habent
1172 3051 1218 3086 nec
1236 3032 1285 3086 nisi
1301 3032 1373 3087 Flor.
1391 3031 1442 3086 Dl.
1585 3083 1586 3090 ,

269 3111 323 3168 tur,
341 3102 387 3155 sed
406 3101 510 3155 codices
527 3103 592 3156 nihil
609 3112 722 3157 mutant.
758 3103 873 3156 Videtur
942 3106 964 3170 5.
988 3109 1027 3156 19.
1066 3101 1167 3171 Quippe
1188 3104 1281 3171 loripes
1305 3133 1339 3142 —
1362 3103 1513 3174 imponerer]

269 3170 324 3242 ipse
333 3170 444 3240 scriptor
462 3171 531 3240 quod
546 3189 625 3242 supra
641 3172 872 3242 scripsitdeatrum
907 3171 951 3224 Sic
974 3170 1066 3223 Iunius
1089 3170 1238 3224 emendavit
1255 3169 1415 3240 Mediusquc
1439 3188 1516 3226 secu-

269 3239 597 3360 moremalhpintgllexisse,
615 3243 698 3312 deque
707 3239 872 3320 admovendo
906 3248 950 3320 tus
967 3247 1017 3319 est,
1035 3255 1094 3292 cum
1112 3239 1140 3292 in
1157 3239 1233 3292 codd
1251 3257 1312 3360 Ἐκ.
1325 3247 1354 3359 qt
1371 3239 1513 3320 eddauti-

270 3309 386 3441 lilla.
411 3323 661 3430 titttttt‘tt
673 3325 796 3430 tttff:
809 3393 873 3446 per-
906 3308 1290 3455 hddhmlllllllllm'qal
1303 3308 1513 3447 athleta}

270 3442 722 3581 tillitlulttttt‘ltts
730 3445 873 3582 ,stilti
908 3443 1514 3567 l¹¹tlttt¹³lt¹⁴ttttttt¹ltttlttl

271 3587 329 3644 est,
355 3579 402 3633 sed
419 3559 541 3650 vulgatae
567 3589 656 3634 tamen
680 3597 773 3651 parum
790 3581 874 3634 lor-tis.
907 3581 1065 3635 vocabulum
1091 3580 1242 3637 omiserunt.
1283 3581 1344 3662 Ipse
1369 3580 1397 3634 in
1423 3581 1512 3652 priore

270 3648 339 3701 Nam
358 3647 515 3718 phalangem
533 3667 585 3703 uuo
607 3649 707 3721 impetu
724 3650 874 3721 prorupisse
908 3650 1023 3704 editione
1045 3650 1171 3703 Iunianae
1195 3649 1349 3704 correctioni
1378 3652 1513 3720 praetule-

270 3717 334 3786 quid
351 3717 462 3770 mirum?
488 3718 635 3790 perrupisse
656 3717 770 3772 hostium
792 3718 873 3772 aciem
908 3735 964 3772 ram
978 3719 1077 3772 Vossl
1097 3727 1125 3771 et
1143 3719 1254 3771 duanam
1273 3717 1513 3788 Bongarsianomm

271 3793 299 3838 et
325 3785 464 3838 verisimile
491 3795 532 3840 est
558 3795 586 3841 et
611 3789 644 3841 ad
670 3803 726 3841 rem
749 3786 874 3858 pertinet,
909 3787 1028 3840 codicum
1054 3787 1194 3840 lectionem
1222 3789 1398 3856 imponantur.
1433 3787 1512 3841 Nunc

272 3853 376 3907 Omissa
401 3861 441 3907 est
458 3855 616 3926 praepositio
641 3856 668 3909 in
686 3856 757 3909 Flor.
774 3855 875 3909 Aser
909 3856 1080 3926 deBougars.
1095 3855 1216 3908 dubitare
1232 3871 1275 3908 me
1293 3855 1364 3925 cogit
1381 3855 1513 3909 silentium

272 3920 311 3975 Gl
329 3921 403 3976 Leid.
425 3925 500 3977 Voss.
525 3934 550 3978 l:
573 3927 696 3994 perrupit
723 3925 875 3994 aprortqn't
909 3923 1097 3991 Beruensium,
1126 3939 1175 3976 nee
1192 3923 1308 3994 alioquin
1325 3923 1407 3978 veteri
1425 3941 1511 3978 eorre-

271 3990 370 4045 liueola
386 3991 552 4060 discernitur,
570 4001 663 4064 estque
694 4011 746 4046 err.
763 3992 874 4046 inLeid.
909 3993 989 4046 etioni
1017 3993 1202 4063 postponenda
1227 3991 1333 4046 ridetur
1358 3993 1512 4047 recentioris

271 4060 380 4113 Vossl
407 4060 488 4114 Bern.
511 4063 537 4114 A
555 4061 627 4115 Flor.
649 4012 730 4129 ubl,
756 4062 785 4115 in
817 4059 875 4114 aliis
910 4061 1018 4114 alicuius
1042 4060 1204 4129 emendatio,
1233 4077 1286 4141 qua
1302 4062 1429 4116 orationis
1448 4079 1511 4114 con-

272 4127 343 4181 Flor.
357 4127 403 4182 GE
423 4129 537 4182 Bem.B
556 4131 704 4209 praerupit.
740 4130 828 4198 (Mod.
845 4131 875 4182 ia
909 4128 1020 4183 cinnitae
1037 4146 1197 4209 magnopere
1214 4131 1359 4184 adiuvatur.
1386 4131 1440 4184 Sed
1448 4147 1511 4184 mox

272 4198 383 4250 mediam
401 4228 436 4238 -
448 4209 584 4266 perrupit,
602 4197 713 4268 inepte.)
909 4198 978 4252 idem
996 4197 1087 4252 Iunius
1111 4207 1190 4251 etiam
1213 4201 1408 4268 occupabuntur
1424 4214 1512 4252 corre-

308 4263 374 4336 Cap.
388 4273 431 4319 49.
453 4265 497 4318 Ne
515 4268 671 4334 supinarum
688 4267 800 4346 quidem]
819 4265 876 4320 Ne·
910 4266 950 4320 xit
967 4283 1016 4338 pro
1030 4266 1146 4320 codicum
1160 4266 1275 4321 omnium
1290 4267 1421 4339 scriptura
1438 4285 1512 4320 occu-

273 4333 326 4387 scio
350 4333 408 4404 quis
431 4333 530 4404 primus
548 4353 580 4387 ne
598 4334 717 4400 edident‚
736 4352 797 4387 nam
815 4336 874 4388 edd
905 4345 1015 4406 pentm,
1034 4351 1101 4406 quae
1118 4335 1222 4390 ridetur
1238 4335 1301 4389 ferri
1318 4353 1403 4407 pocae.

290 4401 419 4473 rincipes,
446 4401 545 4469 Aldus,
569 4403 672 4472 Iunius,
701 4403 806 4457 Modius
829 4422 876 4457 nec
945 4407 1021 4470 §.th
1055 4405 1186 4458 meliorem
1204 4406 1410 4473 cohaerentiam]
1436 4403 1512 4458 Libri

272 4421 388 4540 labent,
413 4471 460 4524 sed
476 4480 548 4526 reete
566 4471 650 4527 edidit
671 4480 699 4526 et
721 4471 793 4527 libris
814 4489 875 4527 msa.
910 4489 969 4527 mss.
988 4475 1043 4526 fere
1060 4475 1174 4541 meliore,
1194 4471 1290 4528 omissa
1307 4473 1428 4527 nimirum
1447 4471 1512 4526 line-
