3238 5296
519 399 569 450 nn
596 397 721 451 ensr1s
749 396 857 450 nnsx.
884 399 934 468 tx,
954 395 978 448 r.
1297 379 1369 452 429

25 594 30 683 j
106 584 270 674 elisisset,
296 583 356 656 illa
377 582 601 659 dimicatione
626 590 864 682 prostratum;
891 591 1011 656 cetera
1028 583 1184 681 opimam
1201 582 1372 681 praedam

136 697 220 788 fore,
247 695 514 794 celebratasque
540 718 628 792 opes
655 695 691 766 in
717 719 761 767 ea
785 694 930 793 regione
952 695 1117 786 eminere,
1143 719 1250 792 quam
1275 706 1371 794 pete·

25 829 27 858 =
136 820 226 882 rent.
278 804 434 882 Proinde
460 808 532 880 iam
557 807 643 879 vilia
670 817 707 878 et
732 805 895 880 obsoleta
920 831 998 880 csso
1024 807 1138 905 spolia
1164 805 1209 879 de
1235 805 1370 880 Persis:

135 919 282 1016 gemmis
321 919 593 1018 margaritisque
632 929 670 992 et
708 943 796 992 auro
836 929 944 1016 atquc
982 919 1091 992 ebore
1124 915 1372 992 Macedoniam

24 1063 26 1096 ι
103 1027 401 1129 sGraeciamque,
428 1057 500 1104 non
527 1055 610 1103 suas
636 1039 777 1103 tantum
804 1029 940 1121 domos,
966 1030 1142 1129 repletum
1159 1031 1220 1104 ire.
1260 1027 1369 1103 Avidi

24 1149 26 1232 j
134 1142 263 1216 milites
298 1151 335 1216 et
368 1143 539 1240 pecuniae
574 1152 612 1215 et
645 1141 796 1240 gloriae,
836 1142 942 1216 simul
975 1141 1059 1239 quia
1091 1165 1274 1239 nunquam
1309 1165 1371 1214 eos

23 1295 26 1328 ;
135 1253 323 1329 affirmatio
359 1254 433 1326 eius
468 1253 659 1344 fefellerat,
695 1253 907 1351 pollicentur
942 1277 1106 1352 operam:
1148 1251 1370 1350 dimissisque

23 1453 25 1462 y
136 1389 217 1438 cum
242 1365 339 1439 bona
365 1389 443 1462 spe,
478 1364 621 1463 navigia
647 1363 872 1438 exaedificari
898 1365 1016 1456 iubet,
1052 1375 1110 1454 ut,
1151 1389 1232 1437 curn
1257 1375 1372 1438 totam

23 1475 25 1562 ζ
103 1476 260 1550 tAsiam
285 1476 535 1576 percurrisset,
568 1477 677 1550 finem
701 1487 879 1550 terrarum
904 1501 1003 1550 mare
1028 1476 1207 1550 inviseret.
1258 1475 1373 1549 Multa

22 1611 24 1642 1
135 1588 283 1661 materia
308 1588 445 1662 navalis
471 1587 508 1660 in
540 1588 712 1686 proximis
743 1588 926 1661 montibus
952 1598 1047 1672 erut:
1087 1612 1194 1684 quam
1219 1587 1369 1674 caedere

22 1689 23 1716 ³
102 1701 304 1798 suggressi,
329 1697 583 1800 magnitudinis
609 1698 799 1774 inusitatae
825 1725 1015 1798 repperere
1036 1709 1230 1798 serpentes.
1289 1699 1372 1774 Rhi-

22 1843 24 1870 ι
134 1822 321 1886 nocerotes
349 1836 505 1909 quoque,
537 1833 659 1882 rarum
684 1809 768 1882 alibi
794 1811 940 1903 animal,
975 1813 1012 1884 in
1038 1811 1164 1885 iisdem
1189 1811 1371 1886 montibus

21 1937 23 2008 j
135 1933 245 1996 erant
299 1919 467 1997 Ceterum
491 1921 560 1995 hoc
586 1947 716 1995 nomen
743 1920 857 1996 beluis
882 1923 1035 1996 inditum
1061 1949 1083 1996 a
1106 1920 1271 1997 Graecisr
1299 1949 1371 1997 ser·

21 2015 22 2082 Ῐ
102 2034 249 2108 emonis
276 2035 351 2108 eius
378 2034 492 2132 ignari
518 2031 615 2106 aliud
640 2033 763 2130 lingua
788 2058 855 2107 sua
879 2043 1063 2134 usurpant
1116 2034 1206 2126 Rern,
1232 2034 1371 2109 duabus

20 2309 21 2324 ,
168 2253 192 2316 s.
210 2256 235 2304 2.
271 2261 355 2306 retem
379 2253 489 2322 opimam
511 2253 641 2322 praedam
661 2253 734 2321 sore]
769 2267 873 2306 necesse
904 2251 956 2307 fuit
985 2253 1103 2325 recipere
1133 2253 1273 2309 lectionem
1299 2253 1371 2310 Flor.

20 2329 21 2392 j
133 2316 187 2370 Vul
248 2329 370 2389 ceterum,
404 2321 474 2392 quod
503 2328 575 2376 recte
601 2317 735 2374 damnavit
769 2319 886 2374 omnium
901 2323 1038 2393 praeter-B
1049 2325 1234 2393 percurrisset,
1243 2331 1275 2376 ut
1284 2323 1372 2378 omnis

20 2411 21 2414 ¹
133 2385 170 2439 So
206 2389 357 2460 enburgius,
371 2397 439 2443 esset
448 2389 517 2443 enim
528 2397 644 2442 ceteram
656 2405 735 2470 prae·
769 2389 803 2442 sd
820 2389 906 2460 ipsum
928 2407 1018 2461 regem
1038 2393 1193 2446 referantur.
1230 2392 1291 2457 Quo
1309 2409 1371 2464 pro-

133 2455 193 2508 dam
210 2456 323 2528 opimam
339 2459 410 2526 fore,
435 2459 507 2530 quod
524 2475 580 2512 non
596 2455 734 2528 significet,
769 2459 831 2512 beto
850 2467 909 2512 tots
924 2461 1064 2516 verborum
1079 2469 1210 2516 seruum
1219 2460 1372 2515 concinnior

132 2526 179 2578 sed
202 2535 289 2580 cetera
305 2527 397 2581 Indiae
419 2527 473 2581 sive
496 2535 608 2582 ceteram
633 2524 735 2580 Indiam
768 2534 797 2580 et
820 2527 920 2583 fecilior
946 2529 985 2584 lit.
1022 2529 1124 2584 Verum
1148 2537 1178 2583 ut
1204 2531 1237 2583 de
1261 2547 1370 2584 numero

19 2645 20 2650 ,
130 2593 160 2647 in
176 2595 303 2674 praedem
319 2613 456 2650 cessurum.
493 2596 566 2650 Tuto
591 2593 673 2665 igitur
694 2612 735 2650 se·
770 2595 894 2666 singulari
912 2615 965 2652 non
984 2597 1083 2666 dubito,
1102 2599 1141 2652 its
1157 2598 1371 2669 Snekenburgia·

132 2671 183 2717 cuti
201 2681 289 2718 sumus
306 2663 428 2719 codicum
451 2681 621 2732 consensum,
646 2682 733 2734 aquo
767 2683 860 2718 norum
883 2665 1004 2720 codicum
1025 2665 1100 2720 Leid.
1118 2668 1224 2722 Voss.l
1253 2667 1290 2735 (in
1314 2665 1371 2738 qui-

132 2731 181 2785 soli
198 2733 294 2786 absunt
310 2733 391 2788 Bern.
408 2733 434 2787 A
452 2741 480 2788 et
497 2733 568 2787 Flor.
588 2732 618 2786 C.
654 2733 733 2798 Quod
767 2733 816 2786 bus
833 2731 878 2787 ille
901 2738 1129 2803 percsuurrs'sseut
1153 2752 1209 2788 esse
1232 2735 1326 2802 tradit)
1344 2742 1372 2788 et

131 2799 250 2855 Freinsh.
262 2801 372 2856 coniecit
386 2808 539 2856 ceterum-
552 2818 656 2854 monae
672 2807 733 2871 (pro
766 2800 848 2855 nostri
866 2801 946 2855 Bern.
965 2802 990 2855 A
1008 2802 1086 2858 lectio
1130 2806 1316 2857 usurum-isset
1338 2804 1372 2856 dc

131 2871 252 2940 errunem)
279 2873 422 2942 repleturus
452 2869 516 2923 mihi
546 2866 652 2939 quidem
677 2867 734 2922 veri
767 2869 975 2938 reduplicatione
998 2821 1137 2924 retinendis
1159 2878 1207 2924 aut
1224 2870 1372 2925 abiicienda

131 2938 244 3007 speeiem
269 2958 323 2994 non
348 2939 453 2993 videtur
478 2939 582 2991 hebere.
626 2937 680 2990 Sed
704 2936 733 2989 in
767 2936 890 2990 dubitem
914 2938 994 3008 cogit
1031 2937 1208 2992 Grammatico
1231 2949 1372 3010 utrumque

131 3006 219 3076 priore
236 3008 298 3062 edit
308 3017 400 3062 nostru
416 3009 442 3061 h.
452 3007 469 3060 l.
478 3005 578 3061 incuria
592 3014 639 3058 sut
656 3014 733 3076 typo-
767 3005 873 3076 probari
891 3015 986 3078 potest,
1009 3005 1069 3059 vide
1086 3007 1265 3061 Ruddimenni
1283 3025 1371 3060 enem-

131 3075 475 3199 2121121222
505 3075 533 3128 ³¹¹
556 3073 732 3128 sessum
767 3074 881 3195 tlte
895 3074 1079 3197 tltttffiu
1099 3083 1371 3199 tunultu

164 3231 215 3266 nou
233 3230 297 3268 suus
315 3223 414 3268 tentum
431 3215 519 3268 domos
543 3215 666 3284 repletum
684 3213 732 3280 ire]
766 3161 936 3265 inveniurllur
958 3211 1007 3266 nisi
1026 3162 1184 3268 1decurtatus
1206 3213 1307 3266 formae
1329 3217 1371 3267 de-

131 3281 218 3352 vulgo
244 3285 415 3352 repleturum,
442 3283 515 3352 quod
540 3301 596 3336 non
622 3281 733 3352 expedio
767 3286 1034 3349 cummutvn,25,
1055 3290 1079 3351 1,
1104 3285 1249 3336 desum-isse
1266 3297 1308 3349 vr,
1327 3289 1370 3350 21,

131 3365 192 3403 cum
214 3351 247 3403 de
268 3350 395 3405 militibus
418 3350 471 3405 dici
496 3359 594 3423 petest.
629 3349 732 3405 Scribe-
767 3355 810 3416 27,
833 3351 991 3404 discus-risse
1013 3365 1053 3419 ιν,
1078 3357 1182 3419 56,10,
1205 3353 1371 3405 iucurreumt

130 3435 221 3472 musne
246 3419 328 3490 igitur
357 3422 499 3490 repleturus
525 3437 560 3474 ex
585 3419 657 3474 Flor.
685 3417 732 3472 G?
766 3432 808 3485 tx,
828 3425 869 3486 19,
893 3425 918 3486 8,
942 3431 1109 3474 occurrerunt
1126 3435 1168 3488 tx,
1191 3427 1217 3489 3,
1243 3425 1284 3486 15,
1306 3438 1371 3490 per·

131 3486 325 3554 Scriberemus,
349 3488 378 3541 ni
395 3497 575 3560 opportunum
593 3489 732 3543 offerretur
767 3489 892 3542 currisset
909 3502 950 3554 w,
962 3495 1003 3556 11,
1016 3497 1039 3556 1,
1052 3491 1220 3560 percurrisse
1237 3495 1370 3557 v,14,10.

130 3555 207 3608 Voss.
227 3563 239 3608 1
259 3557 420 3609 remedium:
449 3559 574 3627 repletum
597 3560 650 3624 ire,
673 3555 689 3609 i.
707 3573 731 3609 e:
766 3555 944 3625 Unolocovr‚
956 3564 980 3622 9,
994 3565 1023 3612 tc
1043 3559 1281 3614 transcucurrimus
1291 3559 1371 3612 edere

129 3626 272 3692 repleturus
290 3642 359 3692 esse,
382 3624 451 3678 sicut
468 3640 498 3693 x,
517 3632 549 3679 25
568 3635 609 3680 est
630 3625 732 3678 Melea·
765 3624 902 3678 debuimus
938 3633 1030 3695 ropter
1042 3626 1160 3680 codicum
1175 3626 1370 3680 unctor-itatem.

128 3693 174 3760 pri
197 3693 363 3745 temeritatem
385 3695 466 3745 omes
489 3695 569 3746 ultum
588 3697 626 3747 ire
644 3695 732 3746 decre·
800 3695 824 3761 §-
842 3699 866 3746 5.
934 3696 1090 3748 tinocerotes
1134 3713 1167 3748 uo
1186 3697 1227 3762 ue]
1269 3694 1371 3749 Iterum

130 3769 229 3811 uerunt.
255 3757 411 3828 Eodemque
428 3761 545 3830 pertinet
563 3761 641 3815 lectio
651 3761 730 3813 Bern.
765 3763 938 3814 riuoceroutes
957 3761 1027 3815 Flor.
1045 3713 1147 3817 sunl}
1164 3713 1239 3816 dein.
1256 3763 1333 3818 Voss.
1344 3771 1369 3832 1,

19 3849 24 3866 ·
131 3826 154 3878 B
178 3825 250 3880 Flor.
268 3827 320 3880 ΕΗ
343 3829 473 3896 repleturi.
508 3827 572 3882 Dixi
594 3845 626 3882 ee
647 3830 681 3881 de
702 3843 732 3881 re
766 3828 880 3882 2Bern.
898 3829 958 3882 AB.

129 3894 158 3948 in
177 3893 293 3948 Grsmm.
311 3895 372 3949 Lat.
390 3897 413 3964 §.
424 3903 482 3950 669.
800 3898 882 3950 beluis
900 3899 1011 3952 inditum
1028 3915 1045 3952 a
1066 3895 1188 3968 Graecis]
1215 3899 1305 3971 Vulgo
1323 3901 1370 3954 sd-

165 3967 188 4032 §.
198 3971 223 4018 3.
247 3982 290 4017 eos
307 3965 403 4034 affimr.
422 3967 475 4018 eius
487 3964 635 4034 sp‘ellerat]
670 3963 732 4018 Hoc
766 3964 833 4017 dunt
856 3966 937 4018 beluis
955 3967 1018 4032 eis,
1043 3967 1089 4020 sed
1110 3985 1270 4038 pronomen,
1296 3969 1369 4041 quod

129 4031 484 4087 verbeordinecollooentur
497 4032 524 4085 in
537 4033 635 4086 nostris
648 4031 732 4085 omni·
765 4032 842 4086 facila
859 4033 1079 4105 subintelligatur,
1097 4037 1224 4091 omittunt
1241 4037 1323 4092 nostri
1341 4047 1369 4091 et

129 4101 178 4156 bus
202 4109 308 4172 praeter
330 4101 403 4156 Flos.
424 4100 494 4155 Get
511 4101 591 4154 Bern.
609 4102 644 4167 Α,
668 4100 733 4154 item
766 4101 848 4155 Snak.
874 4117 971 4156 omnes.
1013 4103 1136 4158 Ceterum
1162 4105 1190 4159 in
1215 4106 1285 4160 Flor.
1303 4104 1368 4160 DFI

129 4169 157 4222 in
174 4169 205 4223 iis
223 4187 287 4241 quos
305 4169 437 4224 Snalrenb.
453 4169 574 4224 contulit.
605 4168 672 4224 Post
688 4187 732 4222 es-
766 4169 852 4224 Pell
872 4179 900 4224 et
918 4171 1050 4226 Modianis
1071 4191 1131 4228 mss.
1155 4193 1172 4228 a
1192 4175 1291 4228 Graeci
1312 4191 1367 4228 ser-

129 4239 267 4306 oed'ytreri
292 4239 356 4293 item
382 4255 472 4292 omnes
498 4255 558 4292 mss.
584 4255 634 4308 pro
660 4237 731 4308 vulg.
766 4241 850 4292 mortis
868 4241 970 4310 iquaris
988 4240 1098 4310 legitur,
1126 4259 1194 4314 quse
1211 4250 1287 4296 vetus
1310 4261 1368 4298 cor-

129 4309 273 4375 uedr'st'ccri.
765 4307 846 4362 rectio
863 4325 881 4362 s
896 4309 999 4380 vulgari
1017 4311 1082 4364 vitio
1098 4313 1243 4382 procedens
1258 4311 1366 4366 Heinsio

151 4392 222 4454 ¹cum
238 4385 316 4457 totum
335 4377 429 4458 daiam
444 4377 630 4448 percurrisset]
656 4375 732 4440 Quo·
765 4393 843 4458 oeuss
859 4377 910 4430 fuit
926 4395 974 4432 cur
990 4379 1131 4434 coniiceret
1148 4383 1225 4434 eliud
1236 4381 1300 4434 tnui
1317 4397 1367 4434 suo

129 4443 731 4585 strenuissumus
766 4447 861 4580 ‘met
875 4457 1133 4585 “tett‘uuu
1169 4515 1365 4586 etaemus,
