3214 5288
242 352 290 422 32
712 369 745 431 Q.
775 369 899 420 cunrn
925 370 1010 422 noni

240 579 325 627 suos
351 553 489 642 milites,
514 553 638 628 iubeat
660 549 842 652 trucidari.
898 550 1013 642 Quem
1045 550 1174 626 deinde
1208 550 1360 648 amplius
1392 551 1482 624 nsti-

239 689 350 739 onum
376 672 581 736 exterarum
608 664 760 739 salutem
786 689 889 736 suam
915 662 1134 738 crediturum
1165 662 1243 752 sibi,
1276 661 1308 734 si
1332 671 1388 734 tot
1418 661 1482 734 mi-

239 776 341 848 litum
367 774 540 871 sanguine
566 774 752 848 imbuisset
776 773 934 848 manus?
985 771 1174 848 Neminem
1199 770 1370 845 stolidum
1397 793 1515 845 con-e

238 885 355 958 silium
381 885 497 982 capite
522 885 622 958 luere
648 883 788 959 debere.
834 885 1030 958 Defuturos
1056 885 1160 976 enim,
1188 883 1250 979 qui
1276 881 1481 973 suaderent,

237 996 269 1068 si
294 996 448 1070 suasisse
474 996 714 1094 periculosum
739 1007 844 1071 esset.
897 995 1062 1092 Denique
1087 997 1185 1094 ipsos
1212 992 1342 1098 cotidie
1370 992 1480 1066 adse

237 1104 406 1180 advocari
431 1108 469 1178 in
495 1107 690 1198 consilium,
721 1107 912 1203 variasque
939 1106 1136 1182 sententias
1163 1104 1291 1194 dicere,
1330 1128 1396 1176 nec
1423 1113 1477 1175 ta·

238 1241 320 1289 men
347 1218 503 1290 melioris
527 1217 611 1291 fidei
636 1218 770 1309 haberi,
797 1219 858 1314 qui
891 1216 1101 1316 prudentius
1137 1215 1298 1291 suaserit.
1351 1214 1515 1311 Itsquer

239 1321 384 1402 Graecis
409 1330 575 1402 nuntiare
599 1329 710 1419 iubet,
735 1329 854 1428 ipsum
881 1327 1026 1424 quidem
1051 1326 1314 1400 benivolentiae
1335 1327 1480 1400 illorum

236 1439 370 1534 gratiss
397 1463 515 1535 agere,
542 1449 710 1528 ceterum,
737 1440 767 1512 si
792 1447 890 1512 retro
916 1439 968 1512 ire
994 1448 1131 1535 perget,
1165 1435 1263 1512 houd
1290 1435 1397 1510 dubie
1424 1461 1479 1508 re·

237 1572 348 1644 gnum
373 1548 536 1622 hostibus
562 1549 787 1622 traditurum.
840 1549 951 1622 Fame
976 1549 1071 1622 belle
1096 1557 1203 1636 sture,
1231 1556 1268 1620 et
1295 1573 1388 1639 eum,
1415 1547 1479 1642 qui

237 1657 392 1749 recedat,
418 1661 541 1757 fugere
568 1659 674 1733 credi.
727 1659 907 1735 Trahendi
933 1685 1021 1734 vero
1053 1658 1137 1732 belli
1170 1659 1235 1732 vix
1261 1660 1371 1732 ullum
1397 1683 1478 1732 esse

237 1772 421 1843 rationem.
470 1770 607 1844 Tantae
633 1771 728 1845 enim
753 1770 982 1860 multitudini,
1009 1770 1133 1866 utique
1159 1795 1242 1843 cum
1266 1771 1338 1842 ism
1363 1768 1516 1841 hiemss

272 2021 346 2082 quem
359 2005 452 2058 deinde
469 2005 755 2126 ampliushOffsnsum
772 2012 839 2086 puto
873 2005 1028 2060 destituitur
1050 2005 1177 2059 nundus-i.
1212 2004 1284 2058 Num
1310 2005 1373 2058 sstis
1399 2003 1480 2058 hodie

237 2081 392 2142 scriptorem
409 2073 469 2126 libri
487 2072 567 2127 Bern.
630 2073 762 2129 vocabulis
779 2093 838 2126 run·
873 2081 978 2128 oonstst
996 2091 1048 2126 non
1065 2073 1190 2144 exiguum
1203 2087 1343 2126 numerum
1360 2073 1480 2126 locorum

238 2139 288 2192 otis
323 2141 376 2192 uod
402 2141 477 2194 dedit
499 2159 572 2209 quem
595 2145 689 2196 durum
712 2145 837 2210 emplius,
873 2143 943 2213 spud
969 2141 1109 2222 scriptores
1142 2149 1173 2194 et
1196 2141 1294 2221 ligatos
1320 2149 1348 2194 et
1373 2140 1480 2194 solutae

238 2216 267 2258 et
282 2157 345 2260 inde
362 2209 509 2277 profectum
527 2209 556 2261 in
572 2209 643 2264 Flor.
661 2211 688 2264 H
703 2229 776 2291 quern
796 2213 838 2264 di·
873 2210 1001 2264 orationis
1019 2209 1140 2276 inveniri,
1159 2209 1205 2262 ubi
1221 2209 1365 2262 mfmitivus
1374 2217 1424 2262 sct.
1434 2217 1478 2262 et-

237 2283 366 2327 clumam
387 2277 447 2328 lies.
482 2275 548 2330 Mox
575 2279 655 2332 verbo
676 2281 787 2331 mrlitum
811 2278 839 2331 in
873 2278 925 2331 ism
943 2295 1081 2349 suppresso
1099 2278 1247 2331 sccusstivo
1265 2295 1324 2331 cum
1341 2278 1422 2330 verbo
1436 2276 1478 2328 iu-

236 2359 320 2412 murg.
338 2293 409 2396 Fldr.
427 2344 453 2395 D
472 2343 633 2415 adscriptum
649 2354 690 2399 est
712 2349 748 2399 ot.
768 2348 838 2399 mili·
873 2348 937 2400 bere
953 2346 1129 2416 coniungitur.
1147 2346 1216 2400 Vide
1234 2345 1321 2400 Drslr.
1336 2346 1370 2398 sd
1387 2345 1477 2398 locum

236 2429 289 2477 uns,
300 2429 378 2491 quum
392 2430 465 2464 suam
479 2413 655 2466 coniecturam
664 2414 771 2467 Medius
778 2433 837 2484 pro-
873 2415 943 2468 hunc
956 2414 1025 2468 Livii
1042 2429 1121 2481 xnrr,
1139 2421 1173 2468 24
1196 2415 1308 2468 Senatus
1332 2417 1363 2468 de
1380 2423 1478 2484 posto-

236 2479 837 2552 posurtsRederoetFreinshemioprobstsm.
873 2484 935 2536 lutis
973 2483 1231 2552 Curtloqiniensium
1257 2483 1388 2536 tumultus
1424 2499 1477 2534 re-

271 2551 295 2615 3.
318 2555 341 2601 t.
373 2551 398 2601 si
421 2551 539 2603 suasisse
557 2552 733 2617 periculosum
760 2553 836 2618 esset]
873 2554 1033 2620 spondere
1051 2554 1089 2604 ito
1107 2553 1194 2618 iussit,
1213 2559 1242 2604 et
1257 2567 1336 2622 quem
1355 2550 1400 2604 ille
1416 2549 1477 2602 lsu-

234 2615 416 2669 Pers'culosum
441 2636 490 2687 pro
510 2620 655 2685 periculum
674 2635 707 2672 cx
730 2617 835 2672 ortimis
870 2619 917 2672 det
934 2619 1073 2672 Dukerum
1090 2617 1477 2688 deiv.xer,15si9num

235 2681 309 2736 libris
322 2683 396 2737 Leid,
409 2685 485 2738 Voss.
507 2687 613 2740 lBom.
627 2692 654 2740 A
671 2687 742 2741 Flor.
790 2688 835 2739 de·
871 2691 935 2741 dore
954 2687 1010 2756 (vel
1027 2689 1102 2754 duri)
1116 2705 1169 2757 pro
1188 2705 1230 2740 ere
1249 2689 1342 2755 iussit,
1370 2694 1398 2739 st
1417 2687 1478 2740 Ou-

216 2750 271 2818 -di,
308 2752 384 2805 uibus
406 2771 440 2806 ex
465 2755 625 2824 reliquorum
641 2773 751 2810 numero
767 2773 835 2809 unus
870 2757 996 2826 dendorp.
1014 2756 1048 2808 ad
1066 2755 1141 2809 Cses.
1187 2755 1237 2808 .G.
1257 2771 1288 2821 11,
1308 2761 1323 2808 5
1341 2762 1409 2808 extr.
1429 2773 1478 2810 cu·

234 2827 263 2872 ot
307 2829 348 2873 ter
366 2821 590 2892 sesesdiungunt.
870 2835 927 2878 stra
945 2827 1047 2876 munire
1064 2825 1140 2876 iubet.
1164 2824 1207 2878 ef.
1226 2842 1291 2894 quse
1308 2823 1336 2876 in
1354 2821 1475 2876 Grsmm.

269 2891 363 2944 cotidie
380 2891 471 2961 scripsi
482 2891 667 2945 auctoritatem
676 2892 834 2962 optimorum
869 2893 930 2945 Lst.
947 2891 1138 2972 composuimus
1156 2895 1179 2960 ξ.
1190 2899 1247 2946 617.
1270 2891 1350 2955 Quod
1360 2892 1394 2944 ed
1404 2891 1476 2946 Cur-

234 2955 306 3010 Flor.
324 2958 347 3010 B
362 2959 442 3012 Bern.
457 2964 484 3012 A
501 2960 575 3013 Leid.
595 2961 698 3014 Vossl
720 2969 833 3028 secutus,
869 2961 937 3013 tium
962 2968 1070 3026 attinet,
1096 2968 1152 3014 tres
1168 2969 1231 3014 sunt
1249 2961 1319 3030 apud
1336 2975 1397 3012 eum
1411 2959 1475 3028 loci,

234 3040 346 3099 eumque
375 3028 506 3082 scribendi
540 3047 616 3082 usum
652 3028 732 3082 etism
767 3029 835 3082 inse-
871 3029 965 3100 quibus
982 3028 1027 3082 illa
1044 3029 1215 3094 constructio,
1240 3029 1382 3082 dummodo
1406 3027 1475 3082 fides

252 3095 325 3172 penti
344 3107 432 3150 setets
450 3115 614 3151 communem
630 3097 709 3150 luisse
729 3096 836 3161 Quinti·
870 3097 945 3150 mstis
962 3097 1035 3150 libris
1053 3098 1174 3151 hsbends
1190 3101 1234 3163 sit,
1257 3096 1403 3150 invonitur:
1431 3097 1477 3152 hio

261 3181 326 3215 snus
343 3164 474 3232 significat
490 3181 510 3230 1,
532 3174 544 3217 7
573 3165 682 3218 alteram
705 3165 837 3219 rstionem
871 3175 900 3219 et
917 3173 1025 3236 cepto,
1045 3174 1070 3232 7,
1088 3165 1183 3219 tertius
1200 3180 1252 3231 vu,
1271 3173 1303 3219 38
1322 3165 1356 3217 sd
1371 3164 1426 3228 fin,
1446 3171 1477 3219 et

233 3247 300 3300 quse
313 3239 422 3299 etymon
434 3233 553 3301 sequitur
565 3234 686 3301 frigidam
698 3251 801 3287 vocaus.
890 3235 942 3288 uod
965 3251 1027 3287 sene
1054 3252 1107 3287 non
1132 3234 1239 3287 videtur
1264 3232 1374 3286 fortuito
1404 3233 1475 3286 sceri-

269 3301 346 3350 adse
364 3302 490 3350 advocari
503 3302 531 3351 in
549 3303 696 3366 consitium]
715 3300 760 3354 Sic
774 3300 834 3354 libri
892 3301 940 3354 'sse
957 3319 1015 3355 cum
1033 3303 1126 3356 eodem
1142 3303 1224 3356 verbo
1241 3303 1372 3356 nuntiare.
1396 3300 1475 3354 Alio-

233 3381 294 3418 mss.
312 3373 341 3418 ot
358 3365 463 3434 plurimi
481 3375 508 3418 et
523 3367 641 3420 meliores
652 3367 744 3435 (etism
754 3368 833 3420 Bem.
868 3367 932 3440 quin
949 3369 1145 3424 terminationes
1172 3369 1273 3423 sctirse
1299 3377 1327 3422 et
1372 3369 1475 3424 sssivse

233 3435 281 3500 A),
300 3432 380 3502 vulgo
397 3435 476 3487 adse
490 3437 578 3488 vocari
593 3438 621 3488 in
635 3453 704 3488 cons.
730 3436 833 3490 Verbo·
868 3437 972 3490 voeiss
994 3437 1105 3491 librariis
1131 3447 1296 3518 permutatae
1322 3387 1405 3490 videri
1422 3437 1473 3490 do-

233 3519 293 3554 rum
307 3500 470 3554 sbundsntis
487 3503 582 3556 idoues
600 3501 633 3556 T.
651 3503 719 3556 Livii
743 3512 833 3558 sucto-
866 3506 970 3572 berent,
989 3507 1061 3575 quod
1078 3505 1141 3560 slibr
1152 3508 1256 3560 lactum
1274 3513 1378 3560 constet
1398 3505 1473 3571 (ride

220 3567 314 3622 'ritate
339 3570 403 3622 satis
429 3580 581 3640 exuamur,
611 3589 689 3642 quem
711 3572 833 3625 Druken·
867 3574 1010 3644 sdvn,2.).
1024 3573 1353 3694 Nunoslipuidproprium
1366 3573 1472 3626 insere

233 3637 323 3690 borch.
342 3639 376 3689 ud
393 3637 437 3690 lib.
447 3653 478 3704 11,
489 3646 521 3694 36
532 3640 575 3694 fin.
590 3643 617 3692 iu
623 3643 718 3710 sorum
727 3645 765 3693 ud
773 3659 832 3694 con·
868 3641 948 3694 fuisse
965 3651 1039 3712 puto.
1074 3642 1176 3713 Suppe
1199 3643 1281 3712 igitur
1302 3659 1396 3694 nomen
1423 3659 1473 3694 eo-

233 3707 304 3758 sules
327 3707 417 3760 lectica
435 3711 555 3777 adfertur
574 3710 653 3763 dooet
670 3709 756 3762 verbis
774 3727 833 3762 cum
867 3727 925 3762 rum
949 3709 1083 3763 hominum
1108 3711 1202 3779 quibus
1228 3711 1255 3764 id
1281 3709 1382 3789 negotii
1408 3709 1472 3776 fuit,

232 3789 352 3894 ffipog'
378 3778 416 3828 od
431 3777 587 3897 1⁰⁰mp⁰ii¹i³
610 3777 699 3898 depuo
723 3779 832 3898 {sudem
866 3777 1039 3898 lpoobquidenr
1056 3777 1112 3900 loGw
1130 3795 1340 3896 Praeff‘lne'l‘ffl
1360 3777 1472 3898 riliqups

233 3859 331 3963 still
347 3859 518 3967 debile
535 3863 832 3980 rttttttttt?
866 3863 968 3993 elil?
993 3863 1053 3993 lt
1074 3863 1294 3994 ,lifris‘lltll
1310 3867 1381 3993 ib
1395 3863 1473 3994 lilii

232 3977 294 4046 Ipse
308 3979 416 4033 Curtius
434 3997 485 4047 vn,
496 3989 528 4035 29
546 3983 643 4034 unricus
653 3985 680 4034 in
695 3984 831 4036 consilium
865 3982 974 4048 accedit,
1002 3983 1047 4035 ubi
1073 3984 1218 4036 subrectum
1244 3983 1366 4034 infinitivi
1387 3989 1471 4036 scuvr

232 4048 359 4099 aduocari
372 4051 447 4101 iubet.
474 4051 540 4102 Mox
557 4051 670 4102 suaserit
688 4066 722 4102 ex
739 4050 831 4120 pleris-
865 4066 899 4102 ex
917 4049 1042 4104 orationis
1059 4068 1131 4104 nexu
1152 4049 1403 4121 subintelligendum
1425 4058 1471 4106 est

232 4129 285 4184 que
302 4116 377 4173 codd.
403 4117 525 4185 restitui,
546 4117 626 4187 vulgo
646 4127 707 4187 post
731 4117 831 4172 Aldum
866 4133 906 4184 VI,
927 4125 959 4172 10
976 4137 1015 4189 pr.

232 4186 374 4237 suaserint.
901 4189 1097 4260 benivolentiae]
1124 4189 1233 4242 Annoto
1250 4190 1262 4240 i
1282 4188 1373 4242 litters
1389 4205 1472 4242 vocs·

268 4253 291 4317 5.
312 4259 335 4303 7.
370 4255 457 4322 ireque
477 4255 589 4307 Graecis
606 4257 728 4308 nuntiare
751 4257 831 4326 iubet]
866 4255 958 4310 bulum
976 4256 1054 4309 scribi
1071 4257 1098 4308 in
1115 4257 1236 4312 omnibus
1258 4255 1354 4310 nostris
1371 4256 1472 4310 codici-

233 4317 362 4372 Mendum
388 4321 459 4392 quod
503 4320 563 4374 leris
582 4340 615 4374 ue
636 4323 768 4376 videbitur
791 4341 832 4376 re-
867 4327 916 4379 bus
926 4333 956 4378 et
964 4326 1005 4376 cd.
1015 4325 1155 4394 pr.‚Aldus
1164 4325 1262 4396 primus
1272 4327 1356 4378 beser.
1366 4324 1473 4376 maluit.

232 4387 330 4440 ducere
347 4405 406 4442 curu
424 4390 451 4441 M
490 4407 515 4443 10
535 4341 623 4455 milui,
650 4409 728 4462 quam
755 4393 833 4444 edere
901 4397 925 4461 ξ.
943 4399 968 4446 8.
1003 4395 1046 4446 vis
1064 4395 1146 4446 ullum
1163 4411 1219 4446 esse
1240 4395 1377 4460 rodonem]
1414 4391 1473 4470 bu·

232 4457 305 4527 quod
330 4456 489 4528 optimorum
523 4458 650 4513 librorum
675 4459 833 4515 auctoritate
867 4461 953 4516 dibris
969 4460 1144 4531 librariorum,
1165 4478 1233 4533 quse
1250 4460 1379 4516 editiones
1396 4477 1475 4532 prm·
