3214 5288
215 362 311 416 xvm
652 427 656 433 ¹
727 360 944 412 ramulum.

94 548 97 554 ’
214 555 424 620 constanter
450 545 487 618 in
512 545 590 644 ipso
617 555 723 620 textu
748 554 892 620 secutus
920 555 986 638 est,
1013 543 1079 620 sed
1096 546 1365 620 annotationem
1381 568 1456 616 non
1583 564 1587 647 ζ

217 675 291 749 fere
318 674 543 772 conscripsit,
577 673 645 746 nisi
671 673 734 746 ubi
758 684 823 746 aut
849 671 1028 748 dubitavit
1053 674 1131 772 ipse
1156 684 1221 748 aut
1247 683 1373 748 contra
1398 695 1456 746 co-

219 801 314 877 dices
349 800 599 902 corrigendum
630 802 782 901 putavit.
833 800 958 900 Itaque
984 827 1076 876 raro
1111 801 1274 876 codicum
1308 825 1456 874 suorum

217 932 388 1006 lectiones
423 942 589 1004 accurate
624 939 894 1020 commemorat,
935 929 1026 1004 adeo
1053 941 1165 1004 utne
1192 931 1279 1004 satis
1311 926 1456 1028 quidem
1583 968 1588 991 ι

218 1047 298 1134 'tuto
326 1057 371 1133 de
398 1059 626 1133 similitudine
661 1070 725 1133 aut
759 1057 960 1132 discrimine
993 1059 1169 1157 ipsorum,
1204 1059 1334 1156 quibus
1369 1082 1456 1132 usus

218 1199 292 1278 est,
326 1187 489 1261 codicum
523 1187 680 1261 iudicare
706 1187 832 1286 possis.
885 1185 927 1260 In
962 1188 1183 1287 praefatione
1217 1187 1456 1286 principatum

219 1317 346 1390 tribuit
370 1315 481 1406 libra,
509 1341 614 1412 quern
642 1341 688 1389 ex
713 1315 930 1390 bibliotheca
955 1316 1124 1390 ecclesiae
1151 1313 1364 1390 cathedralis
1391 1312 1456 1388 Co
1585 1332 1590 1383 r

218 1443 387 1518 loniensis
414 1455 616 1542 acceperat,
643 1444 746 1541 eique
772 1444 940 1536 alterum,
975 1469 1082 1542 quem
1108 1444 1324 1518 bibliotheca
1349 1443 1456 1518 abba·
1586 1498 1591 1519 .

219 1573 291 1646 tiae
318 1569 584 1669 Sigebergensis
610 1573 854 1670 praestiterat,
886 1573 1087 1671 postponit,
1123 1597 1249 1646 verum
1275 1597 1323 1646 ex
1349 1597 1457 1646 anno
1586 1554 1591 1595 ³

219 1699 355 1774 tatione
382 1699 429 1773 ad
454 1722 532 1790 vm,
562 1705 582 1772 5
611 1699 703 1799 (17),
734 1704 780 1774 10
809 1698 917 1774 etad
943 1723 1022 1792 vnl,
1052 1704 1073 1776 6
1101 1700 1193 1800 (22),
1223 1703 1269 1774 18
1295 1698 1456 1798 Sigeber-
1587 1700 1591 1717 '

219 1830 339 1928 gensis
366 1854 448 1902 cum
474 1828 617 1927 optimis
643 1829 776 1904 nostris
802 1829 896 1921 facit,
924 1827 1145 1906 Coloniensis
1163 1830 1310 1928 paulum
1328 1827 1457 1902 discre-

219 1969 302 2056 pat,
337 1959 380 2031 cf.
408 1955 456 2030 ad
481 1979 531 2048 1v,
566 1963 587 2030 5
616 1957 714 2057 (22),
749 1961 769 2031 9
804 1969 842 2032 et
868 1956 915 2031 ad
940 1980 991 2050 Π,
1019 1960 1040 2030 6
1069 1958 1161 2058 (28),
1190 1960 1248 2031 26.
1302 1955 1458 2032 Textum

219 2083 427 2160 Modianum
453 2087 584 2185 quippe
611 2111 658 2160 ex
678 2087 770 2162 libro
790 2086 945 2161 melioris
963 2087 1126 2178 familiae,
1152 2086 1302 2162 forsitan
1320 2083 1458 2176 eodem,
1590 2164 1593 2193 Ι

221 2214 284 2310 qui·
306 2239 402 2286 nuno
427 2212 611 2287 Leidensis
638 2225 702 2287 aut
728 2211 927 2290 Vossianus
953 2215 1050 2314 prior
1074 2214 1284 2314 appellatur,
1311 2211 1459 2288 ductum
1590 2228 1593 2239 '

220 2341 368 2440 vulgato
395 2343 502 2440 longe
527 2355 711 2441 praestare
738 2352 775 2415 et
801 2343 923 2440 utique
944 2345 1054 2417 talem
1076 2368 1164 2436 esse,
1191 2344 1305 2442 qualis
1323 2343 1355 2416 si
1375 2340 1459 2415 inde

220 2493 243 2544 a
276 2470 435 2568 principe
475 2470 630 2545 editione
663 2480 884 2570 propagatus
924 2482 1037 2563 esset,
1081 2472 1206 2546 melius
1246 2472 1291 2546 da
1334 2470 1458 2546 Curtio

221 2607 316 2672 esset
341 2597 552 2691 iudicatum,
584 2599 763 2674 neminem
793 2598 900 2673 hodie
932 2625 1012 2674 esse
1045 2610 1134 2700 puto
1161 2601 1248 2699 quin
1273 2600 1458 2698 intelligat,

220 2736 427 2824 postquam
444 2725 659 2802 emendandi
690 2730 807 2802 fontes
841 2730 955 2827 aperti
987 2740 1081 2802 sunt
1141 2725 1214 2803 Sed
1247 2731 1309 2802 illa
1339 2739 1458 2804 aetate

219 2879 293 2930 non
318 2855 537 2932 intellectum
564 2868 634 2931 est:
662 2867 758 2931 certe
785 2857 845 2955 qui
870 2869 998 2956 postea
1024 2856 1071 2931 ad
1098 2856 1278 2932 edendum
1296 2856 1459 2932 Curtium

220 2996 448 3060 accesserunt
473 3011 601 3085 parum
635 2985 901 3060 intellexerunt.
958 2985 1045 3060 Eius
1080 2987 1131 3062 rei
1167 3011 1276 3062 causa
1308 2986 1346 3061 in
1379 2986 1459 3084 ipso

219 3109 340 3184 Modio
367 3113 437 3187 sita
463 3125 528 3188 est.
581 3111 783 3188 Admiscuit
815 3113 910 3187 enirn
940 3115 1131 3213 praeclaris
1157 3113 1376 3214 integerrimi
1402 3138 1459 3186 co-

221 3235 309 3310 dicis
337 3240 548 3314 lectionibus
575 3242 689 3314 multa
722 3242 870 3314 inventa
904 3269 970 3316 sua
1002 3253 1136 3318 temere
1171 3244 1377 3341 excogitata
1400 3241 1459 3314 iis-

220 3391 300 3463 que,
326 3376 368 3440 ut
393 3368 467 3442 fere
493 3368 545 3458 fit,
571 3369 685 3465 magis
711 3369 935 3444 laetaturae
960 3372 1135 3470 gloriatur
1160 3370 1198 3444 in
1215 3369 1459 3461 annotatione,

220 3519 329 3592 quam
355 3520 447 3592 quaa
473 3496 621 3569 feliciter
647 3521 694 3570 ex
719 3498 818 3572 libris
843 3523 927 3572 mss.
960 3501 1149 3574 restituere
1176 3499 1335 3597 contigit.
1389 3495 1458 3588 Qui

220 3645 301 3694 cum
327 3620 372 3696 de
400 3609 610 3698 coniecturis
637 3625 711 3698 suis
737 3627 924 3724 magnifice
957 3628 1090 3702 sentiat
1121 3637 1159 3703 et
1184 3627 1353 3703 conviciis
1378 3653 1460 3725 pro-

220 3748 360 3826 scindat
387 3751 586 3850 quicunque
613 3753 716 3826 aliter
742 3755 876 3828 sentire
901 3753 1077 3846 audeant,
1105 3757 1305 3856 fungosque
1331 3781 1373 3828 ac
1399 3755 1459 3829 sti·

220 3878 312 3976 pites
348 3881 522 3978 appellet,
558 3879 603 3956 de
639 3906 725 3955 vera
761 3882 983 3981 singulorum
1013 3883 1174 3957 locorum
1210 3882 1461 3958 emendatione

221 4030 269 4078 ex
294 4007 393 4080 libris
420 4034 505 4082 rnss.
533 4008 642 4082 ducta
667 4011 741 4084 fere
768 4012 866 4102 silet,
901 4034 967 4085 nec
993 4011 1113 4109 inique
1140 4013 1278 4085 laturus
1305 4010 1460 4102 videtur,

221 4133 251 4205 si
278 4135 386 4208 etiam
412 4135 501 4210 haec
528 4139 646 4236 operis
672 4163 757 4237 pars
791 4139 904 4237 ipsius
931 4139 1075 4240 ingenio
1102 4138 1338 4214 adscribatur.
1390 4138 1461 4213 Ita·

222 4285 290 4358 que
323 4265 493 4338 vanitatis
529 4277 637 4364 atque
674 4266 954 4365 importunitatis
990 4292 1064 4340 non
1098 4292 1246 4366 prorsus
1282 4267 1460 4340 immerito

220 4387 312 4462 hanc
338 4417 491 4489 poenam
518 4403 730 4467 consecutus
764 4405 835 4486 est,
868 4407 909 4470 ut
935 4421 1016 4468 curn
1051 4395 1242 4493 pleraeque
1273 4395 1349 4470 eius
1376 4419 1459 4468 con·

220 4517 386 4612 iacturae,
414 4545 502 4618 quas
530 4533 748 4620 exposuerat
773 4523 811 4596 in
838 4523 1080 4614 annotatione,
1108 4533 1145 4596 et
1168 4523 1214 4597 ab
1232 4525 1310 4596 aliis
1330 4522 1461 4621 impro-
