3158 5294
478 370 528 420 nn
555 371 681 424 susus
707 371 819 424 saux.
846 372 897 442 rx,
921 370 962 418 ro.
1263 356 1336 428 449

10 611 34 657 ¹:
101 576 174 648 gen
200 575 355 644 amnem,
395 563 433 628 et
464 576 556 650 quae
587 557 683 631 ultra
714 569 849 648 essent,
890 565 1053 633 coactum
1085 558 1337 648 transmittere,

11 763 22 770 .
100 687 176 736 non
201 673 322 738 tamen
348 663 478 755 finisse,
506 666 570 740 sed
589 680 748 744 mutasse
768 669 911 742 bellum.
963 666 1149 741 Indomitis
1170 669 1337 768 gentibus

9 843 20 884 ,ω
45 790 82 838 18
103 797 143 847 se
169 775 339 866 obiectos,
364 786 406 848 ut
432 778 604 875 sanguine
631 805 697 854 suo
725 781 904 879 aperirent
929 777 962 851 ei
983 773 1176 851 Oceanum.
1230 779 1337 854 Trahi

12 955 20 968 ,
101 895 207 960 extra
233 885 353 960 sidera
379 896 415 958 et
441 887 563 979 solem,
590 891 738 988 cogique
757 890 865 982 adire,
891 913 983 986 quae
1002 891 1206 964 mortalium
1227 893 1337 966 oculis

18 987 24 1077 ζ
100 1006 231 1070 natura
263 997 484 1071 subduxerit
537 997 649 1074 Novis
687 1001 883 1076 identidem
919 1001 1027 1073 armis
1063 1026 1178 1075 novos
1217 1003 1339 1076 hostes

101 1107 266 1182 existere.
320 1107 418 1198 Quos
454 1118 496 1182 ut
526 1135 650 1183 omnes
682 1111 836 1186 fundant
866 1112 1076 1208 sugentque,
1112 1111 1209 1208 quod
1240 1138 1340 1210 prae·

100 1219 213 1292 mium
237 1220 342 1318 ipsos¹
361 1219 531 1295 manere?
570 1221 755 1320 caliginem
788 1248 830 1295 ac
861 1225 1028 1297 tenebras
1062 1233 1099 1295 et
1130 1233 1341 1320 perpetuam

8 1423 17 1439 v
100 1340 244 1404 noctem
262 1393 265 1402 .
283 1330 461 1428 profundo
500 1331 728 1406 incubantem
768 1334 874 1425 mari,
917 1333 1094 1430 repletum
1132 1333 1339 1409 immanium
1442 1325 1447 1334 ’

7 1447 21 1530 j
101 1439 289 1514 beluarum
314 1443 482 1542 gregibus
503 1442 644 1534 fretum,
671 1444 868 1518 immobiles
888 1442 1014 1534 undas,
1040 1443 1078 1515 in
1098 1444 1226 1541 quibus
1246 1467 1339 1517 emo·

7 1537 18 1564 ''
100 1551 196 1625 riens
221 1564 351 1628 natura
377 1552 592 1628 defecerit·

6 1747 9 1760 ,
47 1682 82 1729 19
208 1663 287 1738 Rex
311 1691 384 1738 non
411 1689 491 1756 sua,
526 1663 591 1738 sed
622 1664 774 1738 militum
809 1663 1044 1738 sollicitudine
1079 1666 1224 1754 anxius,
1260 1689 1340 1740 con·

101 1773 199 1848 tione
224 1773 417 1867 advocata,
443 1774 566 1866 docet,
598 1775 758 1848 imbelles
785 1799 879 1865 esse,
907 1799 996 1872 quos
1022 1785 1194 1850 metuant
1246 1773 1342 1848 Nihil

6 1891 13 1904 '
102 1882 230 1958 deinde
257 1896 400 1982 praeter
424 1887 490 1959 has
516 1895 642 1984 gentes
669 1886 824 1974 obstare,
851 1885 1039 1982 quominus
1062 1896 1238 1959 terrarum
1261 1910 1340 1982 spa-

5 1989 13 2016 ²
101 1995 153 2068 tia
183 1997 317 2070 emensi
349 1994 397 2069 ad
428 1997 537 2070 finem
569 1997 674 2070 simul
704 1993 828 2068 mundi
860 1996 1093 2094 laborumque
1119 1996 1339 2094 perveniant.

6 2197 7 2204 ἵ
48 2124 83 2172 20
104 2103 263 2180 Cessisse
288 2109 362 2180 illis
374 2107 617 2181 metuentibus
637 2103 787 2204 Gangen
807 2117 844 2180 et
862 2107 1126 2181 multitudinem
1143 2107 1339 2198 nationum,

5 2205 14 2314 l
104 2241 195 2313 quae
214 2218 310 2291 ultra
328 2243 469 2292 amnem
488 2227 627 2292 essent:
655 2217 851 2291 declinasse
869 2219 938 2292 iter
959 2244 1012 2310 eo,
1039 2219 1101 2293 ubi
1126 2243 1193 2317 par
1218 2218 1341 2316 gloria,

50 2346 83 2393 21
103 2328 219 2401 minus
253 2329 448 2427 periculum
476 2340 580 2405 esset.
632 2329 709 2404 lam
740 2330 944 2427 prospicere
970 2356 1010 2404 ae
1036 2325 1235 2422 Oceanum,
1270 2330 1342 2402 iam

4 2435 7 2466 ³
103 2439 254 2537 perflare
280 2440 328 2514 ad
353 2441 449 2538 ipsos
476 2465 600 2515 auram
626 2439 752 2513 maris:
790 2465 835 2514 ne
867 2440 1070 2515 inviderent
1095 2442 1162 2516 sibi
1187 2440 1341 2532 laudern,

4 2545 7 2576 l
104 2575 212 2646 quam
251 2559 399 2649 peteret.
451 2549 615 2626 Herculis
647 2561 685 2625 et
715 2549 834 2624 Liberi
865 2550 984 2625 Patris
1021 2552 1193 2626 terminos
1226 2562 1340 2626 trans·

2 2645 7 2674 l

3 2681 5 2740 2
101 2661 226 2754 ituros,
252 2662 331 2736 illos
351 2663 427 2760 regi
454 2687 529 2754 suo,
555 2687 669 2760 parvo
689 2661 878 2759 impendio,
905 2663 1208 2735 immortalitatem
1227 2664 1343 2735 famae

3 2765 7 2800 ²
104 2771 262 2847 daturos.
315 2771 529 2848 Paterentur
555 2798 594 2846 se
619 2797 668 2847 ex
692 2770 796 2844 India
821 2771 949 2862 redire,
974 2795 1047 2846 non
1073 2773 1206 2869 fugere.

3 2868 5 2908 :
53 2900 85 2948 22
207 2878 333 2957 Omnis
359 2882 568 2976 multitudo,
589 2893 641 2958 .et
665 2881 821 2955 maxime
846 2882 1025 2973 militaris,
1060 2881 1182 2954 mobili
1207 2883 1393 2980 impetull

105 3107 709 3234 bttbtttl‘ttttttttlt
738 3108 915 3247 &libid
928 3105 1218 3247 ‚lllidliiulwllll
1236 3105 1345 3247 “tlt

106 3243 230 3299 Glareani
257 3246 434 3301 coniecturam
460 3257 576 3312 coactum
597 3265 646 3318 pro
668 3245 707 3300 le·
743 3254 864 3300 auctores
890 3244 1010 3300 dixerit?
1044 3244 1088 3297 De
1113 3261 1160 3298 ver
1221 3245 1345 3298 ἱησιιόανι

105 3312 194 3368 ctione
222 3314 338 3368 omnium
365 3315 441 3370 codd.
470 3325 571 3370 coactos
600 3322 708 3370 auctore
742 3313 962 3368 recteadmonuit
970 3311 1105 3367 Acidaliae
1114 3311 1261 3386 Vergiliani
1274 3311 1344 3365 illius

104 3380 707 3455 Freinshemiorecepimusmimirumuttrma-
742 3400 758 3436 e
774 3382 859 3455 primo
876 3384 943 3436 Aen.
962 3400 1000 3454 vs.
1012 3387 1043 3436 93
1063 3393 1217 3451 pontonos
1240 3382 1344 3434 incubat

105 3452 204 3504 minere
218 3450 384 3523 intelligatur
398 3455 521 3520 omittere,
541 3453 613 3508 cuius
626 3451 707 3523 signi·
743 3462 811 3506 atra.
857 3449 982 3505 Ceterum
1033 3459 1139 3518 erpceuc
1171 3461 1243 3504 nocte
1268 3448 1343 3502 Leid.

106 3517 233 3574 licationis
251 3520 315 3573 satis
333 3521 418 3574 multa
431 3521 568 3575 elidonea
584 3519 706 3601 exempla
740 3525 843 3575 Voss.l
863 3520 944 3574 Bern.
958 3521 985 3573 A
1026 3519 1088 3570 all
1115 3517 1187 3573 Flor.
1202 3517 1252 3572 ΑΒ
1269 3533 1344 3570 meu-

108 3584 183 3640 huius
206 3593 235 3640 et
256 3587 419 3658 insequentis
440 3589 535 3644 aetatis
557 3588 586 3643 in
614 3588 706 3644 lemeis
741 3589 805 3644 dosa
833 3587 932 3642 omissa
958 3606 984 3641 m
1009 3585 1096 3651 litera,
1122 3605 1185 3640 mox
1212 3587 1345 3656 egregium

107 3662 209 3707 extant.
243 3653 314 3707 Nam
336 3655 388 3708 alia
404 3657 509 3736 quidem
525 3657 628 3712 ratione
646 3673 706 3711 sen·
740 3675 790 3726 pro
808 3655 1031 3726 yreqibusPul.1
1051 3653 1195 3708 moeno.

108 3721 193 3774 anua
211 3721 331 3792 expediri
347 3732 450 3794 nequa.
523 3795 528 3805 ,
650 3791 656 3804 ,
777 3745 800 3809 5.
816 3748 857 3796 19.
892 3741 984 3794 mundi
1005 3739 1183 3808 laeuamque]
1219 3738 1300 3792 Bam.
1318 3737 1345 3790 A

137 3792 164 3868 5·
182 3795 223 3844 ¹⁸·
264 3801 362 3844 “ssim
387 3793 564 3871 fulmini,
590 3791 707 3846 eomun-
741 3810 846 3862 Vossl
866 3808 938 3861 Flor.
955 3806 1004 3860 AG
1027 3808 1203 3877 laboremque,
1229 3805 1344 3859 Flor.B

108 3865 206 3938 eumn}
223 3857 330 3912 m0d1¹m
342 3867 415 3938 mim,
428 3867 597 3930 &mmmm
614 3869 707 3930 Pffllu·
743 3879 869 3942 laborem,
892 3875 1018 3929 mendosa
1035 3874 1143 3928 confusa
1159 3873 1345 3928 terminatione

106 3925 166 4007 lan,
193 3928 305 4007 naqa
329 3943 417 4006 renen
442 3926 706 4007 velresnsenfflus
744 3963 800 3999 -am
817 3952 846 3998 a
864 3961 924 3997 sm.
958 3942 1033 3996 nna.
1052 3943 1206 4012 samaa.

106 3994 180 4052 hbffl
197 4013 258 4049 Μ’·
277 4014 304 4048 ¹¹¹
327 3996 421 4066 ΨΜ
444 3995 585 4049 umbem
608 3997 705 4050 ⁸¹¹de
779 4033 803 4096 s.
822 4036 863 4083 21.
908 4028 1066 4082 transituros
1098 4027 1169 4097 illos]
1214 4025 1259 4080 Sic
1285 4043 1345 4078 mss.

107 4075 191 4143 mal·
229 4064 263 4116 N
261 4082 316 4118 Μ
343 4081 425 4117 “mm
451 4081 567 4134 mmmm
593 4063 705 4136 ‘xpm’
744 4113 843 4164 omnes,
862 4113 916 4168 qua
933 4095 1047 4149 lectione
1064 4095 1168 4148 deserta
1182 4093 1346 4148 curModins

108 4149 167 4186 cum
181 4131 235 4272 qai
253 4149 357 4213 reaper
374 4131 623 4213 assumunt·
744 4165 858 4219 maest
882 4166 1041 4229 transituro,
1064 4163 1214 4228 asuarius,
1240 4161 1347 4214 Freins-

109 4204 273 4323 mqoffl
299 4201 463 4322 'wlff'
489 4203 582 4322 'gfff
611 4201 709 4254 Em
743 4235 854 4300 hemia,
873 4231 999 4286 usnam
1016 4229 1346 4296 vulneratorum,

276 4287 366 4324 vocem
452 4287 482 4322 us
511 4277 600 4336 eevrt,
619 4287 710 4340 quam-

110 4335 148 4390 vis
165 4338 193 4390 in
211 4338 332 4394 omuibus
350 4355 410 4392 mss.
429 4344 513 4404 esset,
540 4337 660 4390 acumine
682 4337 709 4390 in

110 4403 250 4460 odorandis
277 4406 382 4461 scholiis
410 4407 515 4459 abusus.
559 4405 631 4459 Nam
658 4405 709 4458 etsi

111 4478 206 4544 poetae
223 4475 389 4544 profundum
410 4491 491 4548 saepe
513 4492 562 4546 pro
585 4473 652 4526 mari
669 4473 709 4526 di·
779 4473 844 4545 Cap.
857 4480 899 4540 17,
909 4475 933 4542 ξ.
943 4477 985 4524 22.
1016 4469 1105 4522 mot-ili
1121 4470 1215 4536 impetn
1228 4465 1347 4532 efferta]

1156 4556 1189 4603 29

745 4303 816 4374 quod
834 4319 893 4357 cum
910 4315 1068 4371 praegresso
1086 4308 1186 4378 peteret
1204 4296 1348 4365 coniunga-

745 4379 803 4438 tur,
827 4387 936 4442 prorcus
954 4384 997 4421 me
1015 4385 1067 4420 non
1084 4365 1234 4435 mtelbgcre
1251 4363 1347 4416 fatcor.
