3270 5290
560 301 610 352 nn
637 299 763 355 enarra
789 303 899 360 anun
927 305 962 374 v,
990 302 1014 350 c.
1363 289 1434 359 173

197 486 328 560 liurum
369 486 465 560 vices
503 501 587 565 ante
628 488 778 562 cubiculi
815 490 910 564 fores
952 499 1114 563 servant:
1155 514 1437 589 magnorumque

195 599 461 696 praefectorum
487 613 524 677 et
550 604 681 679 ducum
706 604 795 676 baec
820 602 1039 676 incrementa
1052 611 1136 673 sunt
1162 612 1199 674 et
1223 600 1435 676 rudimenta.

141 727 178 778 aa
301 709 415 809 Igitur
446 739 513 790 rex
548 718 620 790 arci
645 714 865 815 Babyloniae
890 712 1082 812 Agathone
1108 710 1312 812 praesidere
1337 715 1435 787 iusso

196 847 280 896 cum
292 843 367 895 nco
393 821 631 903 Macedonum
656 827 896 924 trecentisque
913 825 1086 902 ,mercede
1113 825 1308 917 conductis,
1335 851 1434 924 prae·

196 945 306 1026 turea,
333 936 393 1032 qui
418 939 556 1036 regioni
580 938 803 1039 Babyloniae
829 963 871 1011 ac
898 935 1039 1011 Ciliciae
1065 951 1289 1036 praeessent,
1316 936 1434 1012 Mene-

194 1057 270 1120 tem
297 1057 334 1122 ct
358 1044 621 1145 Apollodorum
647 1051 822 1149 relinquit.
874 1048 957 1124 Duo
983 1048 1080 1122 milia
1105 1050 1147 1124 iis
1174 1051 1326 1126 militum
1353 1076 1434 1124 cum

193 1158 295 1232 mille
317 1160 461 1234 talentis
490 1161 593 1236 data:
621 1163 762 1261 utrique
788 1173 1029 1261 praeceptum,
1041 1163 1133 1235 utin
1146 1164 1433 1262 supplementum

140 1288 175 1336 44
192 1270 323 1344 milites
350 1272 520 1372 legerent.
563 1275 750 1350 Mazaeum
775 1276 997 1372 transfugam
1023 1284 1190 1374 satrapea
1214 1273 1434 1376 Babyloniae

195 1379 326 1474 donat,
351 1382 625 1485 Bagophanem,
652 1388 712 1485 qui
739 1411 858 1458 arcem
883 1385 1097 1478 tradiderat,
1124 1413 1162 1462 se
1189 1389 1290 1488 sequi
1315 1389 1434 1478 iussit3

139 1511 175 1558 4⁵
193 1491 367 1568 Armenia
391 1494 560 1572 Mithreni
587 1497 754 1574 Sardium
778 1497 954 1596 proditori
981 1498 1066 1572 data
1092 1511 1156 1572 est
1200 1498 1259 1572 Ex
1284 1500 1435 1599 pecmria

195 1603 325 1680 deinde
365 1605 586 1708 Babyloniae
623 1613 758 1686 tradita
793 1607 1030 1684 Macedonum
1071 1613 1249 1710 equitibus
1290 1611 1436 1688 sexceni

196 1816 313 1871 omnium
329 1817 477 1888 lectionem,
497 1822 615 1892 quamvis
632 1822 717 1876 minus
735 1829 799 1893 apta
834 1823 897 1874 duta
924 1839 980 1874 cum
1006 1823 1053 1874 mil
1075 1823 1120 1874 tal.
1156 1821 1210 1875 Sed
1228 1822 1311 1875 dandi
1329 1820 1434 1890 quidem

194 1885 317 1940 videatur
339 1887 462 1958 quoniam
491 1893 634 1960 praecedat
660 1889 798 1961 singularis
832 1890 942 1943 verbum
959 1888 986 1942 in
1004 1888 1124 1944 omnibus
1141 1890 1216 1943 codd.
1229 1889 1350 1942 ultimum
1359 1895 1435 1940 tenet

193 1972 318 2010 numerus
341 1957 419 2028 regis.
462 1958 644 2014 Veruntamen
671 1959 798 2014 transitus
831 1957 928 2024 locum,
942 1960 1060 2027 peditum
1077 1959 1105 2011 in
1122 1958 1194 2012 nullo
1211 1957 1434 2012 estnisiinVoes.

194 2024 229 2076 ad
246 2024 375 2094 pluralem
397 2045 450 2079 non
468 2027 550 2082 habet
566 2044 727 2100 magnopere
745 2045 798 2098 quo
832 2025 1071 2097 2pessimolib1o.
1105 2027 1201 2100 Itaque
1226 2025 1358 2098 inpriore
1379 2023 1434 2077 edi-

193 2091 320 2161 offendat,
339 2112 398 2148 cum
414 2093 481 2149 illud
495 2096 646 2152 institutum
654 2113 798 2168 pueromm
832 2093 905 2147 tione
922 2093 1029 2165 reliquis
1053 2113 1106 2150 non
1123 2095 1232 2150 mutatis
1249 2095 1374 2149 dederam
1391 2095 1432 2146 bis

192 2161 249 2231 regi
271 2161 476 2218 mmuanuum
498 2167 635 2238 antiquum
657 2165 737 2222 fuisse
758 2164 798 2218 ri-
832 2166 883 2217 duo
909 2165 984 2217 milia
1006 2164 1116 2218 militum
1140 2183 1197 2218 cum
1230 2165 1301 2218 mille
1327 2164 1432 2216 talentis

192 2227 289 2284 deutur*
302 2249 352 2286 nee
369 2251 385 2286 a
404 2231 460 2287 solo
477 2242 525 2287 aut
541 2236 627 2306 primo
646 2235 797 2289 Alexandro
832 2234 886 2285 dat.
903 2232 983 2286 Nune
1002 2235 1053 2287 duo
1070 2236 1145 2287 milia
1162 2236 1197 2287 iia
1210 2235 1320 2286 militum
1335 2230 1433 2298 scribo,

190 2307 355 2370 usurpatum.
364 2301 453 2372 Vulgo
463 2303 563 2358 ineunti
571 2312 599 2358 et
608 2313 797 2385 summaeque.
830 2300 893 2371 quia
911 2302 1095 2382 praepositum
1118 2305 1160 2356 lia
1186 2302 1214 2356 iu
1239 2319 1292 2356 uno
1318 2301 1395 2356 Voss.
1420 2309 1431 2352 l

226 2371 249 2436 §-
276 2375 318 2423 43.
354 2371 437 2439 ἐρίων
466 2389 512 2424 rea
538 2375 597 2427 arci
621 2375 795 2442 Babyloniae]
830 2369 971 2436 invenitur,
988 2370 1082 2444 reliqui
1099 2372 1155 2425 fere
1173 2375 1224 2426 dno
1242 2372 1316 2424 milia
1336 2375 1394 2440 (aut
1411 2383 1434 2421 11

190 2437 281 2507 Vulgo
299 2440 334 2508 iq.
353 2442 412 2492 arci
428 2439 496 2492 Bab.
515 2459 574 2508 rea,
598 2442 687 2495 sedin
705 2441 797 2496 ordine
902 2444 928 2491 Ω

191 2507 333 2560 verborum
350 2515 473 2562 muetant
490 2508 539 2563 sibi
557 2528 646 2564 ornnes
663 2529 723 2564 mss.
743 2510 796 2564 Pro
830 2516 878 2562 aut
899 2523 922 2560 11
945 2517 992 2562 ant
1009 2508 1185 2580 negligentius
1202 2523 1241 2577 11,
1279 2524 1330 2561 uae
1347 2506 1434 2561 omnia

191 2576 355 2644 Babyloniae
372 2576 400 2630 in
418 2576 497 2630 Bern.
516 2578 542 2631 A
559 2579 629 2633 Flor.
648 2581 698 2632 AB
721 2578 795 2632 Leid.
830 2577 922 2630 eodem
948 2579 1071 2645 redeunt)
1095 2579 1229 2644 similiter,
1256 2527 1336 2632 iiern.
1361 2579 1388 2629 A
1410 2590 1434 2628 11

191 2643 268 2698 Voss
289 2653 300 2696 l
326 2653 371 2698 est·
385 2646 527 2714 Rebilum,
552 2657 609 2701 tum
626 2667 677 2720 pro
688 2648 796 2717 praeci·
830 2647 973 2710 similatum,
990 2646 1098 2700 Flor.A
1115 2661 1138 2698 11
1155 2649 1180 2700 ia
1198 2648 1305 2699 militum
1323 2646 1432 2711 habent,

192 2715 253 2766 dere
270 2711 297 2765 iu
308 2713 424 2767 Bern.A
442 2713 513 2769 Flor.
523 2717 572 2769 AB
608 2719 712 2770 roeside
729 2733 795 2782 esee,
829 2731 897 2766 unus
920 2713 994 2768 Leid.
1021 2723 1103 2769 norat
1124 2729 1148 2767 11
1171 2715 1281 2767 militum
1304 2716 1354 2767 llis.
1389 2713 1433 2766 Ex

191 2780 219 2834 in
236 2781 316 2836 Bern.
330 2783 355 2835 B
373 2781 444 2837 Flor.
454 2782 571 2838 DBFHl
585 2735 666 2838 Voss.
685 2793 699 2838 2
714 2801 796 2854 prae·
829 2799 861 2836 eo
878 2791 990 2852 apparet
1007 2785 1042 2837 iis
1059 2799 1116 2836 ease
1131 2783 1331 2836 restituendum.
1343 2782 1446 2860 'Acce--

191 2852 274 2904 sidem
292 2869 360 2918 asae,
379 2851 450 2906 Flor.
469 2852 660 2923 Cproeeidere
679 2871 749 2919 ease,
768 2851 796 2904 in
829 2849 870 2903 dit
887 2869 984 2904 novum
1002 2850 1108 2922 aliquid.
1135 2851 1241 2904 Modius
1258 2850 1364 2920 scripsit
1381 2853 1432 2902 duo

191 2936 246 2972 nno
263 2917 288 2972 G
300 2923 457 2989 praesidere
478 2929 551 2976 recte
568 2921 673 2992 legitur.
709 2920 795 2989 (Leid.
829 2921 871 2971 tia
880 2921 963 2972 millia
971 2921 1090 2989 peditum
1100 2937 1157 2972 cum
1166 2921 1236 2972 mille
1245 2920 1347 2970 talentis
1355 2919 1431 2987 jdutn.

191 2986 268 3041 Voss.
289 2995 301 3040 1
322 2987 454 3055 silentur.)
829 2986 873 3040 De
890 2987 981 3041 ordine
997 2988 1138 3041 verborum
1154 2987 1207 3040 iam
1224 3003 1277 3038 non
1295 3003 1367 3052 curo,
1385 2987 1431 3038 sed

227 3057 329 3126 reqioni
350 3057 393 3111 Bu
427 3060 512 3114 ioniae
537 3077 570 3112 nc
591 3059 713 3130 Ciliciae]
749 3057 795 3112 Sic
830 3059 893 3110 datu
911 3055 1048 3126 perepicuo
1065 3063 1106 3109 est
1123 3055 1151 3109 in
1160 3056 1231 3108 Flor.
1244 3053 1328 3108 Ghoc
1341 3053 1431 3107 modo:

193 3124 310 3192 codices,
329 3144 382 3180 uon
432 3143 470 3195 rc,
487 3129 573 3182 iateor
590 3127 712 3199 quoniam
730 3127 795 3180 Dio-
831 3127 857 3176 Ω
1134 3129 1160 3177 n

192 3195 249 3248 dor.
275 3209 357 3261 xvir,
382 3201 414 3250 tt
440 3195 468 3250 iu
495 3195 590 3250 ceteris
616 3215 675 3251 cum
701 3195 795 3250 Curtio
829 3207 853 3246 11
870 3195 911 3248 tis
928 3195 1039 3248 militum
1057 3212 1115 3248 cum
1132 3209 1153 3246 x
1171 3196 1276 3250 talentis
1303 3195 1380 3261 data,
1404 3202 1432 3248 et

192 3263 358 3319 consentiens
388 3271 438 3330 τῆς
468 3287 499 3319 τε
527 3263 714 3332 Βαβυλωνίας
749 3270 796 3317 καὶ
829 3262 922 3317 sinon
939 3271 1017 3330 esset,
1036 3271 1125 3317 tamen
1138 3272 1260 3334 putarem
1271 3281 1331 3317 cum
1341 3263 1432 3318 Modio

191 3332 794 3474 :tlttttttlttitttitltttltt
828 3331 1174 3472 tibilim?
1187 3331 1432 3472 ttttttltttl

190 3470 357 3525 librariorum
383 3488 464 3525 anor.
509 3472 590 3526 Certe
620 3491 653 3526 uc
685 3422 794 3538 cidituti,
863 3475 887 3538 §.
904 3478 945 3524 44.
981 3480 1105 3541 satrapen
1129 3419 1209 3524 etiim
1235 3471 1261 3524 lr.
1285 3471 1302 3524 l.
1329 3470 1379 3523 scri
1401 3470 1431 3536 si,

193 3539 265 3610 quod
287 3539 367 3609 vulgo
391 3556 424 3593 ex
449 3541 580 3594 emendat.
602 3541 672 3594 Iunii
698 3539 794 3595 substi·
828 3539 896 3594 sicut
916 3538 984 3592 infra
1006 3557 1028 3592 c.
1054 3547 1068 3594 a
1093 3547 1122 3592 et
1143 3554 1200 3606 vu,
1225 3547 1240 3592 5
1262 3539 1315 3592 iam
1333 3539 1369 3592 du
1388 3559 1432 3592 um

191 3615 290 3674 tuoni,
308 3625 392 3679 aeque
410 3607 528 3680 ineptum
546 3616 595 3674 ast,
614 3627 674 3662 nam
693 3608 794 3663 civitati
829 3607 960 3662 scribitur.
984 3611 1053 3660 Item
1071 3608 1108 3661 sic
1127 3609 1227 3662 habent
1244 3609 1303 3661 edd.
1341 3608 1431 3674 rimae,

192 3676 299 3747 quidem
315 3685 439 3747 praeerat
456 3686 564 3748 satrapa
581 3678 712 3732 Mazaeus.
735 3679 794 3731 Me-
829 3677 913 3731 donec
932 3674 1022 3729 lunius
1040 3679 1161 3745 satrapis
1181 3676 1255 3730 dedit
1272 3625 1432 3748 Mediusque

190 3755 273 3799 netem
290 3745 401 3813 retinui,
428 3764 587 3818 quamquam
606 3748 682 3801 codd.
701 3747 795 3800 Mane·
827 3744 945 3799 retinuit.
971 3742 1055 3798 codd.
1074 3761 1163 3798 omnes
1181 3756 1306 3814 satrapae
1324 3755 1371 3799 aut
1388 3763 1432 3799 aa·

191 3824 244 3867 tam
262 3822 309 3868 aut
326 3815 480 3869 Meneclem
505 3823 552 3869 aut
570 3815 641 3868 Flor.
660 3814 685 3869 G
702 3817 794 3868 Mene·
828 3824 910 3883 tropa.

191 3893 244 3935 tuen
261 3883 374 3951 babent,
399 3901 461 3937 nam
484 3885 563 3938 homo
581 3901 597 3938 a
615 3882 732 3938 Dicdum
748 3902 795 3938 vo·
863 3889 888 3950 S.
906 3889 948 3937 45.
965 3884 1129 3952 Babyloniae
1146 3885 1245 3936 tradita
1256 3883 1430 3938 Macedonum

191 3959 269 4005 catur
277 3953 378 4016 Mirus.
389 3951 492 4007 Deinde
503 3955 662 4023 Apollodoro
671 3954 794 4006 mendose
828 3953 955 4020 equitibus
973 3955 1034 4020 oet]
1072 3951 1171 4006 Omnes
1190 3953 1266 4005 codd.
1284 3959 1312 4005 et
1331 3955 1430 4008 tradita

190 4019 272 4075 Beru.
289 4021 315 4074 A
333 4020 403 4074 Flor.
422 4023 448 4076 A
471 4023 548 4076 Voss.
572 4029 604 4088 1,
632 4023 793 4102 Apollodoro
828 4021 942 4085 habent,
960 4021 1030 4092 quod
1047 4021 1128 4090 vulgo
1145 4019 1295 4087 omittitur,
1323 4027 1350 4075 et
1368 4023 1431 4074 Ma-

190 4087 265 4144 Leid.
300 4091 436 4160 Relinquit
466 4091 578 4162 denique
610 4089 703 4160 optimi
733 4088 794 4142 libri
829 4092 969 4157 cadonum,
991 4107 1039 4161 pro
1056 4106 1109 4160 quo
1126 4089 1215 4143 editur
1232 4090 1430 4144 lineationibus.

189 4157 271 4212 Beria
289 4163 314 4211 A
329 4158 403 4212 iiior.
423 4159 471 4213 AB
489 4159 563 4212 Leid.
581 4158 657 4213 Voss.
670 4167 693 4225 l,
713 4157 795 4211 ceteri
828 4157 882 4212 Sed
908 4158 1002 4212 ultima
1033 4159 1158 4212 mendosa
1184 4167 1253 4212 sunt.
1297 4158 1431 4228 Vulgatur

190 4235 220 4281 et
236 4227 358 4298 vulgares
375 4227 503 4282 editiones
521 4229 639 4298 reliquit,
658 4227 729 4298 quod
746 4226 794 4279 mi·
828 4229 935 4282 ducenis
953 4229 1118 4308 pedestrium
1139 4229 1296 4297 stipendium
1314 4217 1436 4282 mensum*

190 4313 240 4349 nus
258 4295 381 4350 convenit
396 4295 516 4367 sequenti
530 4296 643 4367 tempori
652 4294 793 4366 praesenti.
828 4307 875 4362 eat,
894 4297 940 4350 sed
952 4315 980 4350 m
992 4295 1122 4367 plerisque
1137 4296 1257 4350 omnibus
1269 4295 1342 4351 libris
1356 4297 1431 4350 mstis

226 4367 276 4418 cluo
299 4367 374 4418 milia
397 4367 432 4420 iis
454 4369 565 4420 militum
588 4384 645 4420 cum
667 4367 737 4419 mille
755 4374 794 4418 ta·
829 4375 867 4418 eet
878 4365 1025 4432 omittitur,
1044 4364 1071 4418 iu
1090 4363 1221 4418 nonnullis
1244 4367 1370 4420 mensium
1393 4366 1430 4417 le-

192 4433 268 4488 leutia
291 4436 365 4501 data]
401 4433 491 4505 Vulgo
518 4436 559 4490 iia
586 4437 610 4490 d.
628 4453 662 4488 m.
676 4436 794 4504 peditum
828 4432 915 4506 gitur,
944 4453 1022 4506 porro
1051 4435 1145 4488 ducern'
1171 4441 1212 4488 est
1233 4432 1260 4486 in
1281 4433 1352 4487 Flor.
1377 4433 1428 4486 AD
