3268 5286
529 375 579 426 na
605 373 730 426 casus
755 372 863 425 euax.
889 373 940 442 vr,
965 370 1009 424 aa.
1324 353 1396 426 265

109 579 145 628 ea
267 557 418 633 Postero
453 543 511 634 die
545 584 611 633 rex
641 556 769 650 edixit,
802 582 926 633 omnes
958 559 1086 632 armati
1118 559 1263 632 coirent.
1325 556 1446 639 Sexea

164 672 261 744 milia
286 671 360 745 fere
386 671 538 744 militum
562 680 752 760 venerant3
784 678 971 769 praeterea
996 670 1104 743 turba
1127 670 1282 743 lixarum
1308 672 1399 744 calo·

113 802 147 850 aa
164 807 320 879 numque
360 782 597 881 impleverant
635 781 780 879 regiam.
846 779 1026 854 Philotam
1059 781 1224 879 armigeri
1258 784 1397 881 agmine

165 918 232 967 suo
259 895 445 990 tegebant,
480 918 526 968 ne
552 903 636 968 ante
662 892 818 990 conspici
843 901 966 990 posset
992 917 1014 964 a
1040 892 1164 990 vulgo,
1200 918 1307 989 quam
1332 920 1397 967 rex

115 1023 148 1072 25
167 1005 344 1079 allocutus
375 1006 504 1080 milites
540 1014 644 1080 esset.
695 999 751 1075 De
783 1001 993 1100 capitalibus
1019 1004 1127 1076 rebus
1152 1013 1297 1078 vetusto
1323 1004 1396 1078 Ma-

166 1116 343 1190 cedonum
373 1115 481 1192 modo
515 1115 717 1215 inquirebat
748 1113 942 1202 exercitus,
974 1115 1011 1187 in
1045 1139 1133 1212 pace
1168 1127 1245 1189 erat
1279 1118 1395 1215 vulgi;

166 1239 204 1302 et
229 1228 317 1302 nihil
341 1239 501 1326 potestas
527 1252 653 1326 rogum
678 1225 837 1313 valebat,
863 1225 931 1297 nisi
956 1226 1055 1325 prius
1082 1228 1257 1301 valuisset
1278 1240 1398 1302 aucto-

165 1339 263 1413 ritas.
325 1338 439 1436 Igitur
470 1339 590 1414 Dimni
623 1339 778 1438 primum
811 1335 966 1411 cadaver
1005 1337 1170 1428 infertur,
1211 1341 1399 1437 plerisque,

116 1469 159 1517 rx.
167 1450 252 1548 quid
283 1459 462 1550 parasset,
493 1477 610 1549 quove
644 1473 730 1524 casu
762 1449 941 1536 exdncbrs
977 1457 1086 1539 essct,
1118 1449 1260 1546 ignaris.
1320 1449 1401 1526 Rex

167 1559 296 1637 deinde
331 1563 369 1635 in
406 1563 610 1636 contionem
645 1558 822 1660 procedit,
861 1561 964 1634 vultu
998 1560 1200 1658 praeferens
1241 1561 1400 1635 dolorem

168 1673 286 1746 animi.
351 1673 558 1747 Amicorum
592 1697 733 1770 quoque
767 1671 945 1744 maestitia
980 1673 1264 1770 expectationem
1304 1672 1401 1746 haud

134 1803 318 1882 sparvam
343 1786 395 1859 rei
420 1785 562 1859 lecerat
614 1782 686 1857 Diu
720 1807 787 1856 rex
818 1781 973 1855 demisso
997 1783 1035 1854 in
1060 1792 1194 1855 terram
1220 1784 1324 1857 vultu
1350 1793 1401 1856 at

169 1897 284 1969 tonito
316 1896 543 1994 stupentique
575 1895 697 1970 similis
729 1895 837 1967 stetit.
899 1892 1060 1966 Tandem
1093 1905 1237 1992 recepto
1270 1895 1399 1986 auimo,

168 2005 887 2105 Paem‚inq1nqmileer,reniaameeere
912 2003 1002 2078 vobis
1026 2017 1155 2102 ereptas
1180 2031 1275 2079 eum.-
1300 2005 1400 2078 deum

161 2119 375 2219 provideram
400 2132 430 2193 et
454 2117 682 2193 micericmdrir
715 2116 799 2190 civo.
855 2112 1116 2217 Conspectusque
1146 2117 1248 2192 umbe
1270 2141 1402 2192 eccae

169 2231 244 2306 bilis
270 2230 379 2333 coepe
403 2243 441 2304 ut
463 2229 681 2306 celemert'ue
699 2224 888 2328 pcrrrcidtir
913 2227 1089 2320 irascerer,
1126 2229 1283 2330 quoniam
1302 2251 1403 2328 prae·

173 2442 196 2488 1.
227 2434 364 2488 Eleorum
385 2441 475 2487 autem
497 2449 551 2486 non
567 2431 706 2498 hicelam,
725 2430 770 2484 sed
806 2446 962 2502 quamquam
1019 2449 1033 2484 r
1063 2447 1091 2485 se
1117 2448 1170 2484 non
1196 2429 1404 2501 improbandum,

172 2519 262 2557 omnes
289 2503 408 2572 (praeter
423 2500 494 2555 Flcr.
513 2499 540 2554 H
561 2500 641 2554 Bern.
659 2499 696 2569 B)
722 2517 771 2570 pro
805 2498 955 2553 coniectura
995 2498 1049 2552 unii
1075 2518 1091 2554 a
1116 2499 1208 2553 Modic
1230 2499 1341 2570 probata
1357 2515 1404 2551 ne-

171 2571 244 2640 vulg.
262 2573 372 2626 loeamm
389 2569 522 2624 exhibent.
805 2575 863 2622 tum
879 2567 993 2634 videtur,
1011 2575 1083 2624 certe
1100 2576 1235 2640 comperet
1250 2567 1364 2639 primum
1377 2566 1405 2620 in

208 2641 248 2694 Ca
267 2679 274 2692 .
291 2646 339 2708 ³2,
357 2643 380 2709 §-
398 2646 440 2694 23.
475 2640 642 2707 inpleverant
659 2637 770 2706 reptem]
806 2635 923 2690 editione
939 2635 1058 2690 Iuniana.

172 2657 306 2762 Pluralem
341 2707 414 2763 verbi
445 2723 581 2760 numerum
614 2705 773 2784 pendentem
829 2707 864 2784 ᾗ.
884 2712 916 2784 1.,
943 2715 1038 2774 expect.
1054 2706 1133 2785 ‘baad
1150 2723 1262 2785 pervum
1279 2707 1326 2758 rei.
1334 2705 1404 2775 see]

174 2794 209 2831 ex
226 2775 331 2830 nomine
356 2778 432 2830 turbo
455 2775 553 2842 miror,
579 2792 640 2828 nam
657 2791 694 2826 erc
710 2771 773 2826 alibi
807 2772 853 2826 Sic
877 2789 989 2843 primum
1019 2773 1083 2826 edrt.
1108 2773 1234 2826 Modiana
1264 2773 1405 2826 secundum

174 2863 229 2900 uon
245 2844 314 2900 solet
331 2843 448 2899 Curtius.
465 2842 541 2897 Nihil
557 2851 645 2898 tamen
663 2857 679 2894 c
696 2839 773 2895 codd.
808 2859 890 2894 unum
913 2841 970 2896 cod.
987 2841 1058 2894 Flor.
1077 2839 1102 2894 G
1121 2847 1160 2907 (ct
1176 2839 1233 2894 Pal.
1252 2849 1266 2895 3
1286 2839 1406 2908 Gruteri)

174 2931 225 2968 nec
245 2918 341 2968 noetus
366 2911 547 2967 nec·aliorum
569 2918 705 2966 enotatum
723 2916 773 2974 est,
809 2927 868 2963 eum
885 2917 964 2964 antea
980 2909 1167 2979 relegeretur,
1206 2909 1260 2962 uod
1283 2908 1311 2961 in
1329 2907 1406 2961 codd.

174 2981 303 3038 absimile
323 2981 423 3052 aliquid
444 2988 486 3034 est
502 2995 546 3048 ιν,
565 2985 598 3032 55
616 2979 774 3049 l'artbyeeo·
809 2977 915 3047 optimis
936 2985 986 3030 eet.
1021 2976 1173 3030 Deteriores
1284 2977 1351 3029 erim
1359 2977 1407 3045 fe·

175 3069 233 3105 rum
248 3069 324 3120 year,
341 3051 505 3105 incoleretur
523 3059 608 3102 tarrae
626 3065 692 3117 quea
705 3063 775 3100 carc
809 3056 1033 3168 &rumperem
1064 3043 1129 3098 nihil
1158 3043 1236 3098 eliud
1285 3042 1407 3097 coniecit

174 3121 271 3174 Partes
288 3129 381 3186 terreat,
399 3119 555 3174 claudebant
573 3133 675 3186 apraen.
808 3113 870 3168 Frai

211 3193 235 3255 s.
253 3193 294 3242 25.
330 3191 361 3242 de
379 3205 409 3242 ca
429 3188 534 3240 tectibus
552 3187 628 3240 rebar
646 3217 682 3226 -
701 3199 775 3236 erer-
862 3181 942 3249 dum,
963 3182 1043 3254 idque
1082 3180 1150 3236 riore
1167 3180 1232 3234 edit
1248 3195 1407 3250 receperam.

175 3258 253 3325 dtur]
288 3255 333 3311 Sic
353 3255 400 3310 Mo
420 3254 460 3308 'ue
480 3255 566 3310 locum
587 3251 725 3308 constituit
741 3267 776 3304 ex
838 3268 889 3306 unc
918 3250 984 3306 redii
1013 3251 1048 3304 ad
1064 3201 1225 3304 leodium
1251 3249 1408 3320 scripturam

176 3324 290 3395 optimis.
334 3324 367 3378 Iu
402 3323 577 3380 deterioribus
611 3322 776 3392 inquirebant
809 3320 926 3374 eiusdem
942 3319 1097 3376 sententiae.

175 3392 286 3463 legitur,
310 3401 340 3448 et
365 3390 472 3464 pluralis
497 3389 599 3446 numeri
627 3386 776 3460 explicandi
844 3391 869 3457 ς.
886 3395 910 3442 2.
944 3390 1074 3443 bominum
1090 3389 1197 3459 scelere]
1228 3385 1323 3440 Deleri
1338 3387 1410 3458 quod

176 3479 255 3516 masa
270 3462 416 3515 addebatur
432 3461 513 3514 etiam
530 3477 604 3530 repes
617 3467 679 3528 poet
691 3457 775 3512 rebar.
810 3457 998 3529 praeterMod.
1015 3456 1043 3510 in
1059 3457 1119 3510 edd.
1137 3455 1257 3510 omnibus
1274 3465 1316 3510 est
1328 3473 1409 3526 pca-

176 3529 244 3584 Inde
264 3547 333 3584 nova
353 3529 492 3584 neceedtas
515 3527 652 3584 oriebatur
676 3535 708 3580 ut
730 3543 775 3578 ex·
810 3543 919 3580 coram
936 3527 1073 3580 lominum.
1107 3529 1149 3580 Ae
1169 3524 1230 3578 vide
1252 3541 1331 3596 quam
1352 3541 1410 3578 cra-
1464 3541 1467 3551 ·

176 3598 297 3668 pleretur
321 3597 458 3676 irnequens
484 3615 593 3651 comma
629 3595 698 3649 Vide
720 3599 776 3664 Ap-
811 3592 879 3649 toric
895 3592 945 3648 sibi
958 3594 1146 3664 respondeant3
1165 3593 1298 3649 hominum
1311 3591 1410 3646 scelere

177 3665 259 3734 pand.
292 3663 367 3718 Haec
386 3665 469 3744 igitur
490 3664 576 3718 omnis
592 3664 698 3720 Medius
715 3679 776 3718 oon-
810 3662 885 3716 vobis
907 3670 1015 3743 ereptis
1037 3679 1108 3729 eum,
1134 3663 1212 3716 deum
1234 3660 1411 3716 misericordie

179 3730 278 3797 stituit,
296 3731 342 3784 sed
359 3739 388 3784 et
404 3748 461 3801 ipse
478 3740 507 3786 et
522 3733 616 3804 reliqui
633 3732 777 3786 omiserunt
810 3729 883 3786 vivol
910 3730 963 3794 Qm
982 3730 1110 3800 apodoein
1126 3729 1288 3801 negligebat,
1305 3746 1410 3784 necesse

179 3798 392 3855 coniunctionem
401 3809 434 3866 et,
450 3816 528 3870 quem
536 3818 583 3854 nos
592 3819 652 3854 mes.
661 3801 776 3856 omnium
811 3800 923 3870 putabet
940 3797 1036 3852 addere
1076 3815 1215 3865 aucam,
1233 3799 1279 3852 sed
1296 3798 1409 3853 deterio-

179 3885 311 3924 conseneu
327 3865 467 3923 adiecimus
484 3868 521 3938 (et
538 3869 604 3921 allii
615 3879 669 3936 pot.
687 3885 776 3937 reptem
793 3877 852 3922 'ree
869 3866 929 3922 libri
945 3866 1017 3922 Flor.
1065 3865 1181 3922 DEFHI
1200 3867 1281 3922 Rern.
1302 3867 1326 3920 B
1351 3869 1410 3922 dec-

178 3937 303 4006 valebct).
336 3936 404 3991 Mox
429 3937 520 3990 Dimri
530 3937 647 4005 primurn
664 3940 777 3990 cadaver
810 3953 876 3990 reon.

178 4024 228 4078 pro
257 4005 329 4076 vulg.
354 4007 467 4075 primm
487 4003 581 4059 Dimni
607 4005 664 4056 ced
707 4003 777 4056 Dedi
845 4005 925 4073 cce'yit
942 4014 970 4058 ut
986 4033 1022 4046 -
1038 4005 1179 4072 irascerer]
1211 4003 1256 4057 Sic
1272 4003 1412 4058 ediderunt

178 4075 321 4128 secundum
347 4072 410 4127 edit.
436 4073 509 4128 Mod.
535 4080 565 4126 et
585 4071 686 4126 codices
702 4071 776 4126 Lcid.
809 4071 909 4139 Iunius,
927 4072 1042 4140 Modica,
1060 4071 1113 4140 alii,
1131 4073 1164 4126 de
1181 4071 1339 4139 coniectura,
1356 4072 1412 4144 cpi-

179 4142 256 4198 Voss.
276 4150 287 4196 1
307 4143 388 4196 Bern.
405 4143 432 4195 A
447 4141 518 4198 Flcr.
532 4138 646 4222 ‘Asca
811 4159 869 4208 nor,
887 4157 947 4194 nam
964 4139 1025 4196 libri
1041 4139 1093 4196 mei
1109 4140 1215 4212 quidem
1232 4158 1323 4220 omncs
1336 4143 1411 4210 copie,

214 4213 280 4281 qaid
294 4213 430 4291 parceret]
465 4209 580 4264 Restrtrd
602 4215 720 4262 veterem
740 4207 777 4262 le·
812 4227 879 4263 unus
896 4216 924 4263 et
941 4209 1009 4263 alter
1025 4225 1060 4262 ex
1077 4208 1139 4263 olim
1154 4209 1254 4263 collatu
1268 4220 1347 4279 copel,
1365 4209 1412 4262 sed

181 4278 295 4335 ctionem
307 4279 370 4333 edit.
383 4279 467 4350 princi
487 4279 545 4334 iset
558 4277 680 4344 Aldinae,
699 4293 778 4348 quam
811 4277 956 4332 neoeeearia
991 4285 1032 4332 eet
1070 4277 1206 4332 correctio.
1260 4277 1412 4332 Perfectum

181 4348 290 4402 eandem
310 4347 413 4402 codices
434 4297 555 4402 meliores
572 4355 689 4402 tuentur.
724 4345 778 4402 De·
811 4355 915 4417 tempus
931 4363 964 4400 eo
981 4345 1107 4417 pertinet,
1126 4347 1198 4418 quod
1206 4345 1411 4414 diueogitabun·

180 4415 292 4470 terioree
308 4417 408 4470 habent
425 4418 490 4486 quid
502 4414 698 4486 porrectam
707 4413 777 4468 Flor.
812 4413 860 4468 dus
877 4423 990 4470 steterat
1007 4431 1063 4468 rex.

183 4481 216 4538 G.
250 4484 329 4548 Quod
350 4483 430 4555 vulgo
450 4502 521 4541 nuno
542 4484 630 4540 editur
642 4493 778 4555 patrasset
846 4484 1304 4554 qrmiamprcecr'puaeimmcarar]
1322 4482 1411 4552 Vulgo

920 3114 1002 3168 curius
1024 3116 1097 3168 baud
1115 3131 1219 3182 parrae
1236 3115 1276 3166 rei
1297 3128 1354 3166 esse
1369 3111 1407 3166 le-
