3254 5320
534 383 584 438 un
611 383 738 440 onsnss
764 382 874 438 mex.
903 389 939 457 x,
969 378 1012 435 10.
1316 363 1389 436 497

168 571 212 644 sit
256 570 406 664 invitm)
453 572 632 670 imperium
670 572 836 647 munimen
875 584 1040 645 errorum
1081 570 1194 670 portus
1241 570 1395 668 imposui.

115 700 148 747 2⁵
166 685 312 760 Asiaene
338 699 530 784 pertaesum
561 696 620 774 est,
654 709 738 784 quae
767 708 825 756 uos
853 682 964 780 pluria
993 707 1105 756 rerum
1133 695 1302 782 postorum
1327 686 1394 759 diis

159 820 264 892 poree
287 793 395 896 fecit?
446 796 490 870 ln
514 795 687 893 Europam
719 795 769 868 ire
794 793 1000 890 properans,
1039 818 1114 892 repe
1145 794 1284 888 deserto,
1319 819 1394 869 cum

159 905 315 1001 plun'lms
347 919 491 980 oesnnm
524 906 714 1007 &fumum
748 904 904 978 victuum
928 904 1049 1003 fuert't,
1088 905 1126 978 ni
1158 929 1215 979 nes
1248 904 1394 986 ulmetum

114 1031 147 1080 ro
166 1014 319 1088 luissern:
357 1041 473 1116 nempe
510 1016 548 1090 in
585 1015 738 1090 Asiatico
769 1013 914 1112 praedm
978 1013 1053 1088 Nec
1085 1015 1192 1112 pudet
1222 1019 1394 1118 pmffiundo

165 1138 273 1200 omtre
302 1124 506 1202 ‹levnmrum
535 1126 684 1225 peruium
713 1124 821 1222 spolia
852 1124 1127 1221 cirmumferentes,
1165 1127 1286 1200 reverti
1314 1129 1395 1202 uelle

165 1237 213 1310 ud
237 1237 351 1312 iberos
376 1237 600 1336 cmnrpeeque,
626 1234 742 1335 pun
765 1235 875 1333 pauci
900 1234 1059 1332 proemio
1084 1234 1237 1310 victorine
1256 1238 1393 1335 potestte

164 1346 338 1420 ostendere.
391 1345 487 1422 Nom
521 1359 713 1435 ceterorum,
753 1345 835 1418 dum
868 1345 965 1418 dium
998 1346 1073 1442 spei
1104 1359 1230 1419 cestrae
1265 1347 1394 1422 obuium

111 1475 145 1522 m
164 1456 244 1548 iete'e,
269 1482 367 1538 mrito
393 1481 519 1559 purpure
537 1456 678 1556 primori
700 1466 784 1528 euru.
824 1455 934 1530 Bonis
959 1479 1036 1530 uero
1052 1451 1208 1528 melitum
1227 1458 1394 1534 coritnrue

161 1593 252 1660 sum,
280 1567 439 1665 pellicum
462 1593 603 1642 suorum
629 1563 834 1640 conmdmr's:
866 1564 984 1662 quidm
1015 1565 1078 1640 loc
1099 1566 1206 1641 solum
1231 1593 1272 1640 en
1296 1569 1395 1643 tunm

161 1679 278 1775 opibus
303 1689 464 1776 enpnnr,
498 1676 535 1750 in
559 1677 648 1777 quod
678 1675 888 1772 impenditur.
941 1674 1087 1750 Proinde
1108 1678 1317 1778 finientibus
1342 1705 1394 1754 me

157 1801 297 1885 purant
322 1788 458 1864 limites:
473 1788 632 1889 socnoite
656 1785 732 1860 linc
757 1786 867 1875 ocium
895 1809 952 1885 ego
978 1811 1053 1862 cnm
1069 1788 1184 1864 Persis
1205 1789 1393 1866 ubeurmum
1467 1875 1470 1886 ⁸

162 1910 253 1997 torpa
278 1901 413 1976 neubon
464 1897 645 1974 Neminem
671 1909 778 1970 teneo:
810 1896 940 1969 liberote
971 1897 1079 1972 oculos
1105 1923 1208 1991 nuos,
1240 1899 1393 1999 inprotec-

111 2009 242 2082 rerinl
266 2011 362 2086 ciues.
414 2008 513 2084 Laeti
540 2035 599 2084 ooo
629 2006 790 2104 eucipient
813 2019 971 2103 parentes
1003 2008 1171 2108 liberique
1185 2010 1257 2084 eine
1287 2023 1393 2086 vestm

111 2136 145 2184 29
161 2143 237 2218 repe
253 2120 446 2194 redeuntes!
472 2119 601 2193 obuium
617 2117 709 2191 ilum
724 2117 940 2192 onmm'nn
956 2120 1223 2220 temptumque!
1259 2119 1392 2196 Trium·

160 2229 268 2326 piabo
301 2229 479 2304 melmurle
513 2231 554 2304 de
577 2231 669 2331 supa
701 2239 827 2320 uestra,
862 2241 893 2301 et
924 2228 1105 2329 ubicunque
1136 2255 1209 2321 ero,
1244 2242 1393 2328 repetam

115 2409 117 2412 .
157 2363 296 2431 poeitae,
321 2339 389 2427 loe,
414 2365 489 2416 cum
515 2340 631 2439 nudus
656 2363 708 2412 me
733 2336 926 2436 relinquetis,
957 2339 1088 2416 colerdo
1107 2342 1393 2442 praeferendoque

154 2543 253 2611 simile,
280 2543 415 2599 Romanus
441 2553 535 2600 euotm
566 2546 754 2618 supellectilem
789 2554 878 2600 tumen
904 2565 952 2600 vos
980 2565 1038 2601 sere
1063 2546 1149 2599 alieno
1176 2546 1314 2614 obruistis,
1342 2562 1390 2599 nec

152 2612 252 2682 regium
269 2620 298 2666 et
315 2614 455 2685 pecuniam
477 2613 607 2684 signatam
630 2615 659 2669 in
675 2633 755 2668 unum
788 2615 928 2687 quicquum
946 2615 1079 2669 haberetis
1097 2615 1147 2668 nisi
1164 2632 1223 2669 mes
1239 2614 1389 2685 benignitas

152 2699 279 2736 summum
302 2682 435 2750 confindit,
462 2684 535 2752 quod
558 2683 633 2738 facile
651 2683 676 2736 ei
693 2701 754 2738 con·
789 2683 862 2738 vobis
880 2693 1050 2738 succurreret.
1077 2683 1184 2736 Medius
1198 2685 1231 2736 de
1240 2683 1390 2738 coniectura

153 2749 316 2804 donabimus.
357 2750 411 2804 Sed
432 2749 512 2805 lectio
533 2751 604 2822 vulg.
627 2769 706 2872 guum
728 2759 755 2804 et
789 2770 820 2805 en
839 2753 887 2806 As.
910 2755 1015 2821 praede
1042 2751 1159 2822 scripsit,
1186 2753 1220 2804 de
1245 2769 1317 2804 more
1342 2768 1390 2803 suo

153 2817 209 2871 ise
227 2819 352 2890 expressi,
371 2836 388 2871 s
403 2837 464 2872 mss.
479 2819 614 2889 pendulum
650 2817 752 2872 iscedit.
790 2819 910 2874 conviciis
934 2837 1092 2891 persequens
1109 2820 1179 2891 quod
1201 2837 1293 2892 perum
1310 2819 1387 2873 intel-

153 2836 223 2940 §um
240 2885 268 2940 in
285 2887 417 2958 plerisque
430 2896 482 2940 est:
500 2905 589 2958 sesag.
600 2889 753 2941 talentorum
787 2887 862 2943 lenit.

152 2956 186 3008 sit
204 2973 261 3008 mon
277 2973 388 3076 Eppium
404 2955 595 3025 fundamento,
620 2955 663 3009 elii
681 2953 751 3008 Flor.

153 3024 753 3162 ern.rt..trtrr.m.¹:tet
886 3057 902 3110 ἰ·
915 3075 937 3111 ..
1242 3057 1328 3110 s...
1353 3057 1386 3110 r

153 3159 752 3300 terrestertentem
787 3125 1386 3265 meretricemne

153 3303 194 3348 est
215 3313 303 3366 seseq.
322 3299 393 3350 mdiu
411 3299 457 3350 tul.
480 3297 566 3350 minus
588 3315 664 3362 curo,
691 3315 752 3376 pro·
787 3261 1005 3342 expignfflmes'
1024 3280 1095 3315 arma
1112 3270 1209 3328 mimi
1229 3278 1296 3332 quae
1314 3261 1387 3314 ¹³ssOE

152 3372 245 3434 ptem
264 3365 334 3444 quod
352 3365 449 3419 librarii
467 3381 545 3435 saepe
562 3367 595 3418 ad
614 3365 752 3419 abimum
786 3348 899 3384 mnxsme
930 3331 1013 3384 libera
1038 3331 1118 3384 debet
1143 3332 1252 3395 hebere,
1284 3330 1387 3401 pignori

153 3450 227 3485 suum
245 3433 418 3486 millenarium
435 3452 572 3488 numerum
589 3434 631 3487 vel
649 3433 752 3486 addunt

152 3500 195 3553 vel
212 3502 341 3567 demunt.)
360 3501 542 3556 Vosn1ltlor.
550 3501 588 3555 AI
599 3505 751 3556 talentorum
821 3506 895 3568 §.tt
931 3503 959 3554 in
977 3503 1046 3571 quod
1063 3501 1097 3553 im
1117 3502 1230 3568 eruditur]
1258 3501 1292 3553 In
1309 3517 1386 3571 pree-

152 3587 211 3620 moo
229 3587 334 3637 operum
351 3569 407 3622 sine
424 3571 504 3624 verbo
522 3573 565 3638 sit,
584 3571 694 3624 BernA
712 3580 751 3622 ta·
806 3569 945 3624 ositionem
966 3567 1061 3622 adiecit
1078 3519 1184 3621 nlooius
1202 3585 1217 3620 e
1235 3569 1287 3621 suis
1305 3586 1386 3622 mem-

153 3637 278 3690 lentorum
300 3655 358 3690 mon
384 3655 496 3691 meorum
528 3657 646 3708 operum,
677 3637 751 3690 Leid.
786 3587 890 3704 irenis,
918 3655 967 3708 ego
990 3655 1024 3690 ex
1047 3635 1121 3689 Leid.
1140 3639 1245 3690 Voss.1
1266 3637 1346 3690 Bern.
1361 3638 1386 3689 A

153 3704 306 3755 talentorum
374 3722 444 3757 mum
479 3705 513 3774 (si
543 3715 615 3760 recte
649 3704 753 3775 singula
786 3705 857 3758 Flor.
875 3707 908 3759 A.
951 3705 1098 3774 Vulgatum
1146 3707 1198 3757 uod
1229 3705 1387 3776 impenditur

152 3771 298 3840 composui)
311 3787 345 3824 en
363 3771 445 3824 ibent.
473 3772 593 3826 Confusis
607 3775 646 3827 his
659 3773 752 3826 lectio·
787 3772 969 3826 Sohmiederus
987 3771 1114 3842 intelligit
1129 3723 1164 3824 le
1177 3771 1285 3826 foenore
1295 3791 1314 3825 s.
1324 3791 1386 3825 usu-

153 3839 230 3892 nibus
247 3839 353 3892 Medius
375 3839 458 3892 edidit
482 3859 559 3910 quum
581 3855 620 3892 nx
645 3843 752 3894 talento·
786 3839 841 3906 ris,
869 3858 934 3911 quus
961 3839 1057 3892 milites
1084 3840 1186 3893 solvere
1211 3841 1385 3894 creditoribus

129 3926 210 3973 ,rum
228 3918 302 3973 esset,
321 3925 433 3960 nieorum
449 3925 508 3960 moe
526 3927 630 3978 opernm
647 3909 751 3977 fundu·
787 3909 901 3961 debeant
930 3925 980 3978 pro
1011 3907 1121 3978 pecunia
1152 3917 1242 3963 mutuo
1273 3918 1384 3990 sumpte.

151 3985 250 4043 menta,
284 3976 352 4028 unde
379 3976 412 4027 ad
438 3975 596 4030 recentiores
626 3976 751 4030 lectiones
786 3976 839 4030 Sed
858 3977 922 4030 bueo
939 3975 1123 4046 interpretatio
1141 3993 1209 4030 vanu
1222 3985 1271 4044 est,
1289 3977 1386 4048 inipso

151 4043 229 4097 fluxit
255 4043 320 4097 illud
346 4053 412 4097 esset
442 4061 491 4113 pro
522 4044 584 4098 olim
610 4044 682 4113 vulg.
708 4045 750 4097 sit.
786 4043 856 4096 enim
877 4045 958 4098 verbo
983 4044 1152 4114 impendendi
1178 4045 1243 4098 nihil
1265 4045 1336 4098 inest
1352 4046 1386 4098 de

152 4111 209 4165 lum
232 4112 254 4166 si
271 4111 329 4182 quis
346 4129 381 4165 ex
404 4111 443 4164 bis
461 4112 634 4166 varietatibus
655 4129 752 4165 novum
786 4113 897 4166 foenore.
950 4113 983 4164 In
1010 4115 1080 4181 quod
1109 4117 1266 4184 impenditur
1292 4122 1332 4166 est
1357 4111 1386 4165 id

152 4179 253 4252 aliquid
279 4187 306 4234 et
331 4179 423 4234 melius
450 4182 596 4234 extundere
622 4179 749 4250 potuerit,
786 4180 813 4233 in
830 4181 900 4255 quod
918 4189 1036 4251 sumptus
1054 4181 1110 4234 fieri
1128 4183 1222 4249 solent,
1240 4181 1292 4252 h,l.
1311 4179 1385 4252 pelli·

151 4266 194 4302 me
203 4247 389 4302 assentientem
398 4249 515 4318 hebebit,
529 4248 634 4303 interim
643 4248 671 4302 in
679 4247 750 4318 vulg.
786 4267 836 4303 ces.
871 4247 968 4302 Posses
986 4249 1065 4302 etium
1089 4251 1286 4319 impenduntur,
1313 4250 1384 4302 vide·

153 4333 184 4369 ec
205 4317 322 4372 uiescnm.
787 4316 848 4370 lieet
866 4333 941 4388 opes,
968 4318 1028 4384 sed,
1055 4326 1086 4370 ut
1103 4336 1173 4372 nune
1191 4327 1239 4383 est,
1267 4317 1385 4371 obsolute

186 4336 209 4452 ἓ.
223 4393 264 4439 25.
299 4403 388 4457 nempe
411 4389 439 4441 in
458 4389 543 4442 Asint.
563 4389 683 4456 proedo,
701 4387 719 4440 i.
728 4403 750 4440 e.
786 4385 904 4456 intellige
923 4385 1078 4440 Gernmnice
1101 4395 1125 4442 et
1144 4389 1201 4442 rotro
1220 4389 1385 4456 termentum

154 4454 271 4523 quemvis
292 4455 372 4510 Asine
398 4457 495 4528 praeda
520 4455 594 4511 vobis
622 4455 751 4523 cessisset,
787 4453 843 4508 sive
860 4455 979 4524 tluironnt
999 4456 1108 4526 peruret.

1189 4547 1221 4595 32

822 2993 845 3058 §.
855 2997 897 3044 26.
933 2993 994 3044 dum
1012 2990 1089 3042 etium
1103 2991 1159 3058 spei
1172 2999 1273 3042 vestroe
1287 2990 1387 3042 obuium

787 3407 863 3453 erunt
882 3399 1015 3470 opposite,
1034 3407 1063 3452 et
1080 3400 1165 3452 edbuc
1183 3405 1253 3452 sunt.
