3270 5290
557 399 760 452 naerens
791 399 901 452 snex.
927 401 964 470 v,
992 401 1035 452 11.
1359 387 1430 458 181

190 579 302 656 danos
329 582 464 654 malum
489 583 653 682 urgebat,
678 607 746 658 nec
772 585 849 657 sisti
876 583 931 657 vis
957 585 1116 660 hostium
1141 595 1295 684 poterat.
1340 586 1433 661 Pau·

189 694 239 766 cis
265 689 313 767 ed
338 693 582 785 moriendum,
608 693 771 792 pluribus
798 694 993 793 adingam
1019 698 1159 770 animus
1184 697 1268 790 fuit,
1303 723 1435 798 magna

188 829 273 903 pars
307 804 346 876 in
378 827 497 878 arcem
533 805 717 880 concessit
769 804 858 879 Inde
883 831 964 880 xxx
999 808 1202 884 oratoribus
1234 810 1352 882 missis
1385 810 1433 883 ad

189 913 470 1014 deprecandum,
503 915 607 990 triste
637 940 851 1014 responsum
877 943 900 990 a
925 942 1010 1016 rege
1044 919 1222 1011 redditur,
1254 946 1327 996 non
1355 945 1433 995 csse

137 1047 170 1098 1:
189 1027 315 1101 veniae
347 1028 475 1100 locum.
527 1026 654 1124 Itaque
685 1027 940 1124 suppliciorum
973 1055 1116 1128 quoque
1148 1040 1247 1104 metu
1279 1031 1434 1128 perculsi

189 1137 236 1210 ad
267 1133 523 1236 Sisygambim,
557 1137 667 1212 Darei
701 1147 870 1232 matrem,
909 1143 1049 1215 occulto
1084 1141 1212 1214 itinere
1237 1141 1433 1240 ignotoque
1541 1217 1546 1237 ,

188 1248 353 1322 hostibus
392 1249 542 1322 mittunt
573 1249 634 1346 qui
665 1257 845 1346 peterent,
886 1262 928 1324 ut
960 1253 1041 1351 ipsa
1080 1277 1203 1350 regem
1242 1252 1433 1350 mitigaret,

187 1357 286 1432 haud
311 1359 446 1458 ignari,
471 1359 631 1458 parentis
658 1383 738 1432 eam
763 1359 843 1433 loco
870 1360 967 1461 diligi
995 1365 1141 1462 colique.
1194 1361 1243 1436 Et
1268 1361 1432 1462 Medates

189 1469 322 1544 sororis
365 1471 440 1544 eius
481 1471 591 1544 filiam
625 1493 747 1544 secum
787 1473 1014 1547 matrimonio
1051 1475 1236 1567 iunxerat,
1274 1473 1435 1552 Dareum

138 1599 169 1648 1a
187 1581 390 1679 propinqua
424 1581 637 1681 cognatione
670 1582 891 1680 contingens.
952 1583 1025 1658 Diu
1051 1582 1274 1684 Sisygambis
1302 1587 1434 1685 suppli-

189 1716 270 1764 cum
294 1693 461 1791 precibus
487 1694 721 1792 repugnavit,
747 1694 927 1787 abnuens,
953 1693 1244 1795 deprecationem
1269 1721 1336 1794 pro
1363 1697 1459 1769 illis·

188 1828 261 1878 non
288 1805 480 1878 convenire
511 1804 694 1898 fortunae,
726 1806 764 1879 in
790 1831 862 1903 qua
888 1817 1000 1880 esset:
1038 1808 1245 1904 adiicitque,
1271 1817 1433 1880 metuere
1488 1819 1498 1838 '

189 1938 278 2007 sese,
290 1941 337 1988 ne
363 1915 510 1990 victoris
536 1917 795 2016 indulgentiam
820 1917 998 2016 fatigaret,
1025 1918 1239 2016 saepiusque
1264 1917 1433 2015 cogitare,

138 2027 369 2124 receptivam
404 2031 484 2100 'esse
515 2052 571 2119 se,
605 2054 713 2126 quam
742 2029 905 2126 reginam
931 2028 1050 2102 fuisse.
1087 2027 1164 2136 'Ad
1191 2028 1356 2104 ultimum
1381 2029 1433 2100 vi-

190 2147 249 2210 cta
273 2137 402 2211 litteris
426 2139 677 2215 Alexandrum
709 2139 760 2212 ite
791 2138 984 2236 deprecata
1010 2149 1083 2213 est:
1121 2149 1161 2212 ut
1185 2138 1302 2237 ipsam
1328 2165 1435 2213 excu-

190 2258 298 2337 saret,
325 2247 422 2345 quod
448 2248 715 2347 deprecaretur:
741 2259 876 2348 petere*
892 2275 940 2340 se,
967 2260 1010 2323 ut
1034 2251 1102 2324 illis
1128 2275 1288 2348 quoque3
1315 2251 1345 2324 si
1371 2250 1434 2322 mi-

189 2383 269 2447 nus,
296 2357 363 2430 sibi
388 2358 606 2456 ignosceret:
633 2387 700 2460 pro
726 2362 929 2436 necessario
955 2385 997 2434 ac
1022 2362 1225 2461 propinquo
1252 2385 1335 2450 suc,
1361 2361 1434 2434 iam

137 2487 170 2536 15
188 2495 263 2544 non
297 2469 419 2560 hoste,
451 2471 517 2546 sed
551 2473 727 2571 supplice,
762 2481 905 2545 tantum
931 2471 1043 2546 vitam
1069 2473 1218 2572 precari.
1270 2469 1434 2546 Modera·

187 2581 322 2654 tionem
349 2581 644 2679 clementiamque
670 2584 782 2680 regis,
819 2608 910 2679 quae
936 2593 1023 2656 tunc
1049 2584 1134 2675 fnit,
1161 2585 1221 2657 vel
1247 2610 1319 2657 una
1345 2586 1433 2657 haec

188 2715 246 2774 res
272 2691 389 2788 possit
414 2691 621 2766 ostendere:
645 2719 721 2767 non
745 2692 882 2770 Medati
908 2693 1018 2786 modo
1043 2695 1193 2792 ignovit,
1216 2693 1281 2768 sed
1308 2719 1432 2767 omnes

189 2811 227 2876 et
253 2800 394 2874 deditos
422 2813 458 2875 et
485 2804 647 2902 captivos
680 2805 847 2878 libertate
882 2815 990 2902 atque
1021 2806 1247 2878 immunitate
1273 2803 1433 2895 donavit,

188 2912 315 2986 urbem
340 2913 484 3009 reliquit
508 2915 691 3006 intactam,
719 2941 826 3014 agros
853 2915 929 2989 sine
956 2915 1092 2989 tributo
1119 2915 1236 2988 colere
1262 2915 1433 3012 permisit.

188 3023 224 3096 A
248 3025 384 3097 victore
410 3021 531 3098 Dareo
556 3025 662 3123 plura
687 3035 804 3122 mater
828 3052 904 3099 non
928 3025 1166 3122 impetrasset.

224 3200 248 3266 ξ.
267 3204 308 3252 12.
329 3200 515 3268 suppliciorum
534 3217 633 3269 quoque
650 3209 718 3254 metu
735 3199 753 3254 i.
771 3217 793 3253 e.
829 3201 917 3254 fecere
935 3216 987 3252 non
1005 3216 1112 3268 possum
1130 3197 1194 3269 quin
1211 3198 1348 3252 restituam
1362 3199 1434 3278 quod
1452 3255 1454 3260 ,

188 3283 256 3388 {3¹²0
265 3265 352 3389 tt?
352 3267 444 3390 ‘ilfi
444 3266 635 3390 iiiiii?
638 3309 658 3390 '1
677 3269 794 3392 diiii
828 3265 1307 3407 30l⁰tttt⁸ttttittttd
1328 3267 1435 3392 titt

187 3403 235 3457 BC
309 3404 400 3458 adieci.
436 3404 516 3458 Bern.
540 3403 565 3457 B
593 3423 710 3475 quorum.
746 3405 794 3458 Vi·
829 3405 933 3460 Graeca
964 3403 1204 3475 frequentissimum
1240 3404 1282 3460 sit.
1334 3405 1434 3458 Addita

187 3471 273 3536 detur,
293 3474 365 3542 quod
382 3473 408 3526 h.
419 3470 437 3524 l.
451 3471 557 3540 excidit,
576 3469 603 3526 in
621 3473 793 3529 deterioribus
827 3483 898 3528 certe
916 3473 1057 3546 negatione
1073 3473 1128 3527 sine
1146 3472 1226 3527 dubio
1235 3473 1363 3527 dicemus:
1381 3491 1436 3526 non

187 3540 319 3594 codicibus
342 3540 461 3594 additum
483 3557 540 3595 esse
565 3541 699 3613 eliquanto
717 3551 792 3614 post:
828 3545 916 3596 abnuo
936 3543 1000 3614 quin
1017 3541 1156 3596 conveniet
1178 3559 1230 3663 pro
1256 3541 1376 3622 eoquod
1394 3549 1435 3595 est

188 3619 216 3660 ut
233 3611 293 3678 ipsa
312 3627 409 3678 quoque
434 3627 521 3680 regem
549 3608 674 3679 (lior-,D
698 3620 744 3664 eut
765 3621 794 3666 ut
828 3627 881 3664 non
899 3613 987 3666 abnuo
1005 3609 1154 3664 convenire.
1204 3628 1249 3663 um
1266 3618 1346 3666 etiam
1363 3611 1435 3664 odii-

189 3677 250 3745 ipsa
267 3694 352 3745 repom
370 3695 467 3747 quoque
485 3675 569 3748 (Flor.
586 3678 637 3732 DF
654 3679 713 3734 Pal.
733 3684 769 3746 1).
830 3682 912 3761 citque
931 3697 1001 3733 nunc
1018 3678 1119 3749 scripsi.
1144 3677 1206 3747 quia
1227 3679 1264 3732 sic
1285 3678 1328 3732 vel
1345 3679 1434 3748 potius

224 3779 325 3831 sororis
343 3781 398 3832 aa:
407 3779 509 3846 fitium]
537 3779 652 3833 Necesse
670 3781 720 3834 suit
737 3783 794 3861 eie-q
828 3749 912 3868 {3:3²²
947 3746 1185 3885 &fllmpsseerg'
1204 3747 1333 3885 ᾐοὲιῗι
1357 3745 1434 3868 3113ιὲ

188 3841 223 3899 ⁹²¹
250 3845 433 3917 inlegllffllb'ffl
457 3847 529 3901 lim
551 3849 662 3915 ”ddem’
686 3867 749 3903 Μ
773 3868 794 3903 ⁵¹
829 3883 901 3938 libris
919 3892 960 3937 est
977 3884 1074 3936 adiecit
1090 3900 1121 3936 uc
1156 3891 1183 3936 et
1200 3900 1234 3936 ex
1251 3883 1343 3936 iisdem
1361 3881 1433 3937 libris

187 3915 540 4055 mitinssiigifioer-ffli
558 3916 591 3969 de
608 3917 688 3988 ipsius
705 3934 795 3974 sorore
828 3951 924 4032 mi,
941 3959 970 4032 eg
986 3951 1049 4007 edit,
1070 3901 1143 4031 deod,
1170 3953 1326 4022 saepiusque
1344 3951 1434 4006 uddita

408 4024 415 4037 ·
830 4029 1015 4075 coniunctione
1033 4020 1101 4072 deda

222 4090 247 4153 s.
267 4093 307 4141 13.
344 4105 397 4142 aon
415 4089 550 4142 conuenire
559 4089 701 4159 fortunae]
737 4087 794 4142 Ne·
863 4094 888 4156 s.
900 4096 940 4142 15.
958 4091 1076 4144 libertate
1094 4097 1170 4158 utque
1187 4088 1359 4155 immunitate]
1377 4087 1435 4141 Ad-

187 4153 266 4224 gandi
289 4155 448 4226 particulam
474 4155 537 4212 libri
562 4173 652 4210 omnes
678 4166 705 4210 et
733 4156 794 4210 rusti
829 4157 904 4211 ditur
917 4157 945 4210 in
963 4176 978 4210 o
999 4157 1068 4211 timis
1085 4175 1116 4210 ec
1133 4155 1265 4236 plerisque
1282 4155 1355 4212 libris
1373 4173 1433 4209 mss.

187 4231 216 4276 et
240 4222 303 4276 olim
329 4223 394 4276 editi
417 4223 560 4292 exhibent,
584 4224 669 4280 donec
686 4223 794 4279 Medius
829 4237 853 4279 et
876 4175 1093 4290 antedddenute,
1125 4224 1204 4278 irdem
1231 4234 1318 4280 tumen
1344 4242 1434 4278 omnes

187 4307 245 4346 eum
269 4291 382 4345 sustulit.
417 4293 499 4346 Hune
515 4293 595 4347 secuti
619 4302 681 4347 sunt
703 4309 794 4347 recen·
828 4305 904 4366 etque
922 4303 1035 4348 servent.
1066 4292 1182 4348 Omnino
1258 4293 1348 4346 nentia
1364 4291 1434 4346 illius

188 4358 267 4413 tiores
285 4361 413 4428 editores,
438 4360 555 4415 convicio
582 4361 663 4428 illius,
691 4361 794 4432 opinor,
827 4361 972 4433 particulae
990 4361 1120 4443 repetitae
1137 4361 1235 4416 librarii
1274 4362 1307 4414 .l.
1326 4366 1434 4414 incrro-

189 4427 318 4492 deterriti,
341 4431 413 4499 quod
436 4428 604 4500 elephantino
622 4429 693 4484 corio
711 4439 793 4484 tectos
828 4448 883 4484 rem
892 4431 991 4484 inducti
1001 4431 1132 4496 videntur,
1151 4439 1182 4483 ut
1195 4438 1345 4502 repeterent
1354 4429 1434 4481 etiam

188 4495 349 4566 appellavit,
374 4497 395 4550 si
414 4497 459 4569 qni
477 4497 553 4552 aliter
570 4499 704 4552 sentirent
741 4497 795 4551 Sed
828 4499 874 4552 ubi
891 4517 945 4554 non
963 4517 1029 4571 opus
1048 4508 1124 4552 esset.
