3268 5286
511 377 560 428 nr
587 375 713 428 ensrrs
740 376 848 430 anax.
875 379 940 449 vn,
957 375 999 425 ιι.
1311 357 1384 434 325

147 565 342 638 claustrum
368 573 405 636 et
431 564 501 638 iam
536 565 833 663 perdomitorum,
864 575 901 638 et
928 589 1018 662 quae
1045 563 1173 638 deinde
1200 563 1298 638 adire
1325 564 1384 638 de·

145 685 316 748 creverat.
383 671 456 748 Sed
500 677 685 750 consilium
729 675 867 749 distulit
912 671 1172 773 Sogdianorum
1219 677 1385 750 nuntiata

95 807 127 854 14
146 786 307 875 defectio,
335 811 426 882 quae
451 786 660 860 Bactrianos
688 813 829 884 quoque
855 788 976 861 traxit.
1021 809 1076 858 ιιι
1100 788 1198 860 milia
1224 788 1384 883 equitum

146 908 258 987 erant,
284 921 437 992 quorum
463 899 713 972 auctoritatem
738 898 848 971 ceteri
873 899 1123 994 sequebantur.
1175 896 1384 972 Alexander

145 1005 387 1106 Spitamenem
413 1019 450 1082 et
476 1006 666 1101 Catenem,
694 1033 716 1082 a
741 1007 869 1106 quibus
895 1006 928 1081 ei
952 1009 1106 1082 traditus
1134 1019 1212 1082 erat
1238 1007 1381 1101 Bessus,

144 1118 242 1192 haud
255 1117 384 1191 dubius
399 1120 483 1216 quin
497 1145 621 1193 eorum
647 1143 756 1217 opera
781 1117 894 1217 redigi
919 1130 1069 1217 possent
1093 1121 1129 1193 in
1155 1129 1382 1218 potestatem,

95 1247 126 1298 15
145 1231 205 1328 qui
230 1240 456 1304 novaverant
481 1255 555 1322 res,
590 1231 693 1304 iussit
719 1231 860 1303 accersi.
912 1229 964 1303 At
989 1232 1053 1321 illi,
1085 1229 1309 1323 defectionis,
1336 1232 1384 1305 ad

145 1367 251 1440 quam
277 1341 511 1416 coercendam
532 1342 785 1430 evocabuntur,
813 1351 988 1432 auctores,
1014 1343 1253 1441 vulgaverant
1278 1343 1382 1435 sama,

145 1453 354 1527 Bactrianos
387 1453 522 1549 equites
558 1478 690 1551 arege
725 1475 849 1524 omnes
881 1460 923 1523 ut
955 1451 1201 1528 occiderentur
1232 1454 1382 1527 accersi:

119 1564 252 1662 'idque
283 1565 495 1662 imperatum
528 1565 631 1662 ipsis,
662 1589 736 1638 non
771 1563 981 1637 sustinuisse
1012 1575 1132 1638 tamen
1159 1566 1304 1662 exequi,
1337 1591 1384 1639 ne

143 1676 357 1774 inexpiabile
387 1675 424 1749 in
457 1677 647 1776 populares
685 1675 822 1748 facinus
857 1673 1097 1750 admitterent.
1149 1671 1231 1748 Non
1270 1677 1383 1775 magis

143 1786 341 1860 Alexandri
368 1789 563 1878 saevitiam,
590 1812 697 1886 quam
712 1785 813 1860 Bessi
839 1785 1067 1886 parricidium
1090 1786 1183 1859 ferre
1211 1788 1379 1885 potuisse.

144 1897 269 1994 ltaque
296 1883 361 1972 sua
388 1909 516 1998 sponte
541 1900 614 1972 iam
638 1909 756 1972 motos
782 1907 882 1972 metu
907 1923 1045 1997 poenae
1070 1897 1167 1971 haud
1194 1897 1384 1971 difficulter

146 2009 415 2083 concitaverunt
441 2009 488 2084 ad
514 2035 623 2084 arma

93 2142 126 2189 re
247 2120 464 2212 Alexander,
490 2121 756 2219 transfirgarum
776 2120 973 2196 defectione
987 2129 1179 2220 comperta,
1194 2116 1431 2194 Craterumil

147 2228 311 2303 obsidere
338 2229 544 2331 Cyropolim
569 2232 683 2306 iubet:
718 2234 794 2332 ipse
827 2233 932 2306 aliam
959 2233 1085 2306 urbem
1110 2231 1264 2330 regionis
1292 2231 1381 2304 eius·

145 2339 228 2414 dem
267 2366 399 2415 corona
437 2343 549 2443 capit,
584 2345 777 2443 signoque,
817 2353 858 2416 ut
896 2343 1048 2441 puberes
1087 2343 1381 2435 interficerentrr,

146 2450 247 2543 dato,
279 2453 404 2552 reliqui
430 2455 467 2530 in
498 2455 834 2554 praedamcessere
859 2455 1024 2530 victoris:
1057 2455 1146 2538 urbs
1173 2452 1292 2530 diruta
1318 2464 1383 2546 est,

178 2707 264 2759 etiam
274 2701 491 2786 perdornitornm,
506 2719 531 2762 et
544 2725 618 2778 qnae.
648 2706 747 2762 Omnes
817 2709 840 2788 ᾗ.
860 2713 901 2760 14.
935 2708 1022 2778 rediqi
1043 2715 1149 2774 possent
1173 2709 1202 2760 in
1221 2715 1384 2778 potestatem,

144 2774 219 2828 codd.
245 2783 323 2827 etiam
344 2775 489 2830 coniunctis
512 2775 647 2848 particulis
672 2775 746 2829 exhi·
799 2793 826 2827 sn
850 2785 1009 2829 moereant
1034 2792 1085 2828 res.
1119 2773 1191 2828 Eieci
1217 2793 1299 2828 unum
1324 2792 1385 2829 ver·

144 2843 224 2909 bent,
247 2841 341 2896 deinde
357 2847 565 2914 perdornitnmm
582 2843 654 2898 Flor.
671 2841 747 2910 EGI,
781 2791 846 2922 bum
867 2845 938 2914 quod
959 2843 987 2896 in
1008 2842 1081 2896 libris
1101 2842 1181 2896 etism
1203 2842 1309 2912 optimis
1326 2861 1385 2897 oru-

143 2919 251 3030 tumpet
276 2914 347 2980 qnod
369 2913 503 3035 plerique,
530 2914 561 2966 id
585 2915 656 2983 quod
673 2910 745 2966 Flor.
780 2918 860 2964 tronis
877 2912 975 2964 flumen
992 2912 1094 2964 turbet:
1118 2913 1257 2991 coercendo·
1272 2914 1324 2990 ‘qui
1337 2929 1384 2966 no-

143 2977 259 3101 itt·
274 2980 658 3118 attenderint
672 2997 746 3102 tt
780 2989 992 3100 liffisliit
1005 2995 1065 3125 {tt
1083 2979 1297 3127 ‘flettttdsst
1316 2995 1384 3100 ali}

143 3114 216 3170 Flor.
236 3116 276 3182 B,
303 3127 328 3170 et
353 3134 419 3189 qnae
445 3117 510 3170 item
537 3115 606 3170 solus
623 3114 694 3170 Flor.
715 3117 745 3170 C.
782 3113 869 3182 (Flor.
892 3116 916 3167 A
952 3114 1035 3168 Paris.
1062 3121 1155 3182 tnum,
1187 3115 1384 3183 Modranorum,

144 3183 210 3236 Inde
231 3184 295 3238 edit,
317 3203 356 3255 pr.
387 3187 464 3238 enam
489 3186 696 3256 perdomitorum
723 3195 746 3238 et
780 3182 890 3236 aliorum
905 3183 976 3237 Flor.
989 3182 1065 3237 CEH
1082 3183 1208 3250 Bern.B)
1226 3181 1383 3237 auctoriate

144 3254 222 3323 qaod,
240 3253 387 3307 Aldeticm
400 3255 608 3324 perdomitnrnm
626 3263 650 3307 et
667 3255 745 3325 quod,
780 3253 928 3305 damnatur.
962 3251 1016 3306 Sed
1040 3269 1073 3304 ne
1095 3251 1160 3304 illud
1178 3251 1284 3324 quidem
1301 3269 1383 3304 unum

144 3319 653 3394 sinesensu,1un.etinmperdnmituro
671 3339 746 3392 qnos,
779 3320 974 3374 Freinshemius
997 3337 1025 3374 se
1046 3321 1115 3374 ferre
1137 3337 1214 3391 posse
1236 3320 1382 3388 contendit,

143 3389 281 3456 audacter,
305 3389 379 3445 Mod.
400 3393 477 3444 etiam
495 3393 700 3461 perdomitorum
722 3401 746 3445 ct
780 3406 828 3444 nec
845 3406 895 3460 ego
912 3390 977 3456 fero,
997 3407 1056 3443 cum
1070 3398 1180 3461 propter
1196 3388 1330 3444 insolitum
1348 3389 1382 3442 ad

143 3457 745 3593 ⁹ttntttt¹¹s⁶⁰¹tt¹⁰ettltttt
779 3458 927 3581 illl?
944 3457 1225 3581 tliwamlllllt
1244 3467 1384 3580 ”tart

136 3543 275 3715 len
292 3545 744 3719 nli
778 3547 883 3718 ἰἰιι.
897 3545 1137 3718 {firman
1151 3595 1296 3718 ssu
1323 3602 1384 3717 ιιι

142 3745 246 3796 corum,
268 3736 410 3796 terrarum,
434 3747 545 3801 quorum
562 3731 649 3786 aditus
667 3741 744 3788 tuen·
778 3731 885 3786 Medius
902 3731 988 3784 edidit
1004 3705 1106 3785 abcessi
1122 3731 1216 3784 nullus.
1281 3704 1288 3731 ’
1312 3682 1330 3733 q

144 3805 202 3863 tur,
233 3813 285 3850 non
312 3796 457 3852 hondnum:
483 3815 524 3852 ex.
547 3817 587 3869 gr.
611 3799 743 3854 Pelusium
812 3803 836 3880 5.
855 3806 895 3853 15.
930 3801 1099 3868 culpaverunt
1119 3800 1213 3869 sama]
1248 3799 1334 3854 Doleo
1356 3799 1384 3854 iu

76 3901 80 3910 -
143 3867 260 3920 claustra
279 3866 391 3935 Aeqypti
407 3864 483 3919 Livio
500 3881 569 3933 xxv,
588 3874 630 3934 11,
648 3869 742 3922 Corin:
777 3883 867 3938 prrore
890 3866 1006 3921 editione
1027 3883 1069 3920 me
1092 3866 1239 3936 neglexisse
1257 3868 1384 3923 librorum

142 3934 205 3988 thus
228 3935 345 3988 claustra
362 3935 536 4004 Peloponnesi
552 3935 655 3990 Velbio
677 3951 698 4003 1,
716 3944 742 4003 8,
780 3953 840 3989 mss.
855 3933 970 3988 omnium
984 3942 1012 3989 et
1026 3934 1169 3990 editionum
1182 3945 1302 3990 veterum
1320 3937 1383 3991 scri·

143 4002 223 4059 Utica
255 4005 372 4056 claustro
399 4004 528 4072 Africae,
558 4003 639 4057 Floro
661 4019 700 4070 ιν,
719 4011 745 4072 2,
800 4012 887 4058 turam
903 4003 998 4072 soma,
1030 4021 1046 4057 a
1074 4021 1127 4076 qua
1153 4004 1259 4059 Medius
1284 4006 1383 4078 primus

142 4071 225 4154 Alpes
243 4073 360 4125 clanstro
379 4071 476 4152 Italiae
493 4071 578 4125 eidem
595 4086 640 4140 111,
650 4079 676 4140 8,
694 4073 746 4126 alia
780 4023 898 4126 discessit
915 4071 1098 4144 persuasitque
1111 4071 1217 4144 reliquis
1235 4083 1266 4128 ut
1274 4077 1383 4146 famem

143 4139 200 4194 alus
226 4140 407 4212 appellantur,
434 4149 515 4194 etiam
536 4149 626 4196 nostro
647 4155 688 4208 ιν,
711 4147 743 4196 83
780 4143 881 4194 darent.
917 4141 955 4195 At
981 4141 1051 4194 fama
1076 4141 1133 4212 ipsa
1159 4142 1264 4214 quidem
1290 4143 1383 4214 vulgat

143 4211 260 4262 claustra
282 4209 345 4262 Nili
367 4209 499 4262 dicuntur.
533 4209 577 4262 Ita
596 4225 630 4262 ue
650 4213 745 4280 perdo-
779 4209 835 4263 fleri
853 4209 960 4281 aliquid,
983 4219 1150 4279 nouantem,
1173 4229 1232 4264 cum
1249 4211 1318 4265 fama
1337 4211 1381 4280 sit,

143 4279 262 4330 mitonem
289 4285 411 4330 neutrum
433 4277 500 4348 plur.
524 4277 607 4331 intel'
642 4295 669 4345 s,
691 4295 745 4332 nou
779 4295 883 4332 necesse
909 4287 950 4333 est
975 4279 1117 4348 vulgetur,
1152 4279 1201 4332 nisi
1229 4281 1296 4332 duae
1320 4280 1381 4348 sint,

143 4343 270 4412 homines,
288 4345 329 4399 cui
343 4354 433 4416 aptum
449 4347 524 4401 unice
538 4351 654 4418 et'qnce,
672 4354 745 4400 certe
778 4364 888 4418 quarum
910 4347 995 4401 alteru
1015 4347 1093 4402 latius
1109 4356 1227 4418 vagetur.
1261 4348 1300 4402 Et
1316 4347 1382 4418 legi-

143 4412 444 4538 pgpupmqlqgspetrqremet
469 4418 555 4486 quod,
587 4431 745 4488 quamquam
779 4424 825 4470 tur
841 4431 870 4482 x,
889 4422 914 4539 q,
937 4419 1031 4487 qnippe
1053 4419 1091 4471 ita
1103 4418 1185 4487 samri
1205 4417 1303 4471 Persae
1326 4417 1381 4470 vnl-

438 4501 516 4556 quam
534 4501 607 4556 quos.
778 4502 915 4556 gasnan.
