3238 5296
265 360 339 432 420
752 381 786 442 o.
806 377 929 430 eunrn
954 379 1039 429 auur

263 564 411 653 fecerat3
439 585 638 660 gravesque
665 573 702 636 et
718 561 978 661 propemodum
1003 563 1201 636 immobiles
1229 586 1353 636 currus
1379 564 1511 638 illuvie

262 701 304 748 ae
335 673 565 773 voraginibus
599 673 805 748 haerebant.
859 672 993 749 Contra
1018 672 1226 748 Alexander
1260 675 1431 773 expedito
1461 697 1541 749 act

261 787 332 862 levi
359 786 500 884 agmine
526 795 670 859 strenue
697 787 860 860 invectus
887 797 952 859 est.
1001 783 1156 886 Scythae
1183 795 1220 859 et
1244 784 1369 859 Dahae
1396 788 1510 884 primi

261 899 419 972 omnium
451 899 614 971 invasere
645 896 770 970 Indos:
805 897 1012 972 Perdiccam
1047 895 1176 971 deinde
1208 921 1289 969 cum
1320 897 1509 994 equitibus

261 1012 297 1083 in
324 1009 492 1084 dextrum
518 1035 629 1083 comu
664 1009 821 1083 hostium
848 1003 973 1084 emisit.
1026 1007 1102 1082 lam
1128 1008 1285 1106 undique
1310 1033 1435 1106 pugna
1463 1029 1540 1082 see

260 1132 439 1212 moverat;
467 1147 548 1195 cum
573 1121 625 1212 hi,
653 1121 713 1218 qui
739 1147 863 1196 currus
891 1121 1060 1219 agebant,
1096 1119 1183 1193 illud
1209 1120 1373 1192 ultimum
1399 1121 1508 1192 auxi·

262 1233 347 1306 lium
374 1259 520 1307 suorum
545 1233 632 1323 rati,
660 1233 780 1307 affinis
807 1234 956 1310 habenis
983 1233 1019 1304 in
1045 1232 1202 1306 medium
1227 1231 1417 1306 discrimen
1442 1259 1508 1306 ru·

168 1387 174 1396 ==
261 1369 321 1418 ere
353 1354 556 1442 coeperunt.
610 1343 752 1443 Anceps
787 1344 824 1418 id
855 1344 990 1417 malum
1020 1331 1182 1440 utrisque
1217 1354 1309 1418 erat:
1343 1371 1429 1418 nam
1464 1359 1540 1418 etr

260 1455 497 1529 Macedonum
522 1454 670 1554 pedites
686 1456 801 1553 primo
829 1456 964 1554 impetu
990 1456 1265 1546 obterebantur,
1292 1466 1327 1528 et
1354 1481 1421 1554 per
1446 1457 1504 1528 lu·

260 1568 358 1640 brica
376 1579 483 1664 atque
507 1568 604 1640 invia
629 1568 776 1641 immissi
802 1592 926 1640 currus
950 1567 1181 1642 excutiebant
1206 1591 1284 1657 eos,
1319 1593 1342 1640 a
1367 1567 1505 1665 quibus

262 1679 492 1780 regebantur3
527 1680 678 1753 aliorum
711 1673 846 1753 turbati
882 1679 962 1776 equi
994 1704 1067 1752 non
1098 1679 1135 1751 in
1166 1678 1355 1777 voragines
1388 1677 1539 1751 modos

261 1792 492 1887 lacunasque,
533 1789 596 1864 sed
627 1792 733 1866 etiam
767 1792 803 1865 in
830 1817 970 1865 amnem
996 1790 1273 1889 praecipitavere
1305 1788 1503 1879 curricula;

261 1904 365 2003 pauci
396 1903 475 1977 telis
502 1903 659 1978 hostium
685 1903 803 1978 exacti
827 1913 1061 2001 penetravere
1093 1901 1140 1974 ad
1165 1900 1300 1975 Porum
1326 1901 1537 1976 acerrimas
1586 1909 1587 1994 ᾗ

259 2041 417 2114 pugnam
443 2016 604 2090 cientem.

210 2129 258 2199 48
362 2127 415 2218 Is,
451 2137 493 2199 ut
518 2126 709 2225 dissipatos
735 2135 813 2200 tota
839 2126 913 2200 acie
946 2150 1069 2199 currus
1096 2125 1219 2225 vagari
1250 2124 1326 2199 sine
1352 2125 1502 2198 rectori·

259 2240 326 2311 bus
353 2236 459 2330 vidit,
491 2238 664 2336 proximis
697 2239 890 2310 anticorum
922 2236 1102 2310 distribuit
1134 2237 1353 2336 elephantos.
1406 2234 1502 2309 Post
1522 2257 1550 2303 ro

261 2375 322 2422 eos
341 2361 511 2447 posuerat
536 2347 693 2446 peditem
719 2375 761 2422 ac
787 2349 991 2447 sagittarios
1018 2359 1055 2422 et
1079 2359 1253 2449 tympana
1270 2349 1414 2446 pulsare
1443 2373 1502 2420 so-

258 2461 350 2532 litos.
389 2457 431 2529 ld
457 2486 522 2558 pro
549 2469 657 2532 cantu
682 2461 850 2534 tubarum
866 2458 962 2532 Indis
989 2472 1076 2552 erat,
1102 2485 1169 2534 nec
1194 2459 1346 2557 strepitu
1372 2484 1500 2532 eorum

258 2571 505 2663 movebantur,
532 2572 616 2646 olim
643 2571 690 2644 ad
715 2581 841 2645 notum
860 2595 988 2643 sonum
1014 2572 1159 2645 auribus
1185 2570 1365 2668 mitigatis.
1405 2568 1499 2642 Her·
1520 2591 1546 2636 11

258 2685 345 2756 culis
378 2683 605 2757 simulacrum
632 2684 763 2780 agmini
798 2681 959 2781 peditum
984 2683 1261 2781 praeferebatur.
1314 2680 1357 2754 ld
1382 2683 1498 2757 maxi-

257 2821 354 2869 mum
381 2805 459 2898 erat
479 2795 694 2882 bellantibus
720 2795 999 2888 incitamentum,
1026 2807 1063 2869 et
1087 2794 1286 2869 deseruisse
1311 2803 1496 2891 gestantes

256 2909 407 2982 militare
433 2906 606 3006 flagitium
631 2904 839 2980 habebatur.
894 2894 1027 3005 Capitis
1055 2907 1162 2980 etiam
1188 2914 1385 2980 sanxerant
1411 2923 1545 3002 poe-12

288 3121 311 3187 ξ.
329 3125 354 3172 4.
380 3119 599 3198 occorapinibua]
626 3117 670 3172 Sic
679 3135 739 3171 mss.
746 3125 856 3238 praeter
888 3117 955 3170 versi
973 3125 1063 3170 tamen
1079 3118 1114 3170 ed
1133 3116 1232 3171 Porum
1248 3115 1392 3170 redierunt.
1427 3113 1495 3168 Dio-

252 3185 325 3240 Flor.
347 3187 370 3240 F
372 3186 412 3268 (ἦ,
441 3205 485 3258 qur
511 3204 570 3240 cum
596 3187 666 3257 vulg.
693 3197 717 3240 et
766 3186 854 3239 abent.
889 3187 945 3240 dor.
962 3204 1018 3256 cap.
1028 3191 1061 3240 88
1080 3183 1194 3239 ἅπαντα
1213 3183 1313 3251 σχεδόν
1330 3184 1365 3238 τὰ
1380 3180 1495 3256 ἅρματα

258 3257 441 3310 Voramimbus
459 3255 583 3309 mendose
600 3254 671 3309 Flor.
690 3253 756 3308 DGI
770 3254 854 3322 Pall,
888 3261 949 3308 τῶν
964 3254 1059 3309 Ἰνδῶν
1078 3252 1229 3328 διεφθάρη.

253 3326 377 3393 voragine
395 3323 458 3377 edit.
476 3341 523 3422 pr.
542 3323 603 3376 ald.
617 3323 679 3402 lun.
698 3322 738 3406 pin
755 3329 853 3392 textu.)
923 3355 988 3428 Cap·
998 3363 1042 3424 43,
1060 3359 1083 3427 ς.
1095 3363 1135 3411 10ο
1179 3357 1270 3410 ,ditem
1283 3373 1315 3410 αθ
1327 3373 1358 3409 ,a
1377 3357 1492 3422 marios]

287 3395 311 3459 §-
333 3399 356 3446 6·
384 3410 440 3444 cum
457 3394 484 3444 ll
494 3391 576 3514 gall..
595 3389 639 3444 5¹⁰
656 3391 730 3445 Μ·
748 3391 851 3446 V⁰⁵¹³¹1
889 3425 942 3477 Vul
962 3445 978 3479 o
985 3429 1096 3496 pedites,
1115 3443 1142 3478 se
1174 3441 1313 3505 numerum
1325 3375 1492 3504 audactirunr

252 3459 334 3512 Bern.
353 3458 492 3512 Aulona
521 3461 575 3525 ,har
584 3459 657 3512 Flor.
670 3457 702 3512 B.
720 3457 773 3512 Sed
784 3459 854 3514 Flor.
888 3443 1017 3548 exhlffient
1043 3493 1250 3614 snakenburglF
1272 3501 1326 3546 tm
1352 3499 1381 3546 et
1408 3502 1492 3546 nost„

252 3526 417 3665 tetta:
435 3527 854 3650 t.tr⁸·.t.sttttr³
997 3571 1105 3632 ππ
1121 3561 1191 3616 nor·
1252 3559 1299 3614 G1-
1325 3560 1392 3616 Ρπ
1409 3564 1492 3630 ωπ-

287 3670 311 3732 S.
331 3672 354 3718 9.
375 3666 460 3734 pauci
477 3667 534 3720 telis
552 3666 767 3732 boatiumexuctt]
787 3665 855 3719 Mas.

246 3735 330 3802 pauci
348 3743 421 3787 tenua
438 3735 651 3801 boatiumeaocti,
669 3732 856 3804 quodModius

252 3801 342 3854 edidit.
355 3801 409 3854 Sed
417 3821 470 3856 non
479 3803 583 3856 invenio
592 3813 664 3856 tenua
673 3801 787 3855 aCurtio
796 3819 855 3856 cum

251 3870 853 4011 retraetata}reterre
888 3905 922 3957 π
1088 3903 1255 3958 πωω
1290 3905 1334 3957 π

250 4007 318 4058 Edd.
336 4015 439 4060 veteres
459 4007 464 4020 '
486 4009 539 4061 'tur
560 4009 702 4062 seeundum
721 4025 801 4059 unum
820 4007 853 4060 de
887 3983 930 4026 ων
956 3981 1044 4028 “utem
1070 3989 1105 4026 ex
1129 3987 1290 4042 praegressa
1317 3971 1409 4044 supple
1435 3970 1488 4023 ⁰1⁰⁸

250 4073 347 4128 nostris
373 4075 443 4128 Flor.
515 4077 599 4145 pauci
630 4085 715 4128 tomen
740 4076 852 4129 hortium
888 4042 1009 4114 phanms’

249 4145 343 4210 exacti,
371 4144 441 4213 quod
459 4161 512 4198 non
534 4143 670 4213 intelligo,
697 4144 857 4198 recentiores
925 4148 949 4211 s.
969 4151 1009 4197 12.
1036 4146 1131 4215 capitis
1140 4147 1259 4199 etima-
1277 4146 1318 4198 lis
1328 4144 1384 4214 qut]
1403 4141 1492 4212 Vulgo

243 4215 328 4280 pauci
345 4207 434 4264 ramea
447 4214 561 4265 bostiam
580 4221 652 4264 tenue
671 4213 763 4264 exacti.
798 4212 855 4266 Nos
889 4213 924 4265 iis
942 4215 996 4283 qui,
1015 4213 1398 4268 nostaexlaid.voea.1.a
1417 4219 1492 4264 utro·

249 4279 409 4333 correximus
426 4282 494 4333 celia.
522 4278 594 4332 Dicit
606 4278 756 4348 aurigarum
769 4279 855 4334 diver·
889 4297 941 4350 que
959 4281 1039 4336 Bern.
1057 4281 1129 4334 Flor.
1148 4284 1173 4335 A
1196 4282 1252 4336 aliis
1275 4279 1401 4335 dedimua
1437 4279 1492 4333 Sed

249 4366 304 4402 sam
322 4355 433 4415 sortem,
464 4347 508 4401 alii
535 4347 635 4401 excussi
654 4354 729 4414 sunt,
756 4347 800 4400 alii
826 4349 854 4403 in
886 4366 936 4468 pro
954 4351 1031 4403 etiam
1049 4350 1121 4403 Flor.
1139 4350 1192 4403 ΕΗ
1210 4352 1320 4405 Vocat
1348 4365 1404 4402 ease
1426 4357 1492 4402 nota

249 4435 352 4470 amnem
364 4415 537 4487 praecipitati,
556 4416 635 4486 pauci
645 4433 703 4469 cum
720 4416 853 4471 adMace-
898 4418 953 4472 also
970 4417 1107 4473 intellecta
1123 4419 1231 4486 habent,
1250 4426 1279 4473 et
1295 4416 1396 4472 omittit
1414 4434 1492 4472 voea-

249 4489 331 4540 doues
342 4485 530 4556 pervenissent,
545 4485 604 4539 telis
618 4503 708 4539 corum
718 4485 745 4538 in
761 4485 852 4557 fugam
885 4486 977 4539 bulum
993 4487 1075 4541 Bem.
1093 4485 1126 4540 B.

891 3631 973 3684 turios
991 3649 1044 3684 non
1055 3631 1133 3701 potui
1150 3649 1203 3684 non
1222 3647 1282 3682 cum
1291 3629 1404 3684 Bern.B
1415 3631 1491 3683 Voss.

891 3703 905 3752 2
925 3698 996 3753 Flor.
1012 3700 1037 3753 E
1054 3707 1162 3753 auctore
1174 3699 1309 3752 Scheffero
1326 3699 1441 3752 inserere
1460 3708 1491 3750 ar.

889 3765 960 3820 Nam
977 3767 1107 3838 sagittarii
1138 3775 1210 3820 certe
1237 3767 1313 3820 simul
1339 3784 1393 3820 non
1411 3775 1489 3836 pote-

888 3845 950 3889 rant
967 3843 1092 3908 tympana
1107 3835 1221 3907 pulsare,
1240 3835 1334 3905 quibus
1346 3843 1405 3890 tota
1421 3833 1489 3889 aeriae
