3238 5296
523 325 574 375 nr
601 323 727 376 crans
752 323 861 376 snex.
893 325 970 395 vm,
997 323 1038 370 ss.
1137 400 1141 408 .
1325 303 1397 374 415

127 505 315 580 ainvicem
340 506 421 598 fide,
448 508 678 580 remittsmhrr
705 505 752 580 ad
776 516 907 606 regem.
960 507 1096 581 Porum
1122 533 1263 604 quoque
1289 509 1399 582 nomi·

162 619 217 690 nis
244 619 299 690 sui
325 620 421 692 fama
447 627 546 693 ratus
573 619 619 691 ad
647 619 864 694 deditionem
891 644 997 718 posse
1024 619 1202 717 compelli,
1229 619 1325 692 misit
1352 617 1399 691 ad
1449 683 1452 689 .

163 721 509 823 eum'Oleocharen,
542 731 602 829 qui
629 730 856 804 denuntiaret
881 732 928 821 ei,
955 740 997 802 ut
1023 728 1239 826 stipendium
1265 730 1395 829 pende·

161 851 236 932 ret,
263 851 299 916 et
324 843 362 915 in
387 844 503 941 primo
529 867 677 918 sucrum
702 842 827 914 finium
852 841 953 915 aditu
979 851 1181 914 occurreret
1206 842 1291 939 regi.
1331 841 1399 915 Po·

1 1042 2 1050 ¹
162 976 223 1026 rus
250 950 401 1028 alterum
434 981 480 1028 ex
518 955 574 1028 his
609 955 788 1028 facturum
820 977 899 1026 sese
932 951 1134 1051 respondit,
1173 961 1215 1025 ut
1252 953 1398 1026 intranti

3 1119 7 1127 .
125 1080 312 1162 tregnum
338 1091 442 1140 suum
468 1078 613 1164 praesto
640 1076 753 1156 esset,
785 1061 850 1138 sed
875 1074 1044 1138 armatus.
1097 1062 1172 1136 lam
1198 1061 1397 1162 Hydaspen

160 1175 369 1250 Alexander
400 1203 570 1277 superare
602 1175 826 1266 decreverat,
858 1201 939 1249 cum
972 1175 1207 1265 Barzaentes,
1233 1174 1398 1250 desectio

159 1287 215 1361 nis
241 1287 446 1362 Arachosiis
479 1300 619 1380 auctor,
651 1289 792 1362 vinctus
826 1288 1042 1385 trigintaque
1083 1286 1262 1384 elephanti
1294 1289 1398 1364 simul

160 1401 256 1499 cepti
286 1399 547 1499 perducuntur,
587 1411 829 1500 opportunum
868 1397 1041 1474 adversus
1067 1396 1177 1472 Indos
1216 1401 1396 1492 auxilium,

1 1575 2 1583 ,
160 1513 291 1610 quippe
323 1513 402 1611 plus
437 1513 474 1586 in
501 1513 633 1604 beluis,
673 1539 780 1611 quam
819 1513 855 1586 in
889 1511 1048 1585 exercitu
1086 1510 1162 1607 spei
1201 1535 1242 1584 ac
1269 1512 1398 1586 virium

2 1697 7 1721 Ι
125 1622 226 1695 sillia
254 1633 341 1697 erat
376 1619 661 1722 ·Samaxusque‚
693 1649 760 1698 rex
792 1625 943 1723 exiguae
973 1621 1085 1720 partis
1111 1621 1302 1715 Indorum,
1336 1626 1396 1722 qui

126 1732 349 1808 5Barzaenti
388 1761 427 1809 se
457 1737 718 1828 coniunxerat,
758 1737 901 1810 rinctus
940 1733 1117 1808 adductus
1157 1745 1222 1808 est.
1282 1733 1396 1834 Igitur

161 1848 346 1946 transfuga
372 1859 409 1921 et
433 1849 556 1946 regulo
581 1847 620 1920 in
651 1846 868 1938 custodiam,
905 1846 1102 1944 elephantis
1136 1857 1256 1920 eutem
1282 1845 1398 1920 Taxili

159 1959 316 2049 traditis,
348 1958 396 2032 ad
421 1983 562 2031 amnem
588 1955 787 2058 Hydaspen
812 1957 994 2056 pervenit,
1031 1956 1067 2030 in
1102 1959 1201 2031 euius
1229 1958 1395 2034 ulteriore

126 2070 239 2167 tripa
263 2068 380 2143 Porus
406 2069 627 2159 consederat,
653 2070 808 2144 transitu
833 2070 1076 2168 prohibiturns
1103 2071 1252 2144 hostem.
1293 2094 1398 2146 nxxx

161 2191 249 2252 etv
276 2181 485 2279 elephantos
518 2180 698 2254 obiecerat
723 2180 853 2254 exindo
887 2205 1076 2278 corporum
1107 2182 1255 2272 robore,
1287 2184 1395 2258 ultra-

160 2316 229 2388 que
268 2315 331 2364 eos
362 2317 486 2364 currus
514 2313 602 2382 ccc,
638 2302 675 2365 et
706 2291 867 2390 peditum
891 2315 972 2366 xxx
1003 2293 1077 2366 fere
1104 2294 1214 2386 milia,
1254 2295 1290 2368 in
1317 2297 1395 2394 quis

1 2495 7 2507 ¹
158 2413 262 2476 erant
287 2403 478 2500 sagittarii,
519 2403 622 2477 sicuti
656 2403 901 2478 antedictum
935 2415 1009 2495 est,
1048 2406 1273 2501 gravioribus
1304 2408 1395 2498 telis,

126 2533 265 2612 tquam
297 2524 339 2587 nt
364 2526 447 2613 apte
480 2515 601 2588 excuti
634 2525 791 2614 possent.
844 2515 966 2615 lpsum
1001 2517 1157 2591 vehebat
1183 2519 1394 2617 elephantus

156 2649 264 2724 super
296 2637 433 2702 ceteras
464 2627 588 2702 beluas
620 2627 793 2716 eminens,
833 2652 1002 2724 armaque
1041 2653 1129 2700 auro
1169 2640 1206 2702 et
1244 2642 1394 2727 argento

156 2735 325 2811 distincte
351 2764 479 2838 corpus
506 2763 608 2812 rarae
633 2735 887 2833 magnitudinis
919 2739 1169 2813 honestabunt.
1223 2738 1296 2812 Par
1321 2741 1394 2814 ani·

1 2913 2 2920 ,
113 2939 118 2945 ¹
155 2873 236 2922 mus
268 2849 390 2924 robori
429 2849 608 2948 corporis,
643 2857 680 2921 et
711 2858 846 2944 quanta
876 2848 969 2922 inter
1000 2849 1108 2924 rudes
1139 2859 1284 2949 poterat
1316 2875 1394 2925 esse

157 2960 339 3057 sapientia.

123 3087 139 3135 8
257 3069 473 3180 Macedonas
498 3097 572 3145 non
599 3083 810 3172 conspectus
836 3075 993 3152 hostium
1020 3076 1151 3164 solum,
1188 3069 1252 3144 sed
1286 3071 1443 3146 etiam45

155 3181 319 3275 fluminis,
346 3185 443 3284 quod
457 3183 716 3260 transeundum
734 3197 820 3277 erat,
847 3189 1056 3287 magnitudo
1074 3185 1243 3260 terrebat.
1285 3178 1394 3270 Quat.

155 3303 237 3370 tuor
261 3297 300 3369 in
325 3297 548 3374 latitudinem
575 3297 691 3371 stadia
718 3296 867 3374 diffusus
894 3298 1073 3398 profundo
1101 3298 1221 3384 alveo,
1249 3303 1287 3366 et
1312 3318 1395 3367 nus·

197 3478 263 3550 Csp.
289 3487 341 3548 44,
376 3485 400 3550 §-
427 3489 450 3536 2.
493 3483 662 3554 Cleocharen]
707 3482 753 3537 Sic
822 3488 847 3551 s.
866 3491 890 3539 e.
908 3500 990 3538 nxxx
1015 3495 1039 3538 et
1057 3497 1078 3536 v
1101 3480 1264 3551 elephantos]
1300 3477 1347 3531 Sic
1369 3484 1398 3532 et
1459 3511 1465 3518 ·

155 3544 269 3612 (Graece
286 3549 481 3620 terminatione)
504 3551 531 3605 in
549 3551 601 3605 suis
618 3570 678 3606 mss.
696 3569 754 3606 esse
787 3553 880 3622 optimi
898 3562 926 3608 et
949 3553 1054 3624 plurimi
1076 3569 1138 3604 mss.
1176 3547 1269 3616 Vulgo
1287 3559 1397 3598 Lxxxv.

153 3615 377 3671 traditSnakeub.
396 3626 424 3671 et
442 3635 491 3689 ego
510 3637 544 3673 ex
553 3619 632 3674 Bern.
642 3623 668 3674 A
681 3620 753 3674 Flor.
788 3621 843 3675 Sed
861 3624 1008 3692 elephantes
1023 3621 1096 3674 Flor.
1114 3617 1202 3680 PGH,
1220 3616 1286 3668 item
1303 3623 1398 3684 postea

153 3681 202 3735 AF
220 3691 342 3738 notatum
356 3684 452 3753 inveni,
471 3687 541 3742 Flos.
552 3689 577 3741 B
594 3697 754 3742 tamencum
787 3689 833 3743 ubi
851 3697 893 3742 est
911 3692 1077 3758 elephantus,
1096 3686 1168 3740 Flor.
1187 3682 1255 3737 EHI
1273 3682 1355 3736 Bern.
1372 3681 1396 3736 B

153 3751 247 3805 ceteris
259 3754 429 3807 Cleocharen.
461 3754 527 3809 Post
543 3775 646 3811 morum
655 3758 755 3824 fialam
787 3757 892 3811 Vocat
912 3759 1030 3826 elephas,
1048 3754 1120 3808 Flos.
1139 3752 1214 3806 DFG
1232 3753 1362 3819 elephans.

153 3819 245 3874 ordine
261 3829 364 3876 mutuo
389 3839 448 3876 cum
465 3823 546 3894 vulgo
568 3823 603 3878 sit
613 3827 667 3892 fin.
685 3843 754 3878 suos.
824 3825 888 3894 Cap.
902 3831 946 3890 45,
965 3829 1027 3890 §.a
1054 3822 1180 3892 diffessa]
1208 3819 1299 3888 Vulgo
1317 3821 1398 3888 diffu-

152 3905 242 3942 omnes
259 3907 320 3944 mss.
789 3911 847 3946 sum
864 3909 1039 3946 eoservsram
1056 3889 1182 3960 inpriore
1190 3886 1316 3952 editione,
1336 3886 1397 3966 quia

186 3962 209 4028 §-
227 3965 252 4014 3.
278 3961 441 4014 Barzaeates
485 3959 554 4014 Vide
571 3975 616 4028 V1,
640 3967 687 4028 24,
711 3968 753 4016 se.
788 3977 822 4014 ex
839 3959 999 4015 Florentinis
1022 3961 1051 4012 ἀπ’
1072 3976 1137 4012 usas
1165 3974 1219 4010 non
1237 3962 1277 4008 est
1303 3954 1351 4008 nisi
1369 3954 1397 4008 in

93 4083 98 4092 ,
151 4025 257 4082 Nomen
278 4029 369 4082 addite
386 4047 403 4082 v
461 4029 469 4082 i
492 4049 509 4083 a
532 4028 697 4084 scribendum
719 4046 754 4084 ex
789 4028 965 4082 deterioribus
989 4027 1037 4082 OE
1067 4066 1074 4078 .
1116 4025 1197 4079 Nunc
1223 4032 1312 4077 summ
1338 4039 1398 4076 cum

153 4097 228 4152 codd.
246 4097 383 4152 meliorum
400 4098 574 4166 auctoritate,
597 4099 644 4152 sed
662 4115 754 4152 omnes
788 4095 1030 4166 adSnalsenburgii
1043 4105 1098 4149 tres
1110 4094 1190 4148 etiam
1200 4090 1397 4170 accedatllem.

151 4175 240 4221 nmen
258 4183 318 4221 oum
334 4167 412 4221 editis
419 4177 480 4222 ente
489 4167 593 4221 Iunium
611 4166 754 4222 terminant
786 4169 827 4234 A,
849 4184 904 4221 non
921 4164 1019 4218 dubito
1047 4163 1112 4234 quin
1129 4162 1182 4214 iam
1199 4161 1262 4214 hine
1284 4167 1398 4240 scriptor

152 4235 252 4303 syllaba
277 4238 319 4290 lis.
365 4236 435 4290 Tum
461 4237 542 4309 inseq.
569 4239 592 4305 ξ.
620 4237 754 4290 Samaeos
787 4253 803 4289 a
862 4251 928 4288 nere
954 4231 1082 4312 fluminis·
1097 4231 1132 4284 ad
1157 4245 1240 4299 genus
1261 4243 1399 4296 propnum

152 4303 518 4372 scribendum,siinnomine
531 4315 648 4362 ceterum
661 4304 753 4375 ignoto
786 4303 832 4373 Hy
851 4301 923 4374 aspis
958 4301 1109 4366 transient,
1150 4295 1222 4367 quod
1255 4296 1400 4374 secundum

152 4372 268 4427 codicum
296 4391 449 4430 eonsensum
475 4375 549 4448 sequi
579 4374 658 4429 selis:
688 4373 755 4427 editi
787 4371 924 4443 vulgatam
943 4367 1096 4450 insequenti
1113 4367 1216 4418 demum
1232 4362 1342 4433 periodo
1360 4367 1402 4445 lit.

155 4440 301 4497 Genusus.
326 4443 397 4498 Flor.
418 4443 468 4500 FG
490 4447 623 4501 Sarmens
645 4460 752 4515 quoque.
786 4439 832 4496 Sic
849 4458 908 4511 cap.
927 4446 961 4492 hl
983 4455 1069 4510 puna
1086 4451 1146 4490 oum
1163 4433 1403 4502 beteaprsccesss-
