3270 5288
514 389 565 438 nn
591 386 718 440 ensurs
745 384 1022 457 nunx.v1u,n.
1325 365 1398 436 413

166 597 338 670 usurpare
352 573 543 646 sustinuit
595 571 631 645 ls
656 571 809 670 benigne
848 572 992 671 quidem
1024 581 1215 668 exceperat
1240 567 1402 667 Hephae-

166 685 335 775 ationem,
370 685 566 782 gratuitum
597 685 817 758 frumentum
842 685 951 783 copiis
978 685 1053 757 eius
1082 681 1291 773 admensus,
1330 707 1403 756 non

166 807 287 870 tamen
312 796 345 870 ei
371 805 593 887 occurrerat,
619 822 665 869 ne
690 795 798 868 fidem
825 796 929 869 ullius
955 795 1023 869 nisi
1048 793 1141 891 regis
1169 794 1401 893 experiretur.

133 907 291 1005 altaque
322 907 480 981 venienti
512 908 655 982 obviam
682 933 763 980 cum
780 919 927 980 varmato
954 907 1114 980 exercitu
1139 931 1303 1003 egressus
1330 914 1402 996 est;

166 1019 345 1119 elephanti
371 1044 512 1116 quoque
538 1044 603 1118 per
627 1017 769 1092 modica
793 1019 982 1093 intervalla
1006 1019 1158 1090 militum
1183 1018 1315 1116 agmini
1340 1019 1403 1090 im.-

132 1129 288 1220 smixti,
333 1131 458 1228 procul
497 1132 723 1204 castellorum
770 1132 930 1204 fecerant
968 1129 1129 1228 speciem.
1194 1129 1249 1200 Ac
1286 1128 1402 1227 primo

167 1240 376 1316 Alexander
403 1269 486 1317 non
511 1243 677 1333 socium,
714 1240 781 1315 sed
818 1243 960 1316 hostem
994 1241 1190 1316 adventare
1225 1239 1403 1314 credebat.

167 1349 314 1450 Iamque
348 1362 385 1428 et
419 1353 495 1452 ipse
531 1379 631 1428 arma
656 1354 785 1428 milites
812 1377 955 1451 capere,
995 1364 1032 1428 et
1058 1353 1194 1450 equites
1222 1350 1404 1424 discedere

167 1464 203 1538 in
230 1489 365 1540 cornua
388 1465 559 1556 iusserat,
585 1477 732 1563 paratus
758 1463 807 1538 ad
831 1489 999 1564 pugnam.
1036 1463 1090 1537 At
1114 1462 1235 1553 Indus,
1262 1463 1404 1560 cognito

167 1573 404 1650 Macedonum
430 1602 569 1668 errore,
605 1578 712 1651 iussis
744 1578 939 1650 subsistere
966 1576 1109 1668 ceteris,
1147 1577 1224 1675 ipse
1251 1575 1405 1648 concitat

167 1711 314 1785 equum,
341 1713 412 1784 quo
438 1689 656 1762 vehebatur:
682 1688 778 1762 idem
803 1686 1012 1762 Alexander
1037 1713 1179 1786 quoque
1204 1687 1302 1776 fecit,
1328 1687 1405 1760 sive

167 1798 298 1888 hostis,
338 1800 414 1872 sive
448 1801 582 1874 amicus
608 1809 828 1891 occurreret,
868 1801 928 1874 vel
953 1823 1018 1872 sua
1045 1799 1196 1890 virtute,
1227 1799 1287 1874 vel
1312 1799 1404 1871 illius

135 1911 239 1986 sfide
264 1921 376 1984 tutus.
430 1907 595 2003 Ooivere,
622 1911 719 2009 quod
744 1937 792 1987 ex
816 1906 1001 2010 utriusque
1027 1911 1132 1983 vultu
1157 1922 1281 2009 posset
1304 1911 1403 1984 intel-

166 2022 237 2120 ligi,
264 2023 385 2096 amicis
405 2023 547 2096 animis:
575 2033 734 2097 ceterum
759 2023 835 2096 sine
854 2023 1048 2122 interprete
1067 2049 1140 2096 non
1166 2033 1309 2121 poterat
1323 2048 1404 2096 con·

168 2134 238 2208 seri
264 2157 390 2206 sermo.
431 2131 557 2229 ltaque
575 2133 736 2207 adhibito
755 2159 808 2224 eo,
833 2134 1007 2208 barbarus
1025 2134 1221 2208 occurrisse
1247 2161 1286 2208 se
1313 2133 1405 2208 dixit

168 2269 251 2317 cum
276 2245 451 2336 exercitu,
477 2255 574 2318 totas
599 2245 737 2344 imperii
761 2245 856 2319 vires
881 2247 1045 2343 protinus
1072 2245 1306 2346 traditurum,
1337 2272 1404 2319 nec

119 2375 150 2422 10
169 2365 395 2454 expectasse,
431 2355 516 2430 dum
550 2382 615 2455 per
639 2357 784 2430 nuntios
811 2355 958 2430 deretur
983 2356 1083 2432 fides.
1136 2355 1275 2457 Corpus
1302 2383 1406 2432 suum

168 2476 205 2541 et
229 2491 380 2564 regnum
404 2469 611 2566 permittere
635 2469 700 2560 illi,
741 2494 846 2567 quom
880 2469 987 2542 sciret
1024 2471 1159 2568 gloriae
1184 2470 1405 2562 militantem,

166 2577 254 2652 nihil
279 2580 393 2678 magis
420 2606 527 2677 quam
552 2581 685 2658 famam
709 2581 835 2655 timere
860 2579 1039 2679 perfidiae.

268 2687 402 2766 Laetus
428 2693 652 2790 simplicitate
678 2691 822 2766 barbari
843 2719 910 2766 rex
936 2703 973 2766 et
998 2691 1185 2767 dexteram
1210 2694 1294 2769 fidei
1320 2697 1455 2768 suee43

119 2822 146 2867 n
168 2803 298 2900 pignus
324 2800 434 2894 dedit,
460 2815 498 2876 et
515 2829 666 2902 regnum
690 2805 855 2876 restituit.
895 2825 959 2875 avr
977 2803 1156 2900 elephanti
1177 2817 1288 2894 erant,
1316 2829 1405 2901 quos
1624 2799 1625 2854 ἶ

168 2910 316 2986 tradidit
340 2912 568 3004 Alexandm,
598 2916 783 3011 multaque
809 2939 940 3012 pecora
965 2914 1116 2988 eximiae
1141 2915 1406 3012 magnitudinis,

166 3032 290 3098 tauros
316 3023 364 3098 ed
389 3045 431 3098 111
455 3025 566 3115 milis,
603 3026 802 3124 pretiosum
831 3024 869 3097 in
900 3051 944 3098 ea
977 3026 1123 3122 regione
1149 3037 1405 3125 acceptumque

119 3150 149 3198 rs
168 3133 294 3206 animis
320 3137 546 3234 regnantium
572 3147 782 3210 armentum.
823 3133 1016 3225 Quaerenti
1041 3136 1260 3229 Alexandro,
1286 3140 1406 3238 plures

168 3245 399 3343 agricultores
413 3247 564 3322 haberet
589 3273 635 3322 an
660 3248 812 3323 milites?
840 3274 920 3322 cum
947 3248 1087 3324 duobus
1100 3249 1245 3348 regibus
1257 3249 1408 3324 bellanti

167 3497 290 3536 oermoue
311 3498 364 3536 non
387 3475 525 3564 abhorret²
549 3501 602 3555 quo
624 3487 770 3556 ἑπιτρέπε-
804 3484 878 3539 mstis
904 3485 964 3539 dedi
989 3503 1038 3558 pro
1059 3485 1130 3568 vulg.
1151 3495 1272 3556 puratos.
1311 3485 1407 3556 Neque

168 3550 238 3602 σθαι
254 3551 346 3604 eedem
362 3549 575 3606 rationedictum
594 3553 694 3619 (Etiam
705 3553 772 3608 Ger·
805 3553 914 3608 dubium
932 3555 995 3626 quin
1013 3553 1040 3608 id
1057 3555 1149 3609 melius
1165 3553 1297 3609 referatur
1314 3555 1348 3608 ad
1365 3570 1407 3608 re-

166 3616 271 3670 msnice
292 3617 378 3672 dicere
394 3620 491 3688 possis:
518 3621 558 3674 Zu
575 3621 695 3692 regieren
712 3639 772 3676 rer-
805 3639 882 3694 gem,
900 3641 979 3694 quam
998 3625 1031 3676 sd
1049 3623 1118 3678 solos
1135 3623 1244 3694 equites.

167 3687 284 3752 stettst.)
840 3694 864 3759 ξ.
882 3697 906 3744 9.
933 3695 1031 3744 coivere
1049 3701 1203 3746 correxerat
1220 3691 1328 3759 Iunius,
1347 3709 1409 3746 nam

203 3755 226 3820 ξ.
245 3759 269 3806 8.
310 3756 405 3824 equites
437 3757 570 3809 discedere
600 3759 628 3810 in
661 3761 771 3829 cernuo]
806 3759 869 3812 olim
886 3759 949 3812 editi
967 3768 995 3812 et
1008 3775 1067 3814 mss.
1088 3763 1275 3814 omnescoiret.
1301 3760 1409 3815 Medius

168 3819 243 3875 Libri
250 3839 310 3875 mss.
327 3829 356 3875 et
373 3821 436 3875 olim
452 3822 517 3876 editi
535 3828 696 3893 descendere,
715 3843 773 3881 cor·
806 3827 890 3880 edidit
907 3829 993 3894 coire,
1012 3828 1132 3898 equidem
1149 3828 1238 3883 malim
1256 3831 1346 3883 coiere.

168 3897 276 3944 meret
301 3892 434 3944 discedere
459 3891 567 3960 Iunius,
598 3901 684 3960 recte,
711 3911 773 3948 nam
841 3897 943 3964 imperii
954 3897 1023 3948 vires
1062 3895 1107 3949 Sic
1115 3896 1180 3950 editi
1193 3906 1274 3962 recte,
1294 3899 1410 3953 codices·

169 3961 324 4012 descendere
336 3959 362 4012 h.
372 3957 389 4012 l.
417 3959 564 4014 robebileru
572 3961 772 4031 explicationem
807 3979 860 4044 que
885 3963 955 4017 Flor.
982 3963 1091 4029 DlGI,
1124 3965 1218 4036 reliqui
1252 3965 1408 4038 integriores

168 4045 222 4082 non
248 4027 337 4082 hebet
381 3976 469 4082 ldsior
494 4027 575 4081 etiam
601 4031 719 4084 conlissio
744 4031 772 4084 in
806 4031 943 4102 imperium
972 4050 1032 4098 res,
1064 4033 1208 4087 deteriores
1233 4034 1305 4089 Flor.
1332 4035 1409 4090 CEH

168 4097 245 4150 codd.
262 4095 335 4151 Flor.
352 4095 417 4150 DFI
434 4102 475 4162 (et
491 4097 548 4150 Pal.
560 4102 586 4165 1)
605 4109 653 4162 est,
670 4099 699 4152 iu
716 4099 773 4171 qui-
806 4099 927 4154 BernB
949 4102 995 4154 sed
1013 4110 1102 4155 tamen
1125 4103 1204 4156 etiarn
1221 4103 1295 4157 Leid.
1314 4104 1347 4170 (si
1364 4122 1410 4158 ve·
1491 4153 1493 4160 .

168 4165 217 4218 hus
234 4183 284 4236 pro
300 4166 415 4237 eoquod
431 4175 472 4220 est
485 4169 666 4221 ommmilites
680 4185 773 4238 cupere
805 4187 864 4223 rum
881 4169 964 4222 tradit
978 4169 1073 4241 Snslr.)
1090 4173 1195 4241 imperii
1211 4191 1263 4226 res.
1299 4172 1409 4227 Omittit

167 4233 214 4287 rel.
232 4233 270 4288 sie
288 4233 396 4305 legitur:
414 4245 530 4289 erramus
548 4237 656 4303 resiliter,
675 4241 772 4308 equites
804 4240 895 4308 imper.
914 4239 985 4292 Flor.
1003 4239 1036 4294 B.

168 4304 339 4371 descendere,
366 4303 437 4357 unde
451 4303 524 4358 Flos.
543 4304 569 4358 G
594 4315 709 4376 utreque
733 4305 771 4358 le-
840 4307 956 4388 Capiti,
975 4310 998 4376 ᾖ.
1011 4314 1050 4362 10.
1078 4311 1220 4378 decimam]
1252 4309 1298 4366 Sic
1316 4325 1408 4364 omnes

169 4370 420 4428 ctiouecouiuncta:
439 4374 619 4427 ominusilites
638 4391 732 4444 cepere
748 4384 772 4426 et
804 4385 889 4430 nostri
914 4385 1023 4447 praeter
1046 4377 1117 4432 Flor.
1135 4377 1159 4442 1,
1185 4377 1231 4448 qui
1254 4397 1313 4431 cum
1335 4379 1407 4432 vul.

168 4451 283 4495 ansatos
308 4443 402 4496 milites
432 4444 579 4514 equitesque
609 4445 770 4497 descendere.
805 4448 922 4498 dextram
937 4445 1024 4499 hsbet.
1052 4447 1122 4500 Suae
1140 4447 1380 4501 sbestsFlor.CE

168 4505 254 4562 Panlo
275 4517 338 4580 poet
353 4521 468 4580 porcius
494 4527 527 4564 ex
550 4511 672 4566 omnihus
697 4512 770 4567 libris
803 4513 915 4568 Beru.B
934 4513 1012 4570 Voss.
1028 4521 1053 4568 2.
