3254 5292
511 400 561 451 ns
587 396 715 451 oneras
746 396 856 450 arax.
881 401 932 469 ιν,
960 396 1003 449 19.
1330 377 1378 450 87

137 583 340 674 transfixit,
387 582 564 681 quosdam
592 571 720 657 ‘etiam
764 583 961 656 comminus
1003 581 1131 682 ¹gladio
1179 583 1380 681 clypeoque

134 697 307 794 impulsos
338 693 603 794 praecipitavit,
642 693 774 790 quippe
812 693 939 783 turris,
979 717 1027 766 ex
1066 717 1138 789 qua
1175 690 1378 782 dimicabat,

87 829 118 878 ιι
137 808 248 880 muris
290 805 448 878 hostium
464 802 743 902 ,propemodum
780 803 1004 880 cohaerebat
1066 802 1212 900 Iamque
1244 804 1378 876 crebris

137 918 307 991 adetibus
339 939 512 990 saxorum
546 938 718 1013 compage
743 914 883 1005 laxata,
916 915 1139 990 munimenta
1163 913 1378 1004 defecerant,

138 1038 175 1102 et
201 1028 323 1102 classis
349 1025 548 1099 intraverat
573 1035 728 1123 portum,
756 1036 793 1098 et
819 1023 965 1122 quidam
977 1023 1216 1100 Macedonum
1241 1026 1279 1101 in
1304 1034 1378 1096 tur·

137 1163 195 1212 res
220 1137 379 1212 hostium
405 1135 566 1210 desertae
594 1147 800 1209 evaserant:
832 1161 914 1210 cum
940 1133 1056 1234 Tyrii,
1089 1146 1146 1212 tot
1172 1136 1278 1210 simul
1303 1159 1376 1207 ma

137 1249 182 1322 lis
212 1249 314 1338 victi,
349 1248 408 1319 alii
442 1247 620 1346 supplices
651 1247 689 1319 in
722 1247 858 1345 templa
888 1247 1114 1344 confugiunt,
1150 1247 1209 1320 alii
1241 1247 1379 1320 foribus

138 1358 281 1433 aedium
315 1358 490 1432 obseratis
523 1367 702 1455 occupant
732 1358 884 1431 liberum
915 1358 1041 1432 mortis
1068 1359 1264 1450 arbitrium,
1291 1382 1379 1430 non-

138 1469 226 1542 nulli
250 1478 363 1542 ruunt
387 1469 425 1540 in
450 1468 608 1560 hostem,
643 1467 741 1541 haud
766 1468 871 1542 inulti
896 1479 1019 1541 tamen
1044 1471 1212 1568 perituri,
1248 1493 1381 1566 magna

138 1605 222 1678 pars
249 1603 390 1652 summa
415 1589 594 1653 tectorum
620 1579 816 1670 obtinebat,
836 1603 926 1652 saxa
951 1589 989 1652 et
1015 1580 1182 1678 quioquid
1206 1582 1281 1654 fors
1307 1604 1380 1652 ma·

89 1718 122 1766 rs
141 1690 246 1763 nibus
274 1687 435 1782 dederat,
461 1691 663 1787 ingerentes
690 1689 937 1764 subeuntibus.
976 1690 1195 1782 Alexander,
1219 1691 1380 1788 exceptis

142 1801 201 1897 qui
225 1800 263 1872 in
289 1801 426 1898 templa
451 1800 697 1898 confligerent,
724 1825 848 1874 omnes
874 1801 1033 1892 interfici,
1059 1803 1250 1900 ignemque
1276 1799 1380 1872 tectis

91 1941 124 1988 14
140 1911 234 1984 iniici
258 1899 369 1984 iubet
422 1910 488 1984 His
514 1935 579 2010 per
605 1935 799 2009 praecones
830 1907 1085 2009 pronuntiatis,
1120 1937 1227 1984 nemo
1258 1921 1406 1982 tamen.

142 2032 300 2095 armatus
336 2045 443 2121 opem
475 2047 498 2095 a
529 2019 595 2094 diis
630 2033 754 2120 petere
795 2022 979 2095 sustinuit:
1017 2023 1119 2119 pueri
1152 2021 1380 2118 virginesque

140 2134 275 2231 templs
301 2132 587 2229 compleverant,
614 2132 682 2204 viri
707 2132 744 2203 in
769 2132 948 2205 vestibulo
975 2155 1121 2213 suarum
1147 2132 1296 2229 quisque
1322 2155 1380 2203 ae·

89 2267 123 2314 rs
143 2241 242 2314 diurn
268 2243 423 2332 stabant,
449 2254 577 2340 parata
602 2242 844 2318 saevientibus
871 2243 987 2316 turba
1031 2241 1154 2316 Multis
1180 2253 1302 2315 tamen
1328 2265 1382 2314 sa·

142 2354 211 2426 luti
241 2353 341 2425 fuere
372 2350 525 2443 Sidonii,
564 2353 625 2451 qui
656 2353 751 2427 intra
785 2352 1022 2426 Macedonum
1057 2353 1235 2452 praesidia
1269 2361 1382 2426 erant.

145 2462 194 2536 Hi
223 2465 346 2537 orbem
372 2463 516 2561 quidem
541 2463 635 2538 inter
660 2465 815 2537 victores
840 2465 1079 2555 intraverant,
1113 2464 1178 2538 sed
1203 2463 1383 2561 cognatio·

140 2576 196 2648 nis
223 2601 304 2648 curn
330 2573 447 2673 Tyriis
473 2598 665 2664 memores,
698 2574 844 2674 (quippe
870 2585 1059 2673 utramque
1085 2576 1214 2648 urbem
1240 2573 1381 2673 Ageno-

140 2711 217 2759 rem
243 2675 445 2759 condidisse
472 2683 692 2781 credebant,)
724 2687 856 2758 multos
883 2685 1089 2786 Tyriorum,
1124 2688 1233 2759 ctiam
1264 2695 1382 2783 prote·

186 2806 202 2835 Ι

175 2872 249 2936 §.lta
268 2870 329 2938 puio
347 2870 467 2938 uidsors
485 2871 605 2923 monibus
624 2870 744 2940 dederat]
780 2868 834 2921 Sed
855 2885 908 2922 non
934 2887 1000 2940 opus
1025 2877 1067 2922 est
1092 2869 1172 2939 longa
1198 2866 1382 2939 explicatione,

140 2935 204 2990 Non
222 2885 463 2992 contentiosarum
481 2937 745 2992 hancesseauctoris
780 2936 904 3008 quonism
921 2939 1063 3007 praesidia
1092 2953 1172 3007 saepe
1198 2937 1234 2991 sio
1260 2935 1384 2990 dicuntur·

141 3022 259 3070 manum,
280 3023 341 3059 nam
364 3004 444 3058 Bam.
467 3007 493 3058 Α
513 3005 585 3059 Flor.
607 3005 656 3058 AB
681 3007 748 3074 quid
780 3021 829 3075 pro
854 3005 980 3058 exercitu.
1022 3004 1079 3059 cic.
1106 3021 1157 3086 pro
1184 3003 1291 3074 Ligario
1319 3021 1341 3056 c.
1368 3009 1382 3056 9

132 3076 198 3144 sora
216 3075 244 3126 in
261 3075 392 3140 monibus,
416 3073 439 3128 C
458 3076 524 3143 quid
539 3093 597 3128 sors
614 3075 643 3125 in
660 3076 746 3126 moni·
780 3076 954 3126 tantmnmodo
977 3075 1006 3126 in
1019 3074 1168 3144 praesidiis
1192 3075 1282 3140 eretis,
1301 3072 1384 3124 animi

143 3143 200 3207 bus,
218 3139 255 3193 FI
271 3144 412 3212 quodsors
430 3144 459 3195 in
475 3145 605 3210 monibus,
623 3142 648 3195 E
665 3142 745 3195 Rern.
780 3157 839 3194 vero
866 3159 883 3193 a
910 3159 991 3194 causa
1016 3143 1205 3208 abhorrebam
1229 3157 1278 3222 pro
1304 3139 1383 3192 Rosc.

142 3210 168 3262 B
191 3211 314 3280 quicquid
337 3227 396 3264 sors
418 3213 446 3263 in
473 3213 608 3275 monibus,
632 3209 658 3262 D
677 3211 748 3279 quod
779 3211 840 3262 Am.
858 3215 890 3263 43
916 3211 1041 3280 seraptem
1060 3211 1127 3262 enim
1149 3211 1188 3263 ita
1211 3213 1301 3262 dicunt
1318 3225 1383 3273 esse,

134 3280 201 3349 sors
219 3279 247 3330 in
264 3297 367 3346 monus,
390 3277 416 3332 G
428 3282 504 3400 ¹puori
519 3297 578 3334 sors
596 3281 624 3331 in
642 3297 744 3332 mnus.
780 3288 808 3332 ut
835 3295 923 3332 eorum
950 3279 1017 3332 bono
1041 3288 1150 3332 veneant
1173 3279 1219 3350 qui
1236 3278 1385 3359 proscripti

143 3346 225 3400 Vides
241 3345 324 3417 igitur
340 3346 368 3400 in
390 3365 427 3400 nu
447 3366 463 3402 ο
481 3347 570 3402 codice
587 3363 643 3400 esse
660 3347 744 3401 solum
778 3355 839 3400 sent
857 3377 869 3389 ·
887 3356 1037 3400 cursoriam
1055 3349 1100 3418 qui
1118 3351 1146 3400 in
1169 3351 1382 3401 adversariorum

142 3415 273 3482 datiuun,
300 3433 348 3486 pro
370 3421 422 3486 quo
445 3433 508 3470 sane
529 3417 618 3470 malim
639 3425 667 3468 et
689 3415 745 3487 ipsc
773 3416 922 3485 praesidiis
946 3418 1026 3470 occisi
1047 3426 1115 3471 sunt.
1151 3418 1222 3470 Dum
1239 3416 1381 3486 praesidia

142 3485 170 3536 ia
188 3502 296 3550 munus,
321 3482 370 3536 nisi
394 3483 439 3554 qui
461 3485 511 3538 hoc
527 3483 656 3538 haberent
673 3483 744 3538 codi-
778 3485 834 3537 ulta
847 3485 976 3554 suerunt,
1000 3487 1028 3538 in
1048 3487 1138 3538 Sullae
1155 3485 1304 3554 praesidiis
1320 3484 1381 3548 sicit.

141 3569 201 3605 cum
223 3551 367 3606 auctoritas
388 3552 453 3606 levis
476 3561 554 3608 esset.
595 3553 609 3605 I
656 3568 689 3604 uc
706 3553 744 3606 lo-
779 3551 848 3605 Sunt
872 3553 942 3606 enim
960 3555 1101 3624 praesidia
1124 3553 1251 3606 stationes
1269 3541 1383 3606 militrmr

142 3637 202 3674 cum
219 3620 268 3673 nisi
304 3621 375 3690 quod
399 3621 578 3675 ad'brdinem
604 3637 651 3674 ver
686 3639 744 3674 rum
778 3639 828 3692 pro
846 3621 951 3690 castris,
975 3630 1007 3675 ut
1035 3621 1118 3692 igitur
1142 3621 1187 3692 qui
1211 3621 1239 3674 in
1263 3621 1383 3674 exercitu
1492 3629 1497 3638 ·

179 3687 261 3740 rtinet
281 3688 411 3742 intactum
432 3689 541 3761 reliqui,
571 3689 696 3760 quoniam
716 3690 744 3742 in
779 3689 833 3742 sint
854 3697 935 3760 atque
958 3690 986 3742 in
1010 3690 1101 3743 castris
1123 3699 1277 3770 versentur,
1305 3689 1383 3742 iidem

169 3754 220 3808 oid.
237 3755 341 3810 videtur
356 3757 493 3811 inventum
511 3775 566 3812 esse
584 3760 745 3840 quicquidet
781 3757 851 3810 intra
878 3757 1007 3828 praesidia
1033 3757 1087 3810 sive
1113 3758 1140 3810 in
1165 3756 1300 3829 praesidiis
1327 3773 1383 3809 esse

143 3826 173 3876 in
192 3832 280 3877 ortum
298 3825 406 3879 sortasse
424 3835 465 3880 est
481 3843 515 3880 cx
533 3835 652 3898 sequenti
670 3827 748 3880 litera
782 3824 833 3878 uici
855 3826 965 3896 possint.
1000 3825 1069 3879 Vide
1094 3825 1204 3896 interpr.
1229 3827 1263 3880 ad
1287 3841 1330 3890 ιν,
1353 3831 1387 3878 44

142 3891 240 3946 initiali
257 3891 326 3947 vocis
344 3897 472 3948 munibus.
508 3895 644 3966 Principes
657 3905 747 3949 autem
782 3905 874 3947 terrere
892 3897 962 3948 illoti
997 3897 1130 3949 roesidiis.

141 3959 271 4014 editiones
281 3965 406 4032 quicquid
421 3965 541 4016 manibus
560 3981 627 4030 sors,
638 3963 748 4017 lunisna
818 3963 901 4030 ripen.
917 3981 963 4016 con
985 3965 1065 4016 idisse
1081 3963 1228 4030 credebant]
1253 3961 1328 4016 Nihil
1341 3979 1387 4014 va-

142 4031 269 4100 quicquid
286 4033 313 4084 in
331 4033 453 4086 monibus
470 4049 539 4099 sors,
557 4031 631 4084 Mod.
641 4035 711 4101 quod
719 4033 747 4084 in
783 4030 854 4084 riant
886 4029 947 4084 libri
979 4039 1025 4084 sut
1058 4030 1152 4102 scripti
1182 4040 1229 4084 ant
1254 4029 1386 4100 impressi3

140 4117 236 4152 monas
245 4101 320 4168 sors,
338 4099 502 4154 Bssileeuses
516 4117 605 4153 rursus
624 4102 750 4170 quicquid
783 4097 890 4152 Medius
914 4107 1002 4152 tamen
1031 4116 1059 4152 se
1088 4099 1222 4153 sustulisse
1249 4101 1387 4152 credebant

140 4168 263 4220 monibus
281 4185 347 4221 sors.
783 4167 922 4238 gloriatur.
959 4167 1038 4231 Quod
1057 4167 1178 4238 sequitur
1201 4170 1279 4221 etiarn
1296 4177 1387 4236 prote-

177 4237 200 4302 §‚
221 4241 261 4287 14.
280 4254 297 4290 o
316 4237 380 4304 diis]
408 4237 460 4289 Dis
478 4237 601 4291 scribitur
622 4235 650 4288 in
667 4236 747 4290 Rern.
782 4246 871 4306 pentes
902 4251 935 4288 cx
955 4236 1008 4288 lica
1040 4237 1106 4290 adeo
1133 4237 1303 4289 defendentes
1329 4235 1388 4288 illos

144 4305 171 4356 Α
187 4302 260 4356 Flor.
278 4306 304 4357 A
322 4303 396 4357 Laid.
414 4305 491 4359 Voss.
511 4313 533 4358 1.
784 4305 909 4358 adversus
944 4305 1087 4358 lacedonus
1125 4305 1152 4357 ui
1175 4305 1327 4358 abstrahere
1345 4321 1388 4356 oa·

177 4373 251 4439 §.lia
287 4375 316 4426 ui
333 4375 404 4426 intro
419 4374 594 4427 blacedonum
606 4374 749 4442 praesidio
783 4373 872 4443 ptivos
890 4373 996 4426 vellent.
1035 4323 1165 4426 Occuiioti
1187 4373 1301 4444 donique
1324 4371 1387 4426 olim

143 4443 229 4508 aaut]
247 4391 364 4494 biii-atur
381 4441 484 4495 dicendi
503 4442 641 4496 sor-mulam
660 4441 749 4494 Schei—
784 4441 918 4493 edideram
934 4441 1082 4522 Bipontino
1100 4442 1243 4512 exemplari
1261 4459 1337 4506 usim,
1361 4448 1388 4490 ct

143 4506 214 4560 serus
236 4517 265 4562 et
286 4509 419 4581 explicare
445 4511 535 4564 studet
557 4509 749 4565 Schmiederns.
784 4509 883 4580 lep'tur
906 4509 943 4563 sic
964 4529 992 4562 m
1016 4510 1126 4564 Iuniana
1148 4519 1177 4564 et
1198 4511 1272 4566 Mod.
1294 4507 1389 4562 editio-
