3158 5294
231 387 313 488 Ι476
572 391 576 405 ’
710 409 744 472 c.
773 408 895 460 cunrn
920 409 1005 460 aum

239 589 308 682 Qui
334 592 448 690 primo
475 592 576 690 aquis
603 592 675 666 leni
699 600 819 666 tractu
850 591 1086 666 subeuntibus
1112 591 1231 690 coepit
1261 593 1396 666 levare
1431 617 1489 665 na·

237 703 348 801 vigia,
383 729 470 778 mox
503 704 588 777 totis
622 705 755 803 campis
786 703 964 778 inundans
998 704 1112 790 etiam
1143 704 1284 801 impulit
1318 705 1488 778 classem

237 813 459 912 Plaususque
490 815 642 890 militum
667 815 972 913 nauticorumque,
999 816 1216 914 insperatam
1236 816 1403 889 salutern
1430 817 1489 889 im-
1503 835 1522 882 r:

236 926 376 999 modico
411 928 667 1000 celebrantium
699 925 849 1025 gaudio,
889 926 1053 1000 litoribus
1085 927 1241 1027 ripisque
1272 929 1489 1000 resonabat

236 1037 340 1112 Unde
367 1048 508 1111 tantum
533 1037 686 1112 redisset
711 1038 830 1113 subito
857 1039 980 1112 mare?
1020 1063 1090 1136 quo
1123 1037 1236 1136 pridie
1262 1038 1489 1138 redigisset?

235 1175 411 1246 quaenam
450 1162 545 1224 esset
583 1148 742 1224 eiusdem
782 1151 947 1225 elementi
985 1161 1134 1242 natura,
1179 1148 1288 1223 modo
1329 1151 1488 1240 discors,

235 1259 343 1350 modo
370 1259 517 1358 imperio
550 1271 752 1360 temporum
784 1261 966 1337 obnoxia?
1002 1259 1204 1336 mirabundi
1234 1263 1486 1358 requirebant

234 1371 314 1445 Rex
346 1397 428 1445 cum
461 1397 508 1445 ex
540 1397 602 1461 eo,
638 1373 736 1472 quod
773 1372 969 1464 acciderat,
1005 1373 1238 1462 coniectaret,
1274 1383 1364 1470 post
1402 1375 1487 1450 solis
1501 1395 1522 1440 ιτ
1552 1393 1553 1404 ’

235 1493 356 1556 ortum
391 1493 524 1556 statum
559 1494 700 1584 tempus
736 1511 833 1576 esse,
870 1485 916 1558 de
949 1483 1068 1558 media
1101 1493 1224 1575 nocte,
1260 1494 1303 1556 ut
1338 1498 1488 1560 aestum

235 1604 445 1692 occuparet,
490 1619 571 1668 cum
611 1597 734 1694 paucis
775 1595 925 1694 navigiis
968 1594 1127 1668 secundo
1168 1618 1273 1667 amne
1314 1595 1487 1670 defluxit

233 1703 461 1804 Evectusque
494 1732 534 1780 os
567 1708 642 1780 eius
675 1707 912 1807 quadraginta
943 1706 1060 1780 stadia
1091 1707 1265 1805 processit
1294 1708 1333 1780 in
1370 1734 1485 1798 mare,
1553 1757 1554 1776 ι

233 1814 379 1890 tandem
404 1817 481 1892 voti
508 1818 563 1890 sui
591 1843 753 1917 compos3
789 1817 1083 1918 praesidibusque
1115 1828 1153 1892 et
1182 1819 1290 1891 maris
1318 1829 1357 1892 et
1387 1821 1485 1894 loco
1554 1864 1555 1942 l

231 1955 310 2002 rum
337 1927 404 2004 diis
431 1931 602 2004 sacrificio
628 1931 733 2023 facto,
764 1930 813 2004 ad
837 1932 987 2004 classem
1012 1928 1127 2003 rediit.
1554 1947 1555 1960 ¹

182 2042 229 2113 38
334 2039 428 2115 Hinc
453 2041 645 2116 adversum
672 2041 805 2116 flumen
832 2043 928 2117 subit
954 2041 1092 2132 classis,
1125 2051 1162 2115 et
1187 2041 1300 2114 altero
1328 2039 1394 2116 die
1424 2061 1517 2141 ap!-

230 2153 334 2249 pulsa
359 2162 415 2226 est
440 2151 537 2226 haud
572 2153 696 2251 procul
731 2154 812 2226 lacu
845 2155 956 2246 salso,
991 2153 1091 2226 cuius
1125 2151 1307 2249 incognita
1342 2166 1484 2229 natura

213 2263 419 2361 ,plerosque
446 2263 587 2364 decepit
613 2275 747 2338 temere
773 2265 954 2364 ingressos
981 2289 1119 2362 aquam.
1165 2260 1306 2360 Quippe
1334 2267 1483 2340 scabies

231 2398 382 2472 corpora
407 2375 554 2464 invasit,
593 2385 630 2450 et
656 2377 860 2474 contagium
893 2376 1009 2449 morbi
1036 2355 1143 2449 etiam
1168 2375 1205 2447 in
1231 2373 1320 2447 alios
1348 2379 1482 2476 vulga·

232 2493 309 2556 tum
335 2495 400 2556 est.
441 2481 571 2559 Oleum
597 2486 754 2561 remedio
780 2489 856 2561 fuit.
892 2486 1078 2562 Leonnato
1104 2484 1233 2560 deinde
1259 2487 1508 2583 praemissas

264 2679 338 2745 §.tt
374 2681 433 2732 totis
451 2679 551 2758 campis
568 2680 712 2749 inundans]
746 2679 830 2736 Codd.
899 2689 922 2734 et
940 2681 1023 2732 maris
1041 2689 1064 2734 cl
1083 2680 1207 2746 locomml
1225 2677 1336 2749 Duplex
1355 2690 1381 2732 et
1402 2681 1433 2735 in
1447 2681 1479 2734 li·

229 2744 363 2800 Snakenb.
381 2755 408 2800 et
426 2755 508 2801 nostri
525 2756 631 2818 praeter
648 2747 830 2803 ruscea-
864 2747 919 2802 bris
928 2766 988 2802 mss.
998 2747 1118 2803 omnibus
1127 2746 1277 2812 exhibetur,
1313 2748 1479 2819 auciqroein

228 2817 357 2870 undanter
375 2818 508 2870 mendosa
537 2816 663 2872 Ceterum
682 2819 741 2872 totis
759 2835 829 2872 cam·
858 2819 1076 2889 praesidibsuque
1084 2816 1220 2881 omittunt,
1230 2815 1302 2868 Flor.
1332 2816 1477 2873 IVcss.2.

222 2885 269 2954 pis
287 2902 340 2938 non
358 2885 461 2940 dativae
478 2901 534 2938 esse
552 2887 598 2938 scd
618 2886 748 2940 ablativos
769 2903 829 2940 een·
898 2885 964 2956 Cap.
978 2892 1027 2952 38,
1049 2887 1072 2954 §-
1089 2894 1110 2939 1.
1145 2886 1212 2937 subit
1234 2887 1339 2953 classa]
1376 2885 1476 2958 Vulgo

228 2969 287 3018 seo,
307 2953 375 3008 sieut
396 2954 478 3008 etiam
501 2955 571 3024 apud
588 2953 693 3008 Livium
710 2962 828 3021 v111‚24
862 2956 955 3021 subiit,
983 2955 1029 3008 sed
1055 2971 1109 3007 non
1132 2952 1238 3032 videtqr
1261 2951 1308 3005 illa
1334 2954 1388 3007 seri
1413 2965 1476 3009 urm

228 3021 321 3076 imbres
340 3025 464 3091 continui,
483 3041 548 3076 cam
579 3024 607 3077 is
626 3025 768 3077 omnibus
787 3025 827 3077 in·
862 3023 1022 3093 optimorum
1040 3021 1362 3076 codicumLerd.Voss.1
1416 3043 1476 3078 ern.

227 3095 373 3158 audanter;
391 3109 452 3145 nam
470 3093 534 3144 inan
554 3109 600 3145 cre
618 3092 664 3145 ubi
680 3109 767 3145 casum
781 3093 828 3145 ali-
861 3095 887 3144 A
904 3091 976 3144 Flor.
986 3090 1058 3144 ABG
1078 3089 1271 3144 contemnenda
1288 3105 1356 3156 esse,
1376 3108 1476 3161 qnam.

246 3177 305 3214 uem
322 3159 405 3230 regit,
429 3160 604 3214 accusativum
623 3159 757 3228 adsciscit,
780 3162 828 3214 sed
879 3177 940 3213 uam
954 3158 1130 3214 Praeteritum
1147 3159 1261 3228 appulsu
1278 3168 1315 3212 est
1334 3161 1473 3228 sequitur.

227 3177 323 3282 dicitur
340 3228 421 3283 etiam
438 3229 494 3283 sine
506 3245 567 3282 casu
585 3247 634 3300 pro
647 3232 754 3300 fiendi,
773 3241 828 3284 sto·
890 3245 933 3281 am
953 3227 1018 3280 illud
1040 3235 1197 3310 perpetuum
1218 3225 1318 3306 aliquid
1343 3244 1395 3297 per
1416 3247 1476 3284 cer·

224 3313 315 3366 qnare.
862 3305 918 3350 tum
944 3307 1068 3368 temporis
1098 3309 1214 3366 spatium
1239 3312 1260 3347 ar
1299 3294 1383 3365 'cat‚
1423 3299 1476 3352 hoe

261 3371 334 3432 §.w
357 3367 468 3418 eiusdem
486 3367 612 3433 alomenu]
636 3367 749 3418 elfredam
758 3384 828 3419 men-
862 3366 932 3436 quod
950 3365 1031 3419 semel
1052 3366 1151 3418 factum
1173 3372 1224 3417 est.
1273 3363 1333 3416 dem
1351 3383 1405 3419 usu
1426 3385 1474 3420 re.

226 3434 260 3486 eis
278 3432 351 3486 Laid.
370 3433 469 3486 Vossl
489 3433 569 3486 Bern.
579 3435 611 3485 A.
638 3433 706 3486 Item
720 3435 826 3488 Modius
860 3434 900 3487 nit
916 3435 996 3504 paulo
1013 3441 1088 3504 post,
1110 3433 1156 3486 ubi
1192 3449 1223 3484 ro
1240 3429 1285 3484 rui
1321 3440 1352 3486 to
1369 3436 1475 3489 subsri-

225 3507 272 3554 aut
288 3503 380 3554 mentis
398 3508 445 3553 aut
467 3512 550 3554 motus
572 3501 600 3555 in
621 3501 673 3554 suis
696 3504 825 3556 membra·
860 3503 891 3556 u't
908 3519 923 3555 e
938 3501 1014 3556 Laid.
1032 3500 1139 3555 Vossl
1185 3517 1240 3553 ern.
1256 3501 1282 3552 A
1321 3499 1374 3555 lor.
1388 3502 1474 3558 ABG

225 3567 266 3622 nis
283 3569 403 3622 exhiberi
420 3570 511 3623 tradit.
860 3571 921 3624 dedi
938 3572 1064 3624 subsistit

260 3641 282 3706 §.
298 3644 339 3692 27.
375 3647 471 3691 stolum
493 3639 602 3760 tempus?
639 3637 683 3692 sie
709 3638 770 3691 inde
791 3640 826 3694 ab
895 3641 1029 3708 insepulto
1054 3640 1161 3706 namra]
1202 3635 1247 3690 Sic
1272 3635 1333 3690 mati
1361 3656 1473 3708 omnes,

224 3706 302 3760 lunio
320 3706 400 3778 vulgo
417 3707 519 3773 editur,
541 3715 570 3760 et
596 3707 683 3778 egitur
700 3706 727 3760 in
744 3708 825 3763 Bern.
852 3707 925 3762 'editi
940 3710 1038 3776 iqnoto.

223 3775 461 3830 ALeid.v0ss.1
483 3775 630 3830 mosne:
654 3776 700 3829 reli
722 3776 748 3829 ui
770 3787 825 3830 sto·
894 3777 1051 3845 contactum]
1088 3773 1194 3844 Operae
1234 3772 1332 3826 retium
1354 3775 1473 3832 videtur

224 3853 312 3897 tutum.
340 3843 411 3898 Tum
423 3847 508 3898 media
522 3855 603 3913 nocte,
623 3793 823 3916 quodlrqunio
878 3852 969 3916 repter
995 3841 1115 3897 Cortium
1146 3841 1181 3894 ad
1223 3840 1265 3893 all
1291 3840 1352 3895 Cat
1374 3849 1408 3896 10
1439 3857 1472 3900 ut

224 3909 285 3965 inda
306 3911 404 3976 editur,
431 3916 458 3969 in
480 3932 532 3967 uno
555 3912 667 3966 Fiunt}
687 3913 824 3968 inventum
889 3913 937 3966 arii
958 3911 1090 3966 Victorini
1112 3910 1194 3963 verba
1213 3927 1241 3979 p.
1255 3913 1322 3963 2469
1352 3909 1471 3970 Putsch.

223 3988 277 4047 est,
302 3979 329 4033 in
352 3982 458 4054 reliquis
480 3990 528 4035 aut
550 4001 580 4035 ea
602 3990 643 4035 est
661 3990 708 4035 aut
726 3993 766 4049 et,·
793 4001 824 4036 es
858 3979 1302 4046 huatransscribam:„Gontoplos
1321 3978 1469 4038 udomnss

222 4049 364 4102 deteriores
382 4059 411 4104 et
427 4053 499 4116 Ald,
517 4060 541 4102 et
558 4051 677 4104 meliores
691 4067 749 4106 cum
763 4053 823 4105 add.
857 4051 1024 4104 fereveteres
1033 4047 1063 4117 (i.
1073 4065 1096 4100 e.
1105 4045 1231 4127 imprimis
1239 4061 1294 4115 sp„
1315 4046 1468 4114 iceronem)

222 4117 305 4189 princ.
337 4119 443 4173 habent.
483 4121 536 4174 Sed
563 4126 683 4172 neutrum
715 4120 822 4190 probari
857 4119 953 4190 scripta
970 4125 1010 4170 est
1026 4116 1188 4171 nominativo
1206 4130 1282 4179 casu,
1304 4121 1335 4167 ut
1358 4117 1469 4174 obsidio

221 4189 476 4257 potcst,emendavi
494 4188 627 4244 demedio
645 4198 725 4240 nocte.
753 4187 822 4240 Nam
859 4203 961 4258 quoque
975 4193 1003 4238 et
1016 4187 1119 4250 obliuio,
1137 4185 1184 4236 sed
1201 4191 1339 4254 poetarum
1353 4181 1469 4243 licentia

221 4271 255 4309 ne
282 4255 340 4338 quis
365 4256 472 4310 fallatur
503 4275 535 4310 er
563 4255 681 4326 quamvis
712 4254 822 4309 similem
875 4256 967 4308 rimam
986 4254 1049 4308 fecit
1066 4254 1188 4321 contoqia
1201 4259 1229 4303 et
1243 4252 1347 4332 qblivia,
1367 4265 1468 4324 postea

220 4323 438 4447 qignihcatippem
461 4327 570 4449 habeat&
598 4323 695 4446 qicitur
720 4331 822 4378 tantum
856 4273 1008 4446 'dici-eoepit
1021 4319 1391 4457 osbilr'oiufflffletffiqmpgnpp
1400 4342 1466 4405 φη.

239 4409 356 4446 eeou
413 4409 821 4450 exaorneemreusue
866 4411 960 4446 ctum.
1418 4411 1465 4448 ron

220 4461 253 4514 ad
271 4411 371 4515 cerldm
393 4471 497 4534 tempus
520 4465 563 4532 lit,
590 4410 821 4533 nonbimplicller
856 4411 926 4532 apbd
948 4407 1110 4530 argentella}u
1116 4455 1211 4512 aetatis
1237 4455 1370 4525 precarios
1386 4411 1465 4516 ‘lut

219 4529 289 4584 idem
306 4531 378 4587 valet
395 4533 468 4604 quod
483 4544 554 4603 post.
854 4537 945 4602 ptores
962 4537 991 4584 et
1007 4527 1088 4600 paulo
1105 4525 1190 4582 ratus
1207 4523 1349 4578 invenitur.
