3180 5286
628 379 826 432 nnenuvnx.
1270 353 1343 431 583

195 567 221 640 S.
249 567 298 622 14.
333 567 518 641 Spitarnenem
539 575 564 622 et
589 565 729 640 Carenem]
755 564 898 639 Spitamen
922 562 1002 622 Leid.
1021 563 1114 622 Puris.
1132 565 1209 639 AB,
1233 563 1345 642 Spitam

92 651 196 710 Bern.
221 652 270 724 A,
298 661 324 710 et
340 653 481 726 epitomem
504 650 591 708 Bern.
608 649 652 724 Β,
680 658 705 707 et
730 649 913 724 Spitamenen
937 649 1016 708 Flor.
1040 650 1089 724 H,
1118 650 1294 724 Spitamenen
1319 661 1344 709 et

96 736 248 796 Cathenen
271 735 350 794 Flor.
372 736 406 811 Ι,
438 735 633 811 Spitamenen
656 734 752 794 Paris.
778 732 814 792 C.
859 734 1035 808 Spitamenen
1060 744 1084 794 et
1110 733 1229 794 Catanen
1254 734 1342 794 Snuk.

92 821 195 879 edidit
211 821 309 880 addito
326 839 380 880 suo
396 821 446 880 Sic
462 821 535 878 Mes.
552 819 602 880 sed
623 819 742 878 Catonem
764 821 800 878 de
817 819 923 878 nostris
941 839 1016 878 uinus
1033 819 1120 880 Beru.
1141 822 1182 878 A.
1208 823 1234 878 ei
1255 823 1343 880 tradi-

93 908 162 982 ties]
183 915 210 964 ei
226 909 299 964 vva.
316 907 404 966 Bern.
420 907 452 964 A
470 906 549 966 Flor.
566 902 668 978 ABG,
686 905 777 963 omitt.
794 907 820 961 ei
835 904 915 962 Flor.
932 903 999 963 FG.
1043 916 1207 964 novaverant
1224 926 1268 964 res
1286 910 1342 964 ius-

93 993 151 1066 sit]
172 1001 305 1049 noverant
321 994 425 1050 rernieit
440 991 520 1049 Flor.
536 990 597 1050 ΕΗ
614 991 701 1048 Bern.
719 990 763 1063 Β,
785 999 915 1048 noverm
931 1009 961 1046 rc
978 992 1058 1048 iussit
1079 991 1158 1050 Flor.
1178 989 1212 1065 0,
1229 1009 1343 1050 novave-

95 1087 170 1134 rant
195 1093 247 1133 rec
271 1077 350 1134 iussit
373 1077 467 1134 Paris.
485 1077 517 1134 A
541 1076 663 1134 FlanF
689 1084 718 1132 et
741 1077 773 1133 A
795 1094 873 1149 apr.
890 1094 930 1138 m.
958 1075 1002 1151 (in
1025 1075 1105 1134 Flos.
1126 1077 1153 1134 B
1178 1077 1248 1136 haee
1268 1077 1343 1136 inter

96 1162 252 1221 coercerndo
270 1169 299 1218 et
314 1163 489 1220 coercendam
511 1161 658 1222 munau
679 1160 876 1234 exciderunt),
903 1169 1035 1220 noverant
1050 1179 1095 1220 res
1118 1159 1211 1224 Voss.
1229 1164 1248 1220 2
1267 1162 1341 1220 Mer.

98 1255 246 1304 moveram
262 1264 308 1303 ree
323 1247 393 1305 Ald.
408 1246 475 1307 Iun.
495 1249 544 1322 qui
558 1255 723 1304 novaverant
740 1245 860 1323 (omisso
876 1248 935 1320 res)
953 1244 1033 1304 Mod.

194 1333 219 1404 S.
246 1331 294 1390 15.
332 1331 446 1409 Itaque]
462 1332 576 1407 Iamque
593 1331 672 1391 Flor.
687 1329 772 1390 CEH
789 1331 875 1388 Bern.
890 1330 916 1387 Β
937 1330 1008 1406 (non
1024 1338 1120 1390 sutem
1138 1331 1180 1390 sic
1195 1341 1228 1391 ut
1242 1340 1343 1410 postea

99 1418 162 1474 iam
187 1415 358 1492 omittatur).
387 1417 542 1493 difficulter]
567 1418 708 1490 Afficiiiter
732 1415 856 1475 ulons
881 1415 975 1474 Paris.
1002 1413 1036 1478 C.
1081 1420 1281 1477 concitaverunt
1305 1419 1343 1477 ad

99 1502 199 1576 arata]
218 1501 258 1558 ad
274 1520 353 1560 mnia
368 1504 568 1562 couniamur
584 1503 662 1560 Flor.
680 1501 727 1560 DI
744 1501 839 1560 Poris.
855 1500 896 1558 A.

193 1583 266 1661 Cap.
285 1587 341 1658 27,
370 1588 395 1659 S.
408 1607 410 1614 ·
424 1587 473 1644 16.
521 1587 661 1662 obsidere]
691 1587 828 1646 obeidione
851 1585 947 1644 Paris.
972 1582 1007 1644 O.
1057 1588 1171 1664 victori]
1197 1589 1342 1648 victoribin

100 1670 187 1729 Flor.
207 1669 293 1730 CEH
310 1671 397 1730 Bern.
415 1671 442 1730 B
459 1671 549 1730 Voss.
567 1673 599 1736 2.

188 1758 215 1830 5.
234 1757 285 1816 20.
321 1757 383 1814 urii
398 1757 534 1832 candiae]
552 1759 631 1816 cond.
648 1757 712 1816 urii
726 1757 806 1816 Flor.
823 1754 911 1815 CEH
928 1755 1015 1814 Bam.
1035 1757 1061 1814 Β
1083 1755 1172 1815 Voss.
1191 1758 1222 1815 2.
1252 1758 1341 1816 Serui-

99 1840 219 1920 ramio]
236 1841 402 1900 Samiramin
419 1842 498 1900 Flor.
515 1843 532 1899 Ι
556 1843 650 1902 Paris.
667 1839 709 1915 0,
733 1841 904 1900 Samiramin
925 1839 1007 1900 Laid.
1024 1840 1113 1901 Voss.
1134 1845 1149 1899 l
1177 1843 1261 1918 (puto
1278 1861 1341 1902 esse

101 1933 139 1984 ut
155 1926 296 1986 Mirus
313 1927 407 1986 Paris.
429 1923 571 1986 Sdmiram
587 1931 617 1986 in
635 1929 734 2002 quos),
756 1927 895 1986 Samiram
911 1929 940 1984 in
958 1945 1026 2001 quoe
1042 1926 1129 1985 Bern.
1147 1926 1192 1998 A,
1213 1930 1341 1986 tanrirarn

100 2014 454 2154 1ᾳΗιιέἓ.ι’νι,ὴννιαςμῖἷίιιάἱηονζι
475 2031 521 2070 an.
544 2015 736 2154 Ξοὶανίεαισηι
752 2012 832 2071 Flor.
851 2013 883 2071 H
907 2011 995 2072 Beru.
1012 2011 1049 2069 B.
1088 2013 1225 2090 credebat]
1244 2013 1341 2072 omisit

177 2115 222 2155 rus
258 2117 308 2154 rev
330 2107 481 2172 oquenuse
497 2105 545 2156 stu
566 2097 602 2156 ’0.

193 2183 218 2255 5.
244 2183 294 2238 21.
332 2183 417 2257 redit]
440 2183 542 2257 redepit
558 2183 637 2241 Flor.
653 2183 713 2240 ΕΗ
731 2183 817 2240 Bern.
835 2183 872 2240 B.

192 2269 218 2340 S.
241 2267 292 2323 22.
335 2275 361 2323 et
377 2269 502 2341 miiitum]
529 2265 631 2326 omitt.
648 2277 674 2326 et
689 2268 769 2326 Flor.
789 2266 845 2326 GH
867 2267 956 2329 Bern.
974 2267 1010 2326 B.
1041 2269 1207 2345 paricidam]
1226 2269 1341 2344 periculi

104 2350 185 2409 Flor.
202 2350 278 2410 DFI
294 2351 359 2410 Pal.
379 2354 406 2410 l.
436 2356 523 2428 effusa
539 2352 730 2433 collaberetur]
748 2353 844 2430 obstac
860 2353 1044 2412 conlaberetur
1060 2354 1147 2412 Bern.
1158 2356 1191 2412 A
1207 2363 1237 2412 et
1253 2354 1341 2412 edidit

105 2435 197 2494 Snnk.
220 2436 270 2511 qui
294 2437 389 2506 obsura
406 2456 443 2494 ex
459 2437 541 2498 Leid.
560 2438 649 2497 Voss.
670 2440 685 2496 1
712 2439 808 2511 effert,
832 2439 869 2496 nd
886 2439 1071 2496 conlaberetur
1094 2439 1167 2496 nihil
1184 2439 1340 2499 testimonii

104 2522 195 2593 effert,
213 2522 263 2580 sed
280 2541 333 2580 nec
348 2541 385 2580 ex
403 2523 481 2582 Flor.
499 2523 651 2599 quicquam
668 2524 815 2582 diversum
831 2526 868 2583 eb
885 2543 920 2582 ea
937 2523 1077 2600 scriptura
1094 2525 1218 2584 affertur.
1244 2525 1340 2601 Offuaa

104 2616 201 2666 marcu
217 2607 296 2666 Flor.
313 2608 432 2666 ABEH
450 2609 537 2668 Bern.
555 2609 593 2683 Β,
609 2613 723 2685 confusa
741 2610 820 2668 Flor.
837 2607 913 2668 FGI
930 2609 994 2668 Pal.
1014 2611 1029 2666 1
1049 2610 1144 2668 Panis.
1161 2612 1209 2684 Α,
1226 2611 1339 2670 coliibe-

104 2701 181 2750 retvr
197 2700 313 2751 notatur
329 2712 367 2750 ex
383 2693 477 2752 Paris.
494 2696 521 2751 B
539 2695 626 2752 Born.
643 2694 680 2754 Β.
728 2695 820 2752 Oculis
843 2695 958 2768 calipine
975 2697 1096 2770 confusis
1117 2696 1207 2754 edidit
1222 2696 1339 2755 Modius

105 2777 247 2852 traditque
263 2778 305 2837 ita
321 2797 385 2838 esse
401 2779 432 2838 in
448 2780 620 2838 membranis
638 2777 875 2852 coloniensibus,
892 2796 956 2836 cum
974 2779 1004 2835 in
1022 2776 1277 2857 sigebergensibus
1294 2781 1338 2839 in-

106 2871 223 2922 ventum
241 2863 280 2922 sit
296 2865 410 2938 cottana
427 2867 511 2924 oeulis
527 2869 651 2941 confusa.

192 2967 217 3040 S.
242 2967 294 3024 23.
336 2968 491 3040 percurato]
517 2974 664 3040 procurato
688 2965 768 3023 Flor.
792 2964 869 3022 ΕΗΙ
893 2964 980 3021 Bern.
1003 2965 1039 3022 B.
1083 2965 1195 3045 inatitr't]
1220 2968 1339 3025 increbuit

107 3051 184 3110 Flor.
201 3051 249 3110 DI
265 3052 330 3110 Pel.
350 3053 377 3108 1.
420 3053 546 3126 suffossa]
573 3050 699 3127 subfossa
720 3049 808 3108 edidit
825 3048 968 3108 Snnkenb.
992 3051 1042 3108 sed
1064 3055 1181 3126 suffossa
1202 3052 1233 3109 iu
1250 3052 1337 3110 Bern.

107 3146 225 3213 uuoqm
242 3144 271 3194 et
286 3135 382 3195 Paris.
406 3137 498 3194 tribus
522 3145 598 3194 ωηο
622 3135 741 3212 legitur,
769 3153 822 3193 nec
842 3155 859 3192 e
876 3135 955 3192 Flor.
978 3134 1123 3194 diversum
1148 3137 1298 3212 quiequam
1321 3155 1340 3194 a

110 3225 246 3298 scriptura
262 3226 323 3298 ruffi
341 3230 465 3293 notatur,
482 3221 539 3279 nisi
556 3221 633 3297 quod
650 3224 754 3296 cuffuea
773 3219 825 3280 ΟΕ
843 3221 956 3278 habent.
992 3223 1105 3295 irrupit]
1129 3223 1234 3298 inrupit
1251 3223 1338 3280 Bern.

110 3309 140 3366 A
155 3307 248 3366 Paris.
263 3307 296 3365 A
315 3308 379 3381 (sed
396 3308 483 3364 Bern.
500 3307 527 3364 B
544 3307 639 3365 Poris.
657 3303 710 3363 BC
729 3303 846 3385 irrupit)
863 3323 901 3362 ex
917 3305 997 3363 Flor.
1015 3306 1086 3363 nihil
1103 3326 1121 3364 a
1138 3307 1279 3383 scripturo
1295 3311 1337 3366 in·

109 3395 182 3468 rupit
197 3392 342 3451 diversum
360 3401 490 3451 notatum
507 3400 560 3450 est.
603 3391 707 3467 corbera]
727 3391 819 3450 omitt.
836 3391 916 3449 Flor.
935 3387 1020 3449 GEH
1037 3391 1123 3448 Bern.
1141 3393 1177 3449 B.

191 3493 262 3571 Cap.
280 3495 338 3568 28,
360 3495 385 3569 5.
404 3495 454 3552 24.
489 3494 577 3569 Hinc]
597 3493 653 3551 Hic
676 3493 764 3552 Bern.
782 3496 815 3552 A
836 3494 916 3552 Flor.
933 3494 1048 3553 ADFI.
1092 3504 1117 3552 ct
1134 3492 1247 3552 Davo
1263 3497 1338 3569 equi-

112 3579 189 3654 tibus]
209 3579 300 3637 omitt.
317 3589 342 3636 et
357 3579 423 3639 Pal.
442 3579 459 3637 I
475 3579 554 3638 Flor.
572 3579 628 3650 Ι)Ι,
646 3581 765 3654 equinam
781 3579 860 3638 Flor.
879 3576 963 3638 CEH
980 3581 1067 3638 Bern.
1085 3580 1122 3636 B.
1160 3579 1339 3638 Maracanda

114 3663 310 3720 Maracandam
326 3662 407 3721 Leia.
424 3665 513 3722 Voss.
533 3667 547 3721 l
567 3663 632 3722 Pel.
652 3665 666 3720 1
687 3664 781 3722 Paris.
798 3673 857 3723 tres
874 3665 962 3723 Bem.
981 3667 1012 3722 A
1030 3664 1108 3722 Flor.
1126 3663 1242 3738 ACGI,
1259 3683 1338 3723 maru

113 3749 241 3822 quondan
266 3747 344 3804 Flor.
367 3748 399 3805 H
423 3749 509 3805 Bern.
526 3749 571 3821 Β,
599 3749 817 3822 maraqzcandam
838 3749 928 3807 Voss.
953 3751 982 3806 2.
1026 3751 1230 3806 Maracandam
1251 3751 1337 3808 etiam

112 3831 170 3890 edd.
185 3839 256 3891 vett.
275 3833 363 3890 donec
379 3834 501 3891 oomxit
516 3833 630 3891 Iunius.

190 3936 215 4008 S.
234 3935 284 3992 25.
327 3935 366 3992 ad
386 3935 515 4010 Tanaim]
540 3933 623 3992 Nihil
645 3933 792 3992 diversum
809 3944 925 3994 notatur
948 3936 1059 3994 eFlor.
1083 3945 1111 3994 st
1133 3906 1337 4010 BernensibuS,

113 4038 278 4096 quemquem
296 4017 386 4078 Snak.
415 4020 524 4077 Tanain
542 4019 663 4096 scripsit.
680 4019 775 4079 Paris.
794 4019 825 4078 A
847 4021 966 4096 Tanain,
984 4023 1034 4080 sed
1051 4019 1104 4082 Bc
1126 4025 1250 4082 Tanaim.

189 4123 214 4197 S.
233 4123 283 4180 27.
316 4121 498 4198 evolaverunt]
516 4125 688 4180 easoiuerunt
704 4121 798 4181 Poris.
817 4119 852 4197 0,
870 4125 1027 4183 evolverunt
1045 4125 1123 4184 Flor.
1138 4123 1194 4186 CH
1209 4125 1335 4184 Bern.B

114 4209 193 4266 Voss.
211 4209 229 4264 2
249 4205 317 4267 edit.
335 4207 406 4268 Ald.

189 4308 261 4387 Cup.
279 4311 331 4383 29,
348 4311 374 4384 5.
394 4312 423 4367 l.
457 4308 634 4383 diruendam]
652 4311 836 4384 diripiendam
853 4311 931 4369 Flor.
946 4312 987 4382 A,
1004 4313 1190 4376 dirirnendam,
1203 4313 1280 4369 Flor.
1294 4311 1335 4382 H,

115 4395 285 4470 dirupendam
301 4395 391 4462 Voss.
411 4395 438 4453 1.
480 4395 689 4470 submovendas]
707 4397 925 4454 summouendum
943 4397 1021 4455 Flor.
1040 4398 1070 4454 H
1088 4397 1174 4456 Bet-n.
1192 4397 1227 4454 Β.

190 4481 215 4552 5.
238 4482 267 4538 2.
302 4481 477 4556 Europaeos]
504 4479 652 4556 Europeas
673 4481 761 4538 Bern.
780 4483 811 4539 A
835 4483 911 4540 Flor.
930 4481 1123 4542 ACDEFGI
1146 4481 1229 4540 Laid.
1247 4479 1334 4536 'Voss
