3238 5296
244 311 317 384 408
719 329 753 392 q.
781 328 905 382 cunru
930 329 1015 380 surr

192 519 238 589 39
343 513 436 587 Hinc
462 511 687 612 Polypercon
713 512 760 585 ad
792 513 917 587 urbem
943 509 1079 586 Noram
1104 537 1185 586 cum
1212 512 1371 586 exercitu
1396 511 1533 584 mis-n.

242 651 320 718 sus,
352 623 553 698 inconditos
589 623 788 722 oppidanos
820 625 956 722 proelio
988 624 1092 698 vicit:
1131 624 1228 698 intra
1261 623 1486 698 munimenta

242 737 445 835 compulsos
487 745 649 824 secutus,
696 735 822 810 urbem
862 736 899 808 in
945 734 1122 810 dicionem
1162 735 1309 833 redegit
1367 733 1516 808 Multas

242 849 411 949 ignobilia
438 845 570 944 oppida
596 845 739 922 deserta
765 872 786 920 a
812 847 884 920 suis
912 873 1045 922 venere
1071 849 1108 922 in
1133 847 1227 945 regis
1254 857 1485 944 potestatem

245 958 405 1050 Quorum
420 959 556 1032 incolae
577 960 705 1034 armati
731 969 870 1057 petram
889 960 1029 1032 Aornin
1045 958 1189 1032 nomine
1207 968 1486 1056 occupaverunt.

243 1069 346 1144 Hanc
377 1071 423 1144 ab
455 1068 610 1143 Hercule
641 1072 775 1145 frustra
806 1070 991 1146 obsessam
1029 1095 1124 1161 esse,
1162 1079 1350 1166 terraeque
1382 1079 1488 1141 motu

244 1192 409 1258 coactum
441 1182 630 1273 absistere,
666 1183 762 1256 fama
792 1183 1014 1284 vulgaverat
1066 1181 1215 1281 Inopem
1241 1180 1377 1256 consilii
1404 1179 1520 1252 Ale-s

242 1291 438 1384 xandrum,
477 1294 561 1390 quia
597 1293 755 1391 undique
791 1317 962 1392 praeceps
995 1304 1033 1367 et
1065 1295 1220 1392 abrupta
1253 1316 1360 1391 rupes
1398 1301 1489 1380 erat,

245 1408 364 1480 senior
390 1403 535 1501 quidam
567 1406 702 1503 peritus
734 1407 896 1480 locorum
927 1429 1006 1478 cum
1040 1404 1181 1478 duobus
1213 1404 1293 1476 filiis
1327 1404 1418 1492 adit,
1456 1403 1492 1475 si

246 1517 401 1617 pretium
429 1540 560 1613 operae
592 1527 704 1608 esset,
742 1516 881 1592 aditum
912 1542 951 1590 se
982 1523 1266 1590 monstraturum
1298 1540 1376 1589 esse
1406 1539 1492 1612 pro·

245 1627 402 1700 mittens.
454 1650 558 1700 cxxx
589 1630 726 1702 talenta
751 1629 944 1702 constituit
982 1627 1150 1700 daturum
1183 1625 1408 1715 Alexander;
1452 1636 1524 1698 ets

248 1740 360 1812 altero
388 1763 435 1812 ex
466 1739 654 1814 iuvenibus
687 1739 812 1814 obside
844 1749 1003 1828 retent0,
1037 1738 1156 1836 ipsum
1187 1738 1235 1812 ad
1266 1735 1493 1835 exequenda,

249 1877 340 1950 quae
378 1850 574 1942 obtulerat,
620 1852 761 1926 dimisit.
819 1849 963 1926 Leviter
995 1851 1142 1924 umetis
1179 1848 1257 1922 dux
1294 1849 1400 1924 datus
1435 1859 1525 1920 ests

248 1963 427 2054 Mullinus,
454 1963 570 2036 scriba
595 1965 699 2062 regis.
752 1961 828 2036 Hos
856 1964 950 2036 enim
976 1962 1125 2034 circuitu
1152 1961 1212 2058 qui
1237 1961 1403 2034 fallerent
1427 1961 1495 2034 ho-

251 2087 353 2162 stem,
379 2076 415 2147 in
442 2099 619 2148 summum
645 2076 769 2174 iugum
794 2075 959 2173 placebat
984 2071 1146 2146 evadere.
1200 2071 1310 2146 Petra
1334 2097 1419 2162 non,
1447 2081 1523 2144 utc

249 2189 456 2286 pleraeque,
493 2185 640 2263 modicis
673 2211 725 2260 ac*
746 2186 912 2260 mollibus
944 2185 1043 2258 clivis
1069 2185 1106 2258 in
1134 2184 1284 2258 sublime
1309 2182 1494 2282 fastigium

252 2297 387 2384 crescit,
415 2295 479 2368 sed
504 2297 542 2368 in
567 2307 685 2370 metae
709 2298 865 2370 maxime
891 2295 1039 2370 modum
1065 2306 1184 2369 erecta
1207 2306 1273 2386 est,
1301 2296 1400 2372 cuius
1420 2294 1494 2366 ima

253 2409 463 2507 spatiosiora
489 2419 583 2498 sunt,
610 2408 738 2482 altiora
763 2408 800 2480 in
827 2408 939 2481 artius
966 2416 1107 2498 co‘e'unt,
1134 2431 1273 2480 summa
1290 2406 1327 2480 in
1345 2416 1493 2480 acutum

290 2661 409 2742 Capta,
420 2665 443 2726 s.
455 2665 478 2712 1.
502 2663 540 2714 cd
555 2661 643 2714 urbem
653 2659 770 2732 Noram]
788 2660 856 2716 Mes.
891 2670 958 2716 esset
979 2661 1074 2716 omisso
1091 2659 1178 2713 medio
1195 2659 1277 2714 verbo
1295 2657 1496 2714 incloacari

254 2740 340 2785 nostri
358 2745 446 2782 omnes
460 2729 574 2794 Noram,
592 2728 784 2783 Leindram
802 2737 855 2783 trs·
891 2729 1124 2784 Bern.BVoss.2.
1151 2727 1206 2782 Sed
1223 2727 1317 2798 optimi
1334 2727 1397 2781 olirn
1414 2727 1495 2781 brisce

254 2799 326 2852 ditur
346 2797 479 2851 exhibere.
514 2797 599 2850 Aldus
621 2797 739 2852 ediderat
759 2799 857 2865 Orom;
892 2815 985 2852 cerae
1008 2805 1154 2870 paruolae
1176 2795 1302 2867 scriptum
1328 2795 1495 2866 significant:

254 2868 372 2946 debebat
401 2867 456 2920 Orc
482 2865 503 2918 si
527 2883 586 2920 cum
603 2866 716 2920 Arriano
735 2866 857 2921 Curtium
878 2817 971 2920 idern.
986 2869 1012 2920 A
1030 2867 1060 2920 cb
1078 2883 1162 2936 proc,
1179 2866 1254 2918 Laid.
1272 2867 1402 2934 obpesset,
1421 2864 1495 2944 Flor.

255 2944 404 2991 consentire
429 2934 544 2988 volebat
587 2933 658 2987 Num
683 2937 754 3005 apud
783 2934 858 2990 illum
891 2937 917 2990 A
931 2937 1045 3005 pretium
1062 2937 1100 2988 ccl
1114 2935 1201 3004 operis
1215 2944 1282 2988 esses
1295 2935 1418 3014 obpressa.
1446 2931 1495 2986 Νι-

255 3020 296 3070 ιν,
306 3011 337 3060 27
357 3004 392 3058 τὰ
399 2995 468 3073 Ὦρα
485 3011 557 3070 sunt,
575 3003 677 3070 ecdem,
694 3014 725 3056 ut
742 3003 856 3071 videtur,
890 3002 986 3058 mirum
1007 3005 1047 3056 vel
1068 3005 1154 3073 operis
1176 3001 1325 3073 explicandi
1348 3019 1428 3056 causa
1450 3001 1496 3054 sd·

255 3075 325 3128 urbs.
361 3073 417 3126 Sed
443 3071 548 3126 videtur
573 3080 684 3126 tanturn.
725 3071 857 3128 Diodorus
890 3073 986 3126 iectum
1011 3073 1069 3128 loco
1095 3089 1151 3124 non
1176 3089 1231 3124 suo.
1269 3070 1359 3124 Etiam
1383 3069 1492 3122 Vosal

255 3141 321 3196 nihil
346 3141 380 3194 de
405 3141 454 3196 hac
479 3139 522 3194 vel
547 3139 636 3193 siurilis
658 3140 769 3194 nominis
791 3143 858 3194 urbe
891 3157 950 3196 cum
967 3141 1075 3194 exhibet
1092 3151 1120 3196 ut
1137 3142 1222 3209 operis
1240 3139 1307 3192 nihil
1322 3139 1394 3192 aliud
1411 3137 1497 3192 voluit

255 3211 344 3264 habet.
891 3226 969 3280 quam
986 3211 1026 3262 cel
1043 3211 1135 3278 operia
1158 3207 1256 3278 Neque
1268 3207 1335 3261 illud
1343 3207 1414 3278 quod
1432 3223 1496 3277 pro-

291 3287 312 3346 §.
336 3285 361 3332 2.
396 3287 500 3345 petram
525 3278 631 3330 Aornin
660 3279 772 3345 nemim]
813 3277 858 3334 sic
892 3277 1017 3330 miscebat
1035 3293 1115 3330 senex
1132 3295 1199 3348 opus
1216 3284 1284 3344 erat,
1306 3277 1420 3330 immoo
1442 3291 1497 3328 crs.

256 3344 858 3468 sulcrasatncuau
892 3348 989 3469 Basa
1007 3293 1522 3468 sarracenicae.
1586 3389 1587 3400 ψ

257 3481 341 3536 voluit
355 3453 613 3549 secundumetymori
629 3488 656 3533 et
673 3481 783 3536 aliorum
795 3482 858 3536 scri-
893 3481 1053 3553 sicquidem
1070 3499 1165 3538 nomen
1178 3481 1308 3538 Graecum
1319 3453 1421 3536 cenrico.
1444 3480 1496 3534 La·
1586 3507 1587 3528 ι

276 3561 364 3604 torum
382 3547 545 3602 Graecorum
565 3548 693 3618 exempla.
727 3548 797 3603 Nam
820 3551 859 3604 sic
893 3558 936 3604 tct
953 3551 1031 3604 uliud.
1586 3591 1587 3594 η

259 3571 357 3689 legitur
374 3617 443 3697 apud
456 3616 612 3687 Dionysium
620 3617 725 3688 Perieg.
737 3625 812 3686 lltl,
831 3627 860 3672 et
929 3621 1040 3674 circuitu
1058 3621 1104 3692 qui
1119 3619 1248 3688 fallerent
1265 3619 1372 3690 tostas]
1408 3616 1498 3672 Facile

259 3687 329 3758 apud
357 3685 467 3740 Drodor.
491 3702 549 3756 cap.
569 3693 600 3740 85
623 3694 651 3739 et
673 3693 704 3742 96
734 3686 860 3743 inbonis
894 3696 936 3744 est
953 3706 1002 3758 quc
1021 3688 1161 3759 corrigere,
1178 3687 1497 3758 sedpossuntistsrerbs

260 3754 400 3810 codicibus.
425 3753 527 3818 Quibus
541 3755 860 3825 pareredebuissetWes·
894 3755 1027 3828 coniungi,
1048 3766 1080 3810 ut
1097 3759 1141 3828 qui
1158 3775 1207 3827 pro
1223 3767 1252 3810 ct
1269 3755 1380 3810 dicatur.
1417 3754 1497 3810 Ceta-

259 3823 399 3893 selingius,
426 3823 448 3877 si
470 3831 573 3877 textum
592 3823 675 3878 Curtii
702 3825 737 3879 sd
757 3825 860 3879 codices
894 3844 953 3879 rum
975 3843 990 3878 e
1013 3825 1140 3880 Curtlaua
1161 3826 1312 3880 narratione
1333 3842 1388 3878 ιιοιι
1408 3832 1496 3894 petat,

258 3901 341 3946 mstos
359 3900 481 3946 exactum
494 3892 641 3972 'habuisset
678 3891 717 3946 cf.
738 3911 805 4014 quae
827 3895 861 3948 ad
895 3893 1003 3974 quid‘hi
1020 3893 1225 3973 leviterarmati
1242 3892 1361 3964 egerint3
1378 3895 1451 3964 quod
1466 3901 1496 3944 ut

259 3966 544 4094 ttalttlfftttr
558 3961 727 4097 {litt}
750 3981 861 4097 Sibil}
894 3961 1180 4084 salutabat
1195 3962 1337 4084 ittet?
1351 3972 1498 4084 titt?

260 4099 358 4164 comni,
377 4098 500 4162 aorinim,
526 4099 625 4163 ocrim,
643 4098 771 4152 editiones
788 4098 862 4169 prin·
896 4118 977 4154 unum
1008 4108 1099 4170 petrae
1124 4116 1247 4154 cacumen
1273 4100 1307 4153 ab
1333 4099 1418 4153 sltero
1444 4098 1500 4152 altu

260 4167 330 4238 cipes
348 4167 472 4232 ᾱοήηὶηι,
495 4183 563 4236 quae
579 4165 692 4220 ludibria
709 4185 762 4237 quo
777 4167 861 4240 parti-
896 4167 1022 4238 voragine
1046 4167 1193 4222 seiunctum
1218 4167 1353 4239 praemissi
1378 4167 1417 4220 illi
1440 4184 1499 4220 cum

260 4244 341 4289 noant
357 4234 488 4288 neminem
506 4242 596 4304 potest
608 4235 636 4288 fu
655 4253 708 4288 ere.
898 4237 964 4290 duce
980 4237 1047 4292 Indo
1065 4245 1204 4307 ceperunt3
1228 4254 1260 4292 ec
1282 4244 1361 4306 capto
1384 4237 1436 4290 iam
1458 4251 1499 4288 res

295 4307 352 4372 §.a
379 4303 404 4356 si
439 4305 532 4383 retiqm
549 4253 655 4374 operael
685 4304 780 4357 Adhuc
797 4304 863 4358 editi
897 4305 924 4358 in
942 4323 974 4360 eo
990 4307 1161 4371 venabatur,
1187 4313 1217 4358 ut
1239 4305 1391 4375 voraginem
1407 4303 1500 4374 exple·
1586 4349 1587 4376 ,

261 4373 342 4453 opert,
363 4321 437 4452 quod
452 4371 550 4442 legitur
566 4369 784 4450 inFlor.DFGI,
803 4391 864 4428 cum
897 4383 958 4428 rent
975 4381 1002 4428 ct
1019 4375 1053 4428 ad
1071 4374 1184 4428 alterum
1201 4383 1294 4446 petrae
1307 4390 1432 4428 cacumen
1444 4371 1500 4426 cni·
1586 4385 1587 4444 j

174 4511 177 4518 Ι
262 4459 347 4513 operes
374 4459 401 4496 m
428 4439 672 4508 unoFlor.Bs1t,
699 4449 728 4494 et
748 4444 864 4514 pretium
897 4451 1018 4502 terantur
1034 4443 1204 4498 Macedones.
