3270 5290
223 351 298 424 234
691 373 725 436 o.
753 373 878 426 suarii
902 373 987 427 nuri

221 555 451 655 percrebruit,
478 581 599 654 regem
624 566 832 631 contentum
857 557 975 648 rebus,
1002 582 1090 654 quas
1117 557 1296 656 gessisset,
1322 558 1359 630 in
1384 555 1461 632 Ma·

222 666 406 740 aedoniam
440 669 603 765 protinus
635 667 751 744 redire
783 671 960 743 statuisse.
1018 667 1234 742 Discurrunt
1263 669 1460 767 lymphatis
1480 689 1512 738 ic

222 778 352 852 similes
384 777 421 850 in
452 778 697 869 tabernacula,
732 790 769 854 et
799 781 917 854 itineri
948 782 1104 855 sarcinas
1137 790 1282 879 aptant:
1318 780 1461 879 signum
1555 775 1563 785 “
1630 793 1631 820 ³

223 888 347 962 datum
373 887 547 980 crederes
574 901 614 964 ut
639 917 728 966 vasa
753 893 968 991 colligerent.
1004 891 1104 966 Totis
1131 890 1258 964 castiis
1284 892 1462 966 tumultus

221 1001 304 1074 hinc
318 1001 590 1076 contubernales
618 1027 702 1077 suos
729 1003 994 1101 requirentium,
1011 1004 1093 1077 hine
1111 1002 1337 1077 onerantium
1362 1003 1462 1101 plau-

159 1132 162 1140 ·
223 1125 313 1203 stra,
345 1113 522 1211 perfertur
554 1113 601 1186 ad
633 1139 764 1212 regem.
822 1113 996 1188 Fecerant
1026 1115 1135 1190 fidem
1166 1113 1301 1188 rumori
1326 1123 1462 1189 temere
1483 1135 1514 1182 ir

223 1225 371 1324 vulgato
399 1220 525 1298 Graeci
559 1225 703 1316 milites,
737 1225 854 1299 redire
879 1227 966 1300 iussi
992 1225 1134 1317 domos,
1161 1249 1314 1323 quorum
1339 1225 1463 1322 equiti-

224 1337 291 1409 bus
318 1335 464 1432 singulis
492 1334 678 1408 denarium
709 1361 796 1410 sena
821 1337 918 1410 milia
952 1335 1080 1438 [data]
1138 1338 1230 1438 Ipsis
1256 1362 1399 1434 quoque
1425 1337 1464 1410 fi·

222 1473 305 1522 iiein
331 1446 475 1519 militiae
501 1444 627 1520 adesse
654 1447 857 1521 credebant.
895 1446 1004 1522 Haud
1030 1473 1132 1525 secus
1159 1474 1267 1546 quain
1292 1473 1359 1547 par
1385 1458 1466 1522 erat
1486 1467 1519 1515 is

223 1559 380 1648 territus,
408 1558 468 1654 qui
493 1557 601 1633 Indos
628 1569 736 1657 atque
762 1559 888 1632 ultima
914 1555 1071 1634 Orientis
1103 1585 1295 1658 peragrare
1321 1561 1466 1634 statuis·

224 1681 295 1762 set,
329 1670 529 1768 praefectos
563 1673 745 1770 copiarum
770 1671 807 1744 in
833 1671 1053 1769 praetorium
1079 1663 1277 1746 contrahit:
1313 1670 1465 1744 obortis·

224 1808 292 1881 que
318 1782 483 1873 lacrimis,
496 1808 543 1857 ex
569 1783 687 1857 medio
713 1783 847 1882 gloriae
873 1781 991 1879 spatio
1016 1783 1180 1858 revocari
1205 1807 1254 1874 se,
1280 1781 1368 1856 victi
1392 1806 1467 1856 ma·

223 1895 277 1994 gis
310 1919 417 1990 quam
451 1895 597 1968 victoris
630 1897 814 1969 fortunam
847 1894 883 1966 in
910 1894 1064 1992 patriam
1090 1895 1286 1969 relaturum
1313 1917 1467 1990 conque·
1630 1985 1631 1994 ἵ

225 2017 302 2080 stus
335 2017 408 2098 est,
442 2031 509 2080 nec
535 2008 602 2082 sibi
628 2007 809 2106 ignaviam
834 2006 988 2080 militum
1022 1999 1182 2096 obstare,
1215 2004 1280 2080 sed
1314 2005 1466 2079 deorum
1487 2024 1519 2072 is

225 2115 411 2208 invidiam,
448 2119 508 2214 qui
537 2119 738 2194 fortissimis
773 2118 858 2192 viris
891 2117 1049 2192 subitum
1079 2117 1217 2215 patriae
1249 2115 1468 2193 desiderium

225 2229 484 2319 admovissent,
518 2233 625 2329 paulo
660 2239 743 2329 post
767 2230 805 2302 in
831 2229 982 2304 eandem
1016 2253 1098 2306 cum
1122 2229 1257 2303 maiore
1282 2227 1389 2303 laude
1415 2227 1466 2300 fa·

224 2363 353 2435 meque
380 2337 557 2413 redituris.
610 2341 702 2414 Tum
734 2367 822 2414 vero
853 2365 920 2439 pro
947 2364 986 2413 se
1012 2340 1161 2436 quisque
1187 2365 1335 2438 operam
1362 2363 1466 2412 suam
1484 2357 1518 2405 ao

225 2451 373 2540 offerre,
401 2448 605 2526 difficillima
631 2477 792 2550 quaeque
817 2476 981 2550 poscere,
1016 2451 1174 2548 polliceri
1200 2450 1353 2526 militum
1379 2476 1466 2547 quo·

226 2587 295 2660 que
336 2561 561 2657 obsequium,
603 2565 632 2636 si
667 2563 804 2636 animos
848 2585 972 2664 eorum
1003 2562 1074 2634 leui
1109 2572 1146 2634 et
1180 2571 1267 2659 apta
1302 2561 1467 2635 oratione

226 2671 445 2772 permulcere
471 2675 654 2750 voluisset.
693 2672 885 2772 Nunquam
910 2673 1078 2746 infractos
1105 2683 1142 2745 et
1167 2672 1325 2746 abiectos
1351 2697 1466 2746 reees·
1485 2691 1515 2738 21

227 2785 324 2875 sisse,
352 2787 515 2881 quotiens
541 2787 653 2885 ipsius
680 2785 899 2859 alacritatem
925 2794 963 2857 et
988 2784 1080 2856 tanti
1097 2784 1204 2856 animi
1221 2783 1366 2881 spiritus
1379 2783 1467 2856 hau·

226 2899 295 2970 rire
321 2900 532 2997 potuissent.
585 2898 641 2972 Ita
667 2923 705 2970 se
732 2899 910 2970 facturum
936 2921 1016 2970 esse
1046 2893 1249 2993 respondit:
1280 2895 1330 2967 illi
1355 2893 1467 2967 modo

226 3121 357 3202 codicibus
374 3117 463 3174 Curtii
483 3115 544 3171 libri
565 3115 708 3197 primumt
743 3115 828 3170 isde·
862 3113 943 3184 vulgo
966 3112 1073 3193 additur
1098 3115 1165 3166 dono
1188 3115 1310 3192 dederat,
1339 3129 1390 3182 pro
1414 3129 1469 3182 quo

225 3193 622 3320 ttttttttttftt
639 3201 707 3306 lif
727 3182 829 3306 tat
863 3180 1307 3331 {igill'lfladiiltdffdlss
1323 3187 1470 3302 tttttt

226 3324 283 3380 Pal.
304 3331 326 3376 1.
863 3335 1012 3386 minimam,
1035 3334 1052 3371 e
1076 3333 1141 3370 meis
1166 3316 1239 3372 bbris
1257 3334 1333 3370 unius
1350 3316 1423 3370 Flor.
1443 3315 1470 3371 G

260 3397 284 3458 s.
306 3399 344 3445 lt.
381 3391 532 3444 discurrant
549 3417 585 3428 -
602 3390 630 3440 ia
648 3389 828 3458 tabernacula]
864 3403 913 3441 nec
930 3386 1008 3440 ullius
1025 3387 1059 3440 ds
1076 3384 1179 3452 ceteris,
1188 3385 1233 3457 qui
1244 3383 1351 3456 quidem
1359 3384 1470 3439 nomina

226 3459 452 3532 Praepositionem
477 3464 507 3510 et
524 3455 657 3510 Snalienb.
682 3455 784 3509 codices
801 3465 830 3509 et
925 3454 946 3508 't
963 3454 1051 3520 eitari;
1078 3457 1142 3508 duta
1165 3461 1255 3508 autem
1272 3452 1358 3507 estin
1375 3452 1434 3507 Psl.
1456 3463 1467 3507 1

226 3527 292 3596 nioi,
315 3545 368 3581 uno
391 3524 462 3579 Flor.
487 3523 513 3579 G
536 3532 666 3595 excepto,
694 3523 830 3587 omittunt,
886 3523 934 3578 lor.
952 3522 1002 3576 DF
1019 3531 1049 3576 et
1070 3521 1098 3576 in
1115 3521 1131 3576 1
1147 3521 1360 3594 supenonptum.
1395 3521 1471 3576 Vera

226 3612 313 3668 iisque
330 3603 423 3649 tamen
438 3595 529 3647 abesse
608 3591 803 3646 cei-ediderim.
862 3610 916 3646 vox
931 3590 1075 3644 exciderat.

261 3667 365 3735 siquam
382 3666 471 3717 dorma
490 3679 532 3716 cre
551 3663 618 3728 eres]
636 3661 731 3716 Posset
745 3659 829 3732 expli·
898 3665 922 3727 s.
942 3665 983 3714 18.
1001 3661 1120 3726 tentius,
1139 3661 1194 3728 qiu]
1214 3658 1299 3713 Omisi
1317 3661 1471 3714 Alexandra

228 3733 281 3788 cai-i
300 3732 371 3804 quod
392 3731 455 3786 olim
472 3737 535 3783 ante
552 3729 673 3784 Medium
690 3729 827 3794 edebatur,
862 3745 967 3794 nomen,
996 3728 1058 3799 quis
1084 3727 1160 3782 abest
1187 3728 1221 3782 ab
1254 3726 1362 3798 optimis
1394 3725 1471 3782 libi-is

228 3802 352 3882 quodque
369 3800 397 3854 in
414 3798 545 3854 codicibus
563 3797 695 3871 plerisque
708 3797 827 3852 omnibus
863 3795 1129 3881 (itemqueaFlor.G
1147 3795 1225 3876 lloss.
1235 3801 1309 3864 2),et
1317 3803 1408 3866 potest
1417 3811 1468 3878 co·

226 3871 483 3993 saisire
862 3863 1472 4005 enumerabatur

226 4008 307 4061 Bern.
330 4007 357 4059 A
381 3977 468 4073 (adde'
486 3955 560 4058 Illei'd.
584 4004 661 4059 Voss.
686 4007 713 4085 1)
744 4012 773 4058 et
800 4003 828 4056 in
863 4003 902 4085 G:
920 4021 954 4056 ex
972 4003 1023 4056 hoo
1040 4011 1087 4080 aut
1102 4001 1180 4082 liuius
1203 3999 1280 4056 simili
1297 4001 1326 4054 iii
1343 4002 1407 4056 odd.
1424 4017 1473 4056 vs-

227 4093 309 4144 msrg.
327 4075 386 4128 lun.
404 4081 487 4126 extat.
506 4077 537 4126 In
554 4071 661 4128 FlenG
678 4091 753 4143 scyno
767 4075 828 4126 dato
862 4081 919 4138 nit,
937 4089 998 4126 iiam
1015 4069 1109 4140 reliqui
1128 4077 1213 4123 nostn
1230 4077 1258 4122 et
1275 4069 1333 4122 Pal.
1354 4077 1367 4124 1
1389 4069 1473 4124 Voss.

227 4162 262 4198 ex
279 4153 391 4198 correct.
408 4141 515 4211 legitur.
867 4148 882 4196 2
907 4157 967 4194 cum
997 4137 1156 4192 detrimento
1183 4136 1339 4192 Latinitatis
1368 4137 1474 4192 habent

249 4216 285 4294 i·
306 4218 345 4264 17.
370 4211 518 4291 'denariam
541 4227 605 4263 seno
622 4211 717 4331 ηςίὶίᾳὲ
743 4210 834 4263 Deua·
867 4209 966 4264 statuit.
1018 4207 1052 4260 In
1070 4205 1168 4286 ¹iiiideiii
1195 4205 1268 4260 libris
1295 4205 1474 4261 detoiioribus

229 4299 307 4347 riam,
326 4279 471 4360 legitimam
487 4279 607 4360 sormam,
625 4278 686 4331 libri
719 4277 831 4331 nslienb.
861 4287 1032 4350 praeterere
1063 4345 1068 4356 Ι
1094 4292 1160 4330 noa.

229 4356 359 4471 ἓῖοῗῗἛ
373 4347 834 4470 irrestauratae
866 4345 1173 4470 Mtittitt’tt
1181 4347 1475 4481 ..tit'ttttff'ftt

229 4485 310 4556 vulgo
329 4433 575 4556 (aemimonto)
599 4483 694 4542 editur.
730 4483 834 4540 Deinde
867 4483 957 4552 Mod,
975 4479 1011 4536 Al
1031 4480 1036 4493 '
1057 4497 1088 4534 us
1111 4478 1198 4536 editor
1215 4481 1325 4534 dederat
1342 4497 1414 4550 vero,
1432 4495 1476 4535 re-
