3158 5294
496 366 545 416 na
572 363 698 418 onsrrs
725 363 833 416 saux.
859 368 896 434 x,
923 363 948 414 1.
1275 345 1348 418 485

14 593 36 636 ι,
83 549 332 641 aocciderant,
359 550 513 649 quinque
529 549 625 622 milia
650 548 811 647 peditum
838 574 919 622 cum
945 549 1122 646 equitibus
1140 549 1244 622 mille.
1280 545 1352 622 Sed

14 675 16 758 j
118 673 156 737 et
181 672 406 736 accusatores
433 685 495 735 eos
522 685 542 734 e
567 661 765 758 provincia,
799 659 856 744 cui
881 661 1123 758 praefuerant,
1159 661 1352 757 sequeban-

115 785 191 867 tur3
226 798 293 846 nec
318 783 374 846 tot
398 772 571 862 facinora,
607 781 694 868 quot
729 770 962 863 admiserant,
998 795 1227 869 compensare
1253 769 1357 870 pote-‘

81 896 200 960 arant
233 883 352 958 caedis
377 909 549 983 perquam
582 891 707 980 gratae
738 883 813 980 regi
847 883 1052 956 ministerio.
1106 881 1245 981 Quippe
1270 907 1352 955 curn

116 998 237 1073 omnia
270 996 420 1094 profana
454 994 683 1092 spoliassent,
718 1017 764 1067 ne
790 993 899 1066 sacris
927 992 1069 1090 quidem
1096 993 1351 1083 abstinuerant,

115 1109 343 1208 virginesque
368 1115 406 1178 et
430 1105 606 1203 principes
633 1105 860 1195 feminarum,
888 1115 1014 1202 stupra
1038 1129 1244 1202 perpessae,
1277 1131 1351 1179 cor·

14 1223 17 1254 ³
80 1241 245 1318 sporum
271 1216 424 1291 ludibria
450 1214 641 1289 deflebant
679 1213 838 1290 Invisum
850 1213 1088 1290 Macedonum
1113 1240 1243 1290 nomen
1270 1242 1351 1289 ava·

15 1377 16 1406 ;
80 1330 199 1403 aritia
224 1353 348 1403 eorum
373 1351 415 1400 ac
440 1324 550 1400 libido
575 1325 737 1400 barbaris
763 1328 905 1401 fecerat
957 1325 1056 1400 Inter
1082 1351 1205 1400 omnes
1231 1337 1351 1401 tamen

14 1459 17 1472 ’
115 1440 295 1513 eminebat
322 1436 487 1512 Cleandri
520 1437 637 1528 furor,
672 1438 732 1534 qui
757 1437 913 1512 nobilem
946 1438 1121 1535 virginem
1146 1449 1351 1536 constupra-

14 1615 16 1646 ἰ
81 1569 191 1624 ctam
216 1575 322 1624 servo
348 1575 414 1622 suo
431 1549 592 1647 pellicem
609 1547 768 1622 dederat.
807 1548 972 1646 Plerique
990 1548 1184 1622 anticorum
1195 1549 1350 1622 Alexan-

14 1689 18 1704 ’
115 1660 171 1734 dri
188 1687 261 1735 non
279 1672 354 1734 tam
368 1660 564 1750 criminum,
590 1684 681 1756 quae
699 1662 819 1758 palam
831 1660 1098 1751 obiiciebantur,
1116 1660 1350 1752 atrocitatem,

14 1849 16 1862 ,
115 1798 222 1870 quam
248 1772 455 1846 memoriam
482 1771 588 1844 occisi
613 1795 678 1869 per
703 1772 782 1845 illos
799 1771 1054 1860 Parmenionis,
1081 1769 1178 1867 quod
1203 1772 1350 1846 tacitum

14 1871 17 1960 ζ
114 1883 287 1983 prodesse
312 1883 382 1956 reis
409 1881 505 1980 apud
531 1906 652 1979 regem
677 1892 835 1979 poterat,
860 1882 1109 1972 intuebantur,
1135 1883 1220 1956 laeti
1244 1884 1350 1956 recci-

14 2005 16 2086 ᾗ
115 1993 211 2068 disse
236 1993 327 2067 iram
351 1993 389 2066 in
424 1993 498 2064 irae
523 1991 722 2083 ministros,
756 2018 823 2066 nec
849 1993 957 2066 ullam
990 1993 1187 2090 potentiam
1218 1995 1350 2068 scelere

14 2103 16 2114 '
81 2105 314 2203 rquaesitam
339 2105 503 2200 cuiquam
528 2127 607 2176 esse
624 2100 837 2176 diuturnam.
877 2103 957 2178 Rex
974 2105 1116 2201 cognita
1139 2129 1246 2178 causa
1270 2128 1349 2203 pro·
1382 2119 1386 2127 '

113 2215 309 2306 nuntiavit,
344 2215 390 2288 ab
426 2214 695 2288 accusatoribus
722 2239 832 2288 unum
858 2224 895 2288 et
928 2215 965 2289 id
990 2217 1187 2290 maximum
1217 2216 1350 2289 crimen

14 2415 15 2420 ἵ
114 2351 193 2401 esse
210 2326 452 2425 praeteritum,
480 2324 764 2423 desperationem
781 2325 904 2400 salutis
923 2352 1027 2401 suae:
1056 2351 1237 2424 nunquam
1255 2327 1349 2399 enirn

114 2439 200 2512 talia
225 2461 391 2528 ausuros,
426 2436 486 2534 qui
520 2437 638 2535 ipsum
664 2462 710 2510 ex
735 2435 837 2510 India
870 2439 1042 2537 sospitem
1075 2448 1138 2512 aut
1164 2449 1351 2537 optassent

80 2548 261 2639 ereverti,
298 2559 361 2622 aut
394 2547 628 2622 credidissent
659 2572 897 2622 reversurum.
958 2549 1070 2648 Igitur
1103 2549 1170 2622 hos
1205 2549 1350 2646 quidem

113 2661 240 2751 vinxit,
265 2680 316 2732 nc
342 2669 463 2732 autern
489 2659 650 2750 militum,
677 2661 738 2755 qui
764 2661 933 2735 saevitiae
959 2684 1083 2734 eorum
1100 2661 1251 2733 ministri
1276 2661 1348 2733 sue-

79 2781 212 2862 arant,
246 2769 397 2844 interfici
421 2771 533 2844 iussit.
584 2769 723 2844 Eodem
757 2768 814 2844 die
841 2781 1023 2869 sumpt-um
1057 2780 1113 2843 est
1139 2771 1349 2868 supplicium

113 2881 158 2954 de
184 2883 227 2955 iis
253 2906 405 2979 qnoque,
432 2905 521 2978 quos
548 2891 712 2955 auctores
739 2879 945 2954 desectionis
961 2881 1153 2955 Persarum
1180 2877 1348 2954 Craterus

113 2991 324 3068 adduxerat

60 3125 95 3173 10
217 3101 325 3177 Haud
351 3103 464 3176 multo
499 3112 583 3202 post
609 3098 792 3174 Nearchus
819 3109 856 3173 et
883 3097 1120 3192 Onesicritus,
1157 3125 1247 3199 quos
1273 3103 1398 3176 lon-2

145 3372 203 3426 Lib.
213 3387 242 3427 x.
256 3379 349 3443 capt,
365 3377 423 3440 §.L
480 3373 552 3451 'appa
560 3373 710 3442 milleped]
745 3368 872 3449 Meritum
890 3369 959 3423 enim
975 3369 1050 3438 illud,
1069 3371 1187 3450 quamyis
1203 3369 1259 3424 eius
1275 3388 1348 3424 men·

111 3441 214 3496 Ducum
239 3440 388 3495 nominibus
419 3389 539 3511 adiagr
565 3439 640 3511 quasi
664 3457 712 3512 per
745 3445 785 3490 tro
802 3437 876 3491 nulla
891 3439 976 3506 ficret,
994 3447 1084 3492 tamen
1101 3455 1131 3492 re
1147 3456 1205 3510 rpsa
1221 3439 1348 3510 loqueba·

111 3509 301 3581 appositionem
319 3509 422 3590 copias,
449 3526 513 3580 quas
530 3507 576 3589 illi
594 3509 711 3590 adduxe·
745 3507 878 3588 lurum
895 3507 964 3560 enim
980 3509 1188 3579 acque-tacitum
1206 3508 1279 3577 quod
1293 3526 1349 3561 non

111 3585 180 3631 rant.
214 3577 255 3630 Ea
272 3593 331 3658 pars
354 3595 490 3658 copiarum
525 3585 603 3630 artrm
619 3577 712 3631 relicta
746 3573 872 3656 loqurtur,
898 3585 978 3647 atque
1003 3577 1106 3647 dequo
1131 3574 1348 3656 conloquuntur

111 3647 210 3725 fueret,
342 3646 452 3698 subinde
469 3595 580 3699 coiecta
596 3645 712 3700 Ecbata·
746 3643 872 3723 hommes.
910 3646 1022 3725 Tardum
1049 3644 1120 3714 quod
1140 3643 1348 3726 &hetrusco-

111 3730 169 3846 ‘t
188 3711 511 3850 sostrata,
548 3779 634 3834 aa.
651 3779 711 3832 a.
745 3711 927 3833 lata
952 3731 980 3765 ¹¹¹
1005 3712 1078 3766 ‘³⁰2
1104 3710 1131 3764 ‘³

112 3865 157 3903 ose
190 3865 237 3900 nec
261 3855 367 3919 praeter
395 3864 509 3918 paucos,
543 3855 575 3900 ut
600 3847 708 3901 Vosal
745 3850 803 3968 A.
827 3855 850 3900 1.
885 3864 1015 3917 nunquam
1041 3848 1109 3900 enim
1133 3849 1199 3901 lolia
1224 3851 1347 3929 amaros]

111 3915 181 3971 Flor.
198 3916 231 3970 E.
819 3917 922 3985 scrisse,
958 3931 1036 3985 quam
1053 3915 1097 3969 elli
1117 3915 1157 3970 sin
1181 3933 1234 3969 non
1259 3917 1349 3970 invem

145 3990 168 4052 s.
196 3991 220 4039 6.
256 3985 333 4038 occia¹
357 3999 406 4052 per
430 3985 491 4038 illoc
516 3981 710 4050 Parmenionis]
745 3982 794 4035 nisi
812 3983 883 4052 apud
900 3983 1036 4051 Tacitum,
1124 3985 1196 4054 apud
1212 4001 1273 4037 eum
1289 3985 1347 4056 qui-

111 4053 154 4108 Sic
171 4051 232 4107 libri
249 4051 331 4106 nostri
348 4067 437 4105 omnes
454 4059 482 4106 et
499 4049 580 4106 Snalr.
600 4050 676 4105 Voss.
697 4059 708 4104 1
746 4051 807 4103 dem
824 4051 883 4122 plus
904 4051 983 4105 semel
1001 4051 1096 4105 Annal.
1114 4067 1151 4119 11,
1173 4059 1204 4106 81
1225 4062 1292 4107 extr.
1312 4067 1345 4118 11,

110 4129 137 4175 at
154 4129 170 4176 2
190 4120 282 4190 (Laid.
308 4137 362 4173 non
387 4124 604 4185 commemoratl:
630 4119 712 4190 vulgo
749 4127 789 4174 78.
815 4133 859 4187 tv,
889 4125 928 4174 18.
953 4135 999 4188 xr,
1026 4127 1051 4175 3.
1068 4135 1119 4188 xv,
1149 4127 1188 4174 lt.
1214 4121 1285 4176 Hist.
1314 4135 1346 4188 rr,

107 4207 156 4262 per
173 4209 224 4244 eoa
250 4188 317 4242 Mox
329 4191 467 4242 reccidisse
480 4189 593 4242 Barna
606 4188 712 4268 eodem·
746 4194 779 4242 37
798 4197 865 4242 extr.

110 4276 161 4381 ll?
185 4255 594 4381 litlldlaffld'r'oel‘lll'
642 4255 712 4310 va
745 4261 852 4379 viti
870 4259 1158 4380 tttl‘ttltll
1171 4257 1347 4380 tuttlt

132 4345 214 4465 epidii
230 4345 711 4465 lacimm]Fncnml‚i1uitdcitemal·
780 4365 846 4466 Cap.
863 4399 890 4460 2,
908 4400 931 4462 ξ.
945 4367 985 4448 ld.
1020 4367 1160 4448 Neordlus
1177 4405 1201 4448 et
1211 4365 1346 4447 'caedat

111 4463 180 4531 lent,
215 4463 262 4516 sed
287 4465 392 4517 tacitam
421 4462 568 4534 elegantius
596 4462 710 4517 videtur.
745 4463 799 4533 tus]
835 4461 905 4516 Vide
921 4463 1062 4519 Amicam
1079 4477 1125 4532 w,
1152 4467 1185 4516 28
1204 4461 1249 4531 qui
1259 4461 1346 4514 Near-
