3270 5290
251 364 324 439 222
467 385 499 448 o.
529 379 654 438 cunin
683 385 769 436 num
794 385 844 436 nu
871 382 997 437 ausura
1023 384 1132 438 saux.
1159 387 1196 457 v,
1223 383 1265 434 so.

249 573 306 620 tum
323 565 480 620 effunderet.
516 565 610 636 Itaque
628 573 666 632 te,
684 563 783 635 inquit,
806 565 926 634 quisquis
944 582 972 619 eo
989 566 1152 635 mortalium,
1166 585 1218 638 per
1235 585 1393 624 communem
1410 571 1492 624 tarai-

248 662 311 698 uum
329 653 438 710 sortem,
461 659 478 695 a
497 659 548 712 qua
566 659 613 696 uec
635 644 763 696 maximos
786 659 876 714 repum
899 653 1027 712 exemptos
1049 661 1105 698 esse
1117 648 1256 715 praesenti
1273 647 1420 716 spectaculo
1437 664 1492 699 mo·

248 723 330 790 neris,
349 737 412 790 royo
430 736 589 790 quaesoque,
615 727 643 772 ut
661 719 724 772 laec
741 723 780 774 ad
796 720 978 773 Alexandrum
995 722 1121 774 mandata
1139 740 1196 776 mea
1208 725 1348 792 pefferas:
1364 725 1432 778 nilril
1449 741 1491 777 eo-

248 815 317 866 rum,
335 815 402 868 quae
420 799 495 866 loape
512 796 665 850 tristissimo
677 813 822 866 perpessus
839 814 911 865 sum
929 815 961 852 ae
978 799 1045 851 lunc
1063 799 1166 868 quidun
1183 801 1400 870 incomparabilia
1418 804 1491 856 coto·

249 877 349 930 mitatis
368 875 478 942 exitum,
501 875 538 926 ita
553 889 661 943 pravast
686 874 751 926 milri
767 875 912 942 accidisse,
931 884 959 928 ut
975 877 1022 928 loc
1039 893 1132 943 unum,
1152 879 1222 946 quod
1231 887 1295 946 post
1313 887 1386 932 tauta
1405 881 1433 933 iu
1451 896 1491 932 me

249 968 369 1022 meosque
385 952 479 1004 merita
497 951 623 1004 adrasus
642 950 868 1005 clementissimum
884 951 1005 1004 victorem
1026 953 1132 1006 inimico
1149 955 1284 1008 oiveadum
1297 957 1362 1024 fuit,
1380 966 1405 1009 et
1421 973 1492 1010 nuuc

247 1031 354 1100 iupruto
379 1028 541 1082 moriendum
562 1036 608 1081 est.
644 1026 700 1080 Sed
720 1028 746 1080 si
766 1044 819 1096 qua
835 1031 977 1097 postruais
998 1030 1153 1084 miserorum
1183 1031 1249 1086 votis
1276 1035 1350 1100 apud
1371 1035 1432 1086 deos
1449 1034 1491 1087 ou

249 1117 297 1174 est,
316 1116 340 1160 et
357 1123 415 1159 cum
432 1106 489 1174 ipso
506 1105 604 1174 spiritu
616 1104 745 1173 masuras
760 1122 856 1174 preces
873 1107 963 1160 mitius
984 1108 1095 1176 aliquod
1110 1125 1204 1161 numen
1222 1110 1345 1175 exaudit5
1371 1110 1415 1162 ille
1432 1111 1492 1178 qui·

249 1187 307 1238 dun
325 1201 414 1254 sospes
436 1189 460 1235 et
477 1181 628 1247 incolumis,
650 1181 775 1250 loupeque
792 1199 875 1251 supra
897 1185 1045 1254 cantapium
1062 1201 1134 1237 meae
1151 1186 1231 1237 sortis
1249 1193 1272 1238 et
1290 1185 1418 1238 iuvidiam
1425 1187 1492 1256 sor·

249 1269 328 1314 tunae
345 1261 464 1330 positus,
486 1259 515 1310 ia
537 1259 602 1311 solio
623 1256 688 1326 Cyri
706 1259 852 1328 ploriosom
874 1269 983 1314 aetatem
1006 1261 1108 1329 eripat:
1131 1277 1245 1330 suaeque
1262 1263 1367 1316 uirtutis
1384 1279 1490 1332 meram,

248 1355 306 1393 eum
323 1338 404 1390 matri
420 1335 560 1404 liberisque
576 1335 640 1388 meis
658 1337 741 1389 lomim
758 1338 833 1405 apud
847 1353 877 1389 se
894 1353 949 1390 esse
960 1339 1093 1407 patiatur,
1112 1353 1185 1406 quem
1202 1339 1244 1391 illi
1251 1339 1311 1406 fide
1329 1349 1352 1393 et
1370 1342 1491 1411 olseqrdo

248 1416 397 1471 meruerint.
434 1413 471 1465 At
487 1413 644 1482 parricidas
661 1422 811 1482 promptum
833 1415 940 1467 exitium
957 1422 1143 1482 consequatur,
1165 1417 1236 1483 quod
1252 1417 1405 1470 Alexander
1421 1421 1491 1472 irro-

246 1495 331 1565 9olit,
349 1493 374 1544 si
390 1507 443 1544 nou
459 1489 642 1543 misericordia
659 1490 773 1557 infelicis
791 1492 882 1559 loeas,
900 1491 991 1544 saltem
1009 1491 1068 1544 odio
1075 1491 1246 1560 facinorum,
1270 1501 1293 1546 et
1311 1511 1343 1547 ue
1360 1495 1490 1564 impomitu

248 1572 279 1624 iu
296 1572 410 1624 aliorum
427 1569 505 1622 etiam
522 1583 612 1636 repmu
629 1583 753 1636 aureaque
771 1568 856 1638 ipsius
874 1569 981 1621 esitium
999 1577 1143 1636 erumpant.
1178 1567 1247 1624 Post
1266 1569 1348 1638 haec,
1366 1588 1426 1624 oum
1444 1571 1489 1626 siti

250 1644 403 1718 angeretur,
422 1643 503 1697 allata
520 1659 569 1714 per
586 1642 768 1712 Polystratum
785 1661 854 1715 aqua
871 1651 1022 1710 recreatus,
1044 1644 1133 1714 Erpa,
1156 1643 1202 1714 ait,
1227 1649 1295 1700 lanc
1313 1650 1391 1701 etiam
1408 1652 1491 1704 tantis

249 1725 443 1778 calamitatibus
465 1729 605 1775 extrariam
627 1723 750 1774 accedere
770 1723 897 1790 oportuit,
924 1731 953 1774 ut
978 1721 1040 1774 bene
1065 1723 1155 1775 merito
1179 1725 1296 1792 qratiam
1321 1728 1421 1796 referre
1438 1745 1492 1780 uon

243 1804 359 1874 possim:
381 1809 410 1855 at
431 1801 526 1868 referet
549 1799 717 1863 Alexandem
740 1799 896 1852 Alexandro
917 1815 976 1852 uero
994 1799 1041 1852 dii.
1077 1797 1209 1854 Dextram
1226 1800 1324 1855 deinde
1341 1803 1491 1874 protendit,

250 1896 362 1952 eamque
371 1877 537 1944 Alexandro,
555 1874 618 1929 fidei
636 1873 726 1944 rogiae
744 1875 850 1947 pignus,
868 1875 933 1928 ferri
950 1875 1051 1942 iubens,
1070 1877 1238 1946 apprehensa
1246 1877 1392 1948 Polystrati
1410 1899 1491 1934 manu

250 1957 365 2012 animam
382 1954 491 2009 efflavit
527 1952 683 2007 Alexander
700 1969 734 2004 au
752 1952 862 2024 spiranti
881 1953 969 2006 adhuc
986 1954 1178 2022 supervenerit,
1198 1953 1328 2009 incertum
1346 1966 1400 2011 est:
1423 1956 1492 2011 illud

249 2041 365 2104 constat,
383 2029 528 2086 miserabili
545 2029 617 2102 regis
635 2030 829 2100 opulentissimi
847 2029 922 2084 exitu
940 2036 1093 2100 comperto,
1115 2032 1239 2102 copiosas
1257 2033 1380 2088 helimas
1398 2035 1493 2104 profu-

250 2111 330 2180 disse,
349 2109 491 2180 statimque
510 2108 648 2178 chlamyde
667 2107 718 2160 sibi
737 2108 858 2162 detracta
876 2123 972 2178 eorpus
991 2105 1138 2177 opemisse,
1148 2119 1176 2164 et
1192 2128 1290 2180 magno
1309 2127 1369 2163 cum
1387 2111 1493 2166 honore

250 2189 285 2240 od
302 2206 365 2241 suos
384 2185 482 2239 deferri
500 2184 617 2251 iussisse,
635 2191 665 2236 ut
681 2184 757 2254 regio
775 2184 917 2238 Persarum
934 2202 1008 2239 more
1028 2193 1147 2238 curatum
1165 2187 1342 2241 monumentis
1361 2189 1493 2242 maiorum

249 2261 401 2316 inferretur.
437 2259 663 2332 Ingratitudinem
680 2259 829 2330 hominum,
849 2279 865 2315 a
882 2263 940 2334 quis
958 2281 1008 2334 pro
1027 2261 1134 2316 summis
1151 2262 1288 2317 benefieiis
1307 2266 1415 2318 crudele
1434 2263 1493 2318 esri-

250 2339 317 2394 tium
325 2339 432 2392 Dareus
451 2337 570 2408 pertulit,
590 2354 748 2408 qrmmquam
767 2347 862 2410 suopte
880 2339 987 2410 ingenio
1006 2340 1168 2394 horrendam
1185 2349 1214 2394 et
1229 2343 1432 2411 exsecrabilem,
1451 2343 1493 2398 in·

250 2415 368 2487 signiore
390 2413 425 2467 ad
446 2413 632 2483 posteritatem
653 2412 762 2468 infamia
785 2416 920 2470 damnavit
944 2416 1016 2470 canis
1040 2416 1176 2471 cuiusdam
1199 2419 1266 2472 mira
1283 2419 1364 2489 fides,
1392 2420 1438 2492 qui
1456 2422 1492 2474 ab

250 2493 373 2548 omnibns
390 2488 565 2543 smnliaribus
584 2489 712 2545 derelicto
732 2492 804 2545 solua
823 2491 921 2561 adsuit,
943 2501 971 2547 et
988 2511 1067 2564 quam
1084 2494 1112 2548 in
1129 2495 1218 2550 vivum
1234 2514 1300 2567 prae
1318 2515 1347 2551 se
1364 2498 1427 2552 tulit
1444 2499 1492 2552 be-

249 2569 444 2635 nevolentiam,
471 2565 596 2620 morienti
615 2584 721 2638 quoque
745 2579 900 2624 constanter
920 2571 1062 2641 praestitit.
1097 2573 1178 2626 Hunc
1195 2571 1266 2628 vitoe
1284 2575 1364 2628 finem
1381 2575 1493 2629 sortitus

251 2653 293 2700 est
309 2646 370 2714 ille,
394 2661 473 2716 quem
494 2644 576 2697 modo
595 2643 757 2698 contumelio
775 2645 844 2698 affici
862 2648 1006 2717 putabant,
1031 2647 1081 2702 nisi
1104 2668 1194 2721 regem
1213 2668 1314 2722 regum,
1333 2660 1362 2705 et
1380 2653 1494 2706 deorum

250 2721 477 2794 consanguineum
495 2721 654 2774 salutarent:
677 2739 830 2794 magnoque
846 2723 942 2778 itemm
960 2725 1144 2796 experimento
1168 2730 1345 2798 approbatum
1366 2736 1421 2796 est,
1445 2745 1494 2782 ne-

249 2799 348 2854 miuem
369 2799 454 2871 magis
476 2805 569 2870 patere
592 2798 729 2867 fortunae,
753 2817 831 2870 quom
857 2799 902 2872 qui
928 2801 1048 2872 pluribus
1071 2801 1190 2858 eiusdem
1207 2803 1345 2859 blanditiis
1363 2803 1493 2874 irretitis,

249 2877 340 2949 iugum
358 2876 428 2931 illius
446 2883 505 2930 tota
523 2873 627 2929 cervice
644 2876 797 2950 receperit]
