3238 5296
513 413 562 463 nu
595 409 720 463 ansuis
745 410 854 462 max.
882 411 957 482 vm,
972 409 1015 458 so.
1246 491 1249 497 Ι
1314 367 1386 463 397

153 593 295 690 gionem
321 592 493 685 decurrit,
534 603 571 667 et
595 619 805 693 magnorum
836 594 1012 667 montium
1042 593 1126 691 iuga
1150 602 1249 667 recto
1285 595 1387 666 alveo

154 704 310 802 stringit3
350 704 432 778 inde
460 731 541 778 eum
566 706 726 779 obiectae
764 730 871 803 rupes
911 705 1081 778 inclinant
1120 704 1167 776 ad
1194 701 1385 777 Orientem.

119 812 312 912 sUterque
337 814 461 889 Rubro
486 816 575 888 mari
601 816 781 914 accipitur,
807 816 947 889 findens
973 817 1079 915 ripas,
1105 817 1307 913 multasque
1334 839 1388 886 ar·

121 925 259 1000 abores
286 951 367 1000 cum
392 952 522 1024 magna
548 927 613 1000 soli
643 937 746 1025 parte
773 927 958 1019 exsorbct,
990 927 1086 1000 saxis
1113 951 1254 1026 quoque
1279 925 1386 1022 impe·
1486 988 1491 998 .

154 1035 268 1129 ditus,
295 1039 373 1136 quis
400 1038 525 1110 crebro
550 1040 820 1112 reverberatur:
848 1039 909 1111 ubi
935 1038 1075 1110 mollius
1103 1039 1218 1112 solum
1243 1037 1386 1133 reperit,

119 1156 307 1246 estagnat,
332 1149 536 1247 insulasque
562 1151 715 1223 molitur.
762 1149 933 1222 Acesines
959 1145 1086 1222 Indum
1112 1157 1236 1246 auget:
1264 1147 1386 1220 decur-

153 1283 276 1331 surum
300 1259 338 1331 in
363 1286 461 1334 marc
487 1261 679 1359 intercipit,
718 1285 919 1359 magnoque
958 1271 1059 1332 motu
1098 1260 1211 1332 amnis
1237 1267 1386 1356 uterque

153 1369 345 1444 colliditur:
385 1372 515 1470 quippe
541 1396 707 1470 asperum
738 1397 779 1444 os
811 1371 973 1444 influenti
1004 1370 1140 1461 obiicit,
1179 1394 1245 1443 nec
1270 1393 1386 1469 reper-

120 1501 278 1555 scussae
304 1507 417 1580 aquae
444 1481 584 1556 cedunt.
630 1480 839 1581 Dyardenes
865 1482 981 1555 minus
1008 1482 1147 1556 celeber
1171 1481 1296 1554 auditu
1322 1489 1386 1570 est,

153 1592 236 1689 quia
261 1617 325 1692 per
344 1595 469 1684 ultima
486 1592 608 1667 Indiae
627 1594 755 1666 currit:
783 1604 942 1667 ceterum
960 1619 1033 1666 non
1053 1591 1249 1665 crocodilos
1267 1590 1385 1681 modo,

151 1703 205 1776 uti
222 1703 333 1796 Nilus,
360 1705 424 1779 sed
451 1706 557 1778 etiam
583 1703 769 1803 delphinos
796 1704 1007 1803 ignotasque
1033 1705 1109 1777 aliis
1135 1703 1301 1802 gentibus
1326 1704 1386 1776 be·

103 1837 133 1881 ιο
151 1816 230 1888 luas
261 1817 332 1889 alit
384 1815 634 1908 Ethimantus,
667 1815 800 1890 crebris
839 1815 992 1889 flexibus
1031 1815 1182 1890 subinde
1207 1824 1386 1905 curvatus,

152 2047 269 2102 iunctum
286 2057 314 2102 et
327 2051 359 2102 ob
377 2049 476 2102 amente
492 2065 543 2118 pro
560 2049 588 2103 in
606 2047 684 2103 terris
701 2045 753 2101 ori·
787 2052 858 2104 sines
884 2065 941 2102 eam
962 2059 1054 2121 capet,
1086 2048 1154 2104 sicut
1181 2050 1262 2122 vulgo
1292 2047 1387 2104 editur.

152 2117 281 2170 eutalibus
303 2117 420 2188 positum
441 2133 498 2170 esse
524 2118 656 2172 dicamus?
695 2115 754 2170 Nec
787 2118 858 2172 Nam
875 2119 959 2172 Arces
975 2117 1167 2173 inFlor.CEH
1181 2117 1294 2173 BernB
1311 2121 1388 2172 Voss.

153 2200 204 2254 ego
237 2183 376 2256 quicquam
402 2184 464 2238 huic
489 2185 585 2238 rationi
613 2192 678 2256 puto
699 2201 754 2238 ma-
788 2187 914 2242 teodem
931 2187 1056 2268 pertinet.
1091 2187 1146 2241 Sed
1163 2188 1190 2241 h.
1202 2187 1221 2241 1.
1239 2187 1388 2241 audendum

153 2268 271 2322 guopera
281 2255 395 2319 obstare,
414 2253 480 2306 sicut
497 2262 526 2307 et
533 2253 596 2307 alibi
612 2263 640 2307 et
655 2267 696 2320 nr,
712 2260 754 2319 12,
788 2254 889 2326 aliquid
906 2255 972 2321 smt,
990 2256 1011 2308 si
1028 2255 1134 2310 veritati
1152 2256 1291 2310 consulere
1308 2254 1388 2308 velle·

154 2329 186 2374 1³
206 2323 277 2390 rapio
295 2339 312 2374 o
329 2323 436 2374 meridie
453 2324 538 2376 minas
552 2332 627 2376 vasta
645 2331 687 2376 est
703 2339 753 2392 pro
787 2342 858 2392 mus,
880 2339 929 2377 nec
953 2323 1063 2378 difficilis
1086 2325 1235 2378 emendatio
1258 2333 1306 2378 est.
1341 2325 1388 2378 ln·

152 2387 756 2514 :emercarentur
789 2391 1302 2532 tetram.
1319 2391 1389 2532 ta

152 2543 213 2578 mss.
231 2543 344 2596 quorum
361 2499 524 2598 parique’o
541 2530 689 2582 meridiana
712 2545 754 2581 re·
787 2538 833 2583 tur
858 2528 993 2595 inlibris,
1018 2531 1150 2612 Gaapes
1170 2534 1338 2584 decursurum
1361 2531 1390 2582 ia
1466 2547 1470 2556 ·

151 2596 238 2664 piene,
256 2592 326 2648 aliia
343 2597 427 2648 media
445 2597 560 2666 regione,
577 2595 621 2649 alii
639 2595 753 2668 denique
787 2615 859 2652 more
868 2599 1006 2668 intercepit,
1024 2607 1052 2651 et
1060 2615 1153 2670 qaappe
1165 2599 1191 2652 G
1196 2617 1296 2669 anper
1312 2615 1390 2668 arpe-

153 2673 177 2716 et
193 2664 341 2717 meridiano
364 2665 468 2734 reptare
488 2665 621 2718 exhibent
654 2665 753 2718 Verum
788 2685 860 2721 man
884 2668 958 2720 osia
980 2667 1051 2720 uenti
1072 2667 1176 2733 obiicit,
1198 2675 1313 2738 utroque
1332 2665 1390 2721 loco

152 2747 260 2785 necesse
277 2740 318 2785 est
340 2731 378 2785 sio
395 2741 427 2785 ut
443 2733 551 2803 vulgo(
588 2733 740 2787 stFreinsh.
788 2753 883 2789 nomeu
901 2733 947 2786 illu
983 2734 1128 2787 tollendum
1147 2741 1199 2801 est,
1222 2743 1391 2805 tamquama

153 2799 250 2871 legitur
267 2801 413 2867 emendari,
438 2817 488 2854 nec
503 2801 531 2853 id
549 2751 655 2856 dillicile
671 2809 719 2854 est
789 2810 938 2856 correctore
955 2802 1094 2864 adiectum,
1113 2803 1158 2872 qui
1175 2802 1262 2855 omnia
1274 2803 1309 2855 ad
1319 2801 1391 2856 Gau·

187 2871 254 2924 Iade
272 2871 338 2937 aaa]
364 2869 429 2923 Mas.
447 2877 476 2921 et
489 2870 548 2922 edd.
566 2877 632 2923 vett.
642 2871 670 2922 in
686 2886 752 2935 eam,
787 2887 848 2942 gem
864 2869 955 2923 referri
972 2870 1113 2940 putaverit.
1139 2869 1270 2924 Acesinen
1287 2877 1392 2924 constat
1483 2916 1485 2922 .

154 2938 201 2990 ted
218 2945 292 2990 recte
307 2938 475 2990 emendatum
493 2944 540 2990 est.
572 2939 639 2991 Iade
650 2936 755 3007 explica
791 2955 824 2992 ex
841 2937 956 2991 Arriano
973 2953 1020 3003 π,
1046 2945 1076 2990 14
1093 2937 1207 3008 primum
1224 2939 1250 2990 H
1270 2939 1390 3008 sdespcu,

154 3021 213 3060 cum
234 3004 412 3060 Freinshemio
429 3013 570 3085 postquam
587 3021 603 3059 e
619 3005 754 3058 montibus
791 3005 887 3059 deinde
905 3005 1076 3075 Hydraoten,
1098 3013 1234 3076 postremo
1279 3005 1391 3077 yphasin

154 3089 183 3127 se
200 3073 334 3144 expedivit
351 3081 380 3127 et
398 3074 426 3127 in
443 3072 579 3146 planitiem
596 3073 711 3127 devenit.
788 3073 817 3127 in
834 3089 863 3126 se
873 3089 1021 3144 nomenque
1039 3091 1114 3127 suum
1128 3073 1247 3146 recipere
1261 3074 1391 3128 omnium·

189 3144 212 3210 ξ.
231 3149 255 3196 6.
285 3143 397 3214 Uterque
413 3143 504 3196 Rubro
525 3145 596 3196 mari
615 3143 754 3212 acerbiter]
808 3158 841 3194 ue
859 3141 1010 3196 coniunctas
1027 3157 1107 3214 aquas
1124 3159 1172 3196 suo
1189 3142 1293 3197 nomine
1310 3143 1338 3195 in
1346 3141 1391 3196 In·

155 3209 283 3265 Veterum
311 3209 439 3266 Codicum
470 3211 672 3265 concordantem
698 3209 755 3262 fere
790 3160 852 3264 dum
869 3209 998 3265 emittere.
1034 3211 1048 3264 1
1097 3225 1129 3264 ue
1148 3212 1219 3292 quod
1238 3220 1330 3264 auctor
1347 3225 1388 3278 rx,

154 3278 308 3350 scripturam
334 3281 415 3334 secuti
449 3297 550 3346 sumus,
583 3279 647 3348 uisi,
681 3278 753 3350 quod
791 3285 822 3332 15
840 3277 960 3333 similiter
977 3279 1011 3332 de
1025 3297 1056 3334 co
1094 3282 1217 3334 uentibus
1227 3279 1345 3334 Acesinis
1362 3287 1391 3333 et

154 3350 212 3417 qais
227 3349 315 3402 crebro
329 3350 509 3403 reverberatur
526 3347 644 3402 dedimus
672 3365 702 3401 ro
721 3363 752 3400 eo
786 3347 849 3419 Hyd
899 3345 920 3400 is
939 3357 1043 3415 narrat,
1102 3355 1172 3402 terat
1196 3347 1252 3402 iure
1294 3349 1391 3402 nodam
1431 3349 1433 3354 ’

155 3415 267 3498 ςῃιιοάἱιιΙ
280 3417 560 3539 masestpaiacrebro
577 3365 673 3471 reoerd.
682 3416 753 3499 undo
787 3435 834 3471 suo
859 3435 875 3470 a
919 3416 979 3469 Indi
1006 3435 1055 3471 con
1076 3427 1167 3470 nentes
1193 3435 1253 3472 cum
1305 3416 1390 3472 cesina

154 3502 214 3608 lebild
227 3486 753 3624 ll'lodisiae'prbmbbrl'bllberbdlanlldeliildi
787 3485 1306 3632 Qidiffiyadmcxaiblnllbzlfleimii)
1315 3551 1390 3606 Leid

155 3621 332 3690 adhucvulgo
350 3623 492 3676 secundum
503 3623 563 3676 Aldi
577 3623 754 3678 coniecturam
787 3625 863 3678 Voss.
884 3631 895 3676 1
915 3624 1082 3689 Deordenes,·
1103 3639 1119 3676 e
1140 3623 1238 3676 uostris
1255 3623 1326 3677 Flor.
1348 3621 1389 3675 ni-

161 3690 187 3742 U
191 3698 262 3760 tque
280 3691 358 3741 natm
380 3692 450 3743 mari
475 3692 604 3760 accipitur
619 3723 654 3733 —
679 3692 754 3744 mal·
787 3685 831 3744 111
852 3691 924 3744 aliud
941 3697 1076 3745 enotatum
1102 3699 1157 3758 est,
1184 3691 1234 3744 nisi
1253 3691 1389 3744 diardiaes

157 3767 208 3810 tas
225 3757 332 3809 arbores
349 3787 384 3798 -
408 3760 536 3824 exturbet,
560 3761 634 3812 aazia
656 3775 755 3828 qaoque
788 3775 845 3812 esse
868 3757 895 3812 in
914 3758 963 3824 DI,
983 3761 1108 3813 diardens
1129 3757 1157 3811 in
1174 3759 1207 3824 Ε,
1227 3761 1344 3814 dirdr'nes
1361 3757 1389 3812 in

156 3827 293 3893 impeditus
311 3825 399 3878 crebro
421 3827 611 3894 reverberatur,
633 3827 756 3880 nimirum
788 3828 821 3894 F,
840 3829 947 3880 diordes
974 3827 1001 3878 in
1019 3825 1047 3879 H
1054 3845 1060 3893 ς
1087 3827 1237 3880 Diordeaes
1264 3827 1291 3880 iu
1309 3827 1389 3880 Rern.

156 3893 228 3975 quod
245 3891 406 3946 haecomnia
424 3893 458 3945 ad
475 3911 555 3947 unum
565 3894 625 3948 Gan
659 3913 676 3946 n
693 3911 755 3964 per·
789 3895 823 3961 A,
841 3895 977 3948 Diardens
994 3893 1283 3950 iuBeruB'scnbitur.
1311 3894 1390 3967 Igno·

155 3971 240 4016 tmere
257 3961 414 4015 videbantur
431 3961 477 4032 qui
499 3961 526 4015 iu
544 3967 565 4030 ς.
585 3967 608 4016 8.
646 3962 667 4015 is
685 3961 755 4034 apel·
789 3970 846 4016 tum
877 3963 970 4017 ceteris
1002 3963 1172 4034 scriptoribus
1208 3981 1304 4018 nomeu
1340 3973 1389 4018 est.

155 4031 227 4085 latur
244 4030 331 4102 vulgo.
358 4029 418 4084 Hoc
434 4047 492 4083 cum
506 4030 645 4084 manifesto
662 4031 755 4084 falsum
789 4029 821 4084 Iu
839 4047 870 4084 eo
887 4047 962 4084 amne
979 4047 1036 4085 esse
1054 4031 1136 4086 tradit
1149 4034 1291 4104 delphinos.
1318 4033 1389 4087 Nam

155 4101 201 4166 sit,
228 4108 256 4153 et
273 4117 290 4152 a
306 4097 383 4153 nobis
400 4107 561 4166 correctum,
594 4107 695 4153 sextam
713 4117 755 4153 se·
789 4100 827 4153 sic
835 4100 918 4153 nostri
927 4117 1023 4165 omnes
1037 4117 1090 4154 uon
1100 4103 1240 4170 detulisses,
1255 4109 1284 4154 et
1293 4117 1390 4172 graeca

154 4169 313 4242 ptimamque
323 4168 516 4291 paragraphum
531 4167 564 4220 de
582 4176 692 4250 utroque
709 4168 757 4249 tlu-
792 4168 877 4223 forma
894 4168 985 4290 utippe
1002 4168 1173 4240 relinquenda
1189 4178 1230 4223 est
1247 4169 1340 4242 poetis.

154 4237 211 4302 rio,
229 4247 257 4291 et
275 4237 369 4310 Gange
386 4247 414 4291 et
446 4237 758 4302 ndo,commumter1n·
826 4243 908 4306 §.10.
952 4239 1112 4307 'thimoatual
1147 4237 1201 4291 vul
1257 4239 1391 4308 Eryman·

157 4306 308 4378 telligimus.
792 4309 863 4388 tllus²
881 4305 927 4360 sed
945 4323 1005 4359 cum
1022 4307 1115 4372 amnis,
1133 4305 1187 4360 sive
1202 4255 1257 4360 {iic
1273 4305 1328 4360 sive
1344 4305 1390 4362 illo

190 4377 213 4443 §.
232 4381 255 4430 8.
296 4377 421 4429 Acesines
442 4375 539 4428 Indum
561 4375 650 4445 capet]
692 4373 756 4428 Mas.
791 4392 897 4429 nomme
913 4375 1075 4447 appellatur,
1102 4391 1184 4446 aeque
1210 4374 1318 4446 ignotus
1345 4375 1389 4443 sit,

156 4445 255 4496 Acesin
273 4453 319 4498 aut
332 4443 438 4498 diducto
455 4441 636 4497 nomiueAces
654 4444 682 4496 ia
700 4461 757 4496 eam
790 4451 925 4514 praestare
950 4443 1094 4498 censuimus
1125 4443 1239 4497 scribere
1284 4443 1337 4496 uod
1363 4443 1390 4496 iu

157 4521 248 4581 anyer,
272 4513 343 4567 unde
365 4513 450 4567 Aldus
473 4512 549 4567 facile
579 4511 668 4566 effecit
690 4513 756 4566 Ace·
791 4511 912 4567 omnibus
928 4530 990 4568 mss.
1013 4511 1109 4592 nostris
1130 4519 1179 4566 est.
1213 4511 1246 4566 Iu
1262 4460 1338 4566 lein
1362 4519 1391 4565 et
