3254 5292
229 369 300 441 122
724 384 758 446 q.
787 382 911 435 cusru
936 382 1023 435 nuru

225 571 326 647 tenos
360 569 401 642 ab
426 569 478 644 tte
510 568 570 670 qui
601 579 726 665 parent
749 565 864 640 hubert
880 577 1003 665 potest,
1034 564 1100 640 teis
1126 591 1149 639 e
1173 566 1293 641 stetere
1318 582 1469 646 seruatus

225 696 291 758 est:
316 682 377 757 sed
390 705 487 754 ueor
512 693 570 753 teu
587 677 696 776 paulo
722 690 796 750 onte
821 678 958 753 recessit
981 701 999 750 e
1023 676 1102 750 uite.
1161 675 1255 750 Tum
1281 703 1369 753 vero
1395 705 1469 753 non
1487 699 1520 748 es

224 794 378 891 gemitus
405 791 525 882 modo,
553 787 617 862 sed
644 789 753 861 etiem
779 788 932 861 eiulatus
960 787 1046 860 totis
1074 788 1201 862 eastris
1229 789 1470 864 exaudieban-

225 913 302 976 tur:
333 927 401 977 nee¹
427 900 608 974 dubitavit
633 897 790 992 Dareus,
826 899 913 996 quin
938 898 1264 992 interfecteesset,
1301 901 1385 997 quis
1410 925 1470 974 ne·

227 1014 364 1110 quisset
396 1010 648 1085 contumeliam
682 1010 832 1109 perpeti.
884 1009 1146 1106 Exolumetque
1177 1035 1302 1084 emens
1329 1011 1470 1086 dolore:

228 1123 328 1208 Quod
362 1149 421 1224 eqo
456 1135 584 1196 tuntum
615 1124 711 1224 nefus
745 1121 912 1213 tuemur,
946 1119 1168 1195 Alexander?
1207 1147 1305 1222 quem
1338 1136 1471 1198 tuorum

220 1237 492 1336 propinquorum
517 1233 643 1323 reruni,
668 1243 705 1304 ut
729 1232 815 1306 burte
840 1232 945 1306 vicem
969 1232 1156 1307 restitueres
1181 1233 1338 1307 seeodiee
1356 1235 1471 1310 neae?

230 1344 342 1422 Odisti
365 1370 432 1436 me,
465 1367 533 1417 nen
558 1341 692 1443 quidem
717 1355 939 1440 provocate:
965 1342 1025 1416 sed
1037 1343 1299 1443 finpe„iustum
1323 1344 1472 1421 intudem

226 1470 256 1531 te
280 1457 408 1548 bellurn,
433 1481 509 1529 eunt
524 1453 668 1556 feminis
693 1477 770 1552 erpo
783 1477 881 1552 opere
898 1453 1084 1527 debueras?
1110 1453 1277 1553 Tyriotes
1291 1456 1470 1532 affirmare
1487 1478 1522 1527 so

229 1592 293 1665 per
320 1565 407 1638 deos
434 1565 580 1664 patrios,
606 1565 694 1637 nihil
720 1564 757 1636 in
784 1588 864 1636 eam
888 1564 1035 1662 greviru
1063 1589 1142 1638 esse
1169 1567 1391 1639 consultum:
1419 1569 1470 1641 in·

228 1677 407 1775 gemuisse
434 1677 542 1750 etiem
567 1673 816 1748 Alexandrum
841 1676 959 1765 morti,
986 1685 1024 1748 et
1048 1701 1122 1748 non
1147 1676 1289 1774 peruius
1317 1677 1469 1771 flevisse,

229 1815 337 1888 quum
367 1789 445 1887 ipse
476 1786 687 1860 lacrimaret.
753 1783 811 1858 Ob
842 1785 937 1858 haee
963 1785 1043 1883 ipse
1077 1787 1230 1860 ementis
1262 1787 1402 1862 enimus
1432 1790 1470 1862 in
1487 1808 1519 1858 er

229 1898 504 1972 sollicitudinem
530 1897 839 1994 suspicionemque
864 1896 1051 1969 revolutus
1079 1908 1144 1987 est,
1171 1895 1390 1972 desiderimn
1416 1922 1471 1972 ee·

229 2012 351 2110 ptivee
376 2011 538 2107 profecto
552 2033 574 2080 a
587 2005 845 2080 consuetudine
859 2007 975 2105 stupri
1002 2017 1122 2079 ortum
1148 2031 1227 2082 esse
1255 2009 1469 2084 coniectans.

187 2199 190 2206 ,
229 2121 424 2196 Summotis
456 2119 564 2217 igitur
595 2117 757 2207 arbitrie,
801 2142 875 2190 uno
910 2117 1102 2191 dumtaxat
1136 2117 1283 2218 Tyriote
1318 2129 1470 2212 retento,
1488 2140 1521 2190 se

228 2233 301 2305 ium
326 2256 400 2303 non
426 2229 527 2320 dene,
541 2227 606 2302 sed
626 2229 820 2327 suspirans,
856 2226 1010 2321 Videsne,
1036 2229 1161 2328 inquit,
1193 2230 1338 2330 Tyriote,
1365 2231 1472 2304 lotum

264 2434 288 2500 §-
306 2437 347 2486 28.
383 2432 463 2483 bonos
488 2430 521 2482 ub
545 2428 599 2498 leis]
635 2429 727 2483 Honos
751 2429 835 2484 forms
868 2427 925 2482 deri
949 2429 1055 2483 videtur
1077 2438 1168 2483 utrum
1191 2429 1274 2486 mulis.
1309 2433 1402 2502 Atque
1424 2430 1472 2484 im·

229 2499 363 2571 antiquior
388 2505 417 2551 et
441 2515 457 2550 e
481 2496 608 2550 Cioerone
633 2505 761 2567 usur-pete
789 2497 834 2564 (ef.
868 2497 1013 2566 perfeetum
1031 2506 1136 2568 tempus
1153 2515 1211 2550 eum
1229 2499 1263 2552 ob
1277 2515 1472 2570 causemprse-

230 2587 278 2622 nos
300 2569 334 2620 ed
359 2566 403 2621 lib.
427 2580 462 2618 111
493 2565 521 2618 in
544 2564 621 2619 Verr.
645 2581 669 2618 e.
684 2574 724 2620 tt
751 2569 833 2636 extr.)
868 2573 940 2618 stare
957 2565 1021 2620 mihi
1038 2566 1151 2632 videtur,
1171 2568 1243 2637 quod
1260 2584 1383 2637 praesens
1397 2567 1472 2638 quasi

229 2635 311 2690 etism
337 2637 407 2706 apud
435 2633 558 2690 Curtium
583 2649 617 2686 ex
644 2634 834 2704 probatissimis
869 2634 1018 2687 summanus
1036 2634 1207 2705 semetipsum
1223 2635 1349 2690 saevitiae
1366 2635 1474 2690 erimine

230 2704 305 2758 libris
322 2721 371 2775 pro
388 2703 499 2772 vulgari,
538 2718 588 2755 use
602 2710 643 2755 est
652 2705 741 2770 honor,
757 2702 834 2756 resti-
868 2710 946 2754 esset.
980 2701 1075 2774 Neque
1097 2703 1201 2773 negabo
1223 2711 1313 2757 tamen
1335 2707 1414 2758 vicem
1432 2721 1473 2758 re-

230 2773 337 2826 tuende.
355 2773 393 2826 Et
411 2773 460 2826 boe
497 2720 584 2824 uidem
602 2770 661 2825 loeo
678 2771 705 2824 in
720 2779 834 2842 utroque
868 2772 974 2824 stituere
998 2771 1082 2826 veteri
1105 2771 1264 2826 suetoritete
1293 2788 1398 2842 cerere,
1426 2773 1474 2826 sed

229 2841 311 2895 Bern.
329 2850 357 2895 et
366 2841 436 2896 Flor.
456 2789 496 2894 ed
503 2857 584 2892 unum
601 2839 721 2893 omnibus
737 2839 835 2910 legitur
868 2857 928 2918 eum
945 2842 1054 2894 reddere
1072 2843 1152 2893 vicem
1169 2841 1238 2896 bene
1254 2841 1366 2910 dicetur,
1382 2839 1473 2915 quidni

96 2949 105 2966 .
229 2910 307 2976 (item
324 2913 367 2964 tis
385 2929 434 2982 pro
452 2912 512 2976 iis);
535 2927 602 2962 unus
620 2907 779 2979 relinquitur
795 2907 834 2963 lo·
868 2915 949 2960 etism
967 2910 1103 2962 restituere
1120 2910 1266 2980 probetur?

125 3008 139 3025 ο
229 2997 276 3034 eus
293 2994 365 3048 vm,
385 2985 434 3047 21,
459 2977 538 3032 tubi
551 2979 714 3048 proserpens
736 2981 834 3031 bonor
903 2994 960 3030 oum
972 2978 1090 3096 petrinis
1117 2995 1178 3047 erpo
1209 2995 1288 3048 uyere
1314 2980 1472 3051 debuemus]

228 3050 372 3103 bebetetur
389 3048 416 3102 in
435 3046 542 3118 optimis
560 3055 588 3100 et
606 3045 723 3116 plurimis
740 3055 790 3100 est.
867 3043 946 3098 Hune
979 3044 1074 3124 'uendi
1102 3046 1241 3100 somnulem
1270 3049 1364 3101 bellum
1395 3065 1474 3119 apere

265 3120 288 3186 5.
306 3124 348 3171 te.
384 3127 437 3170 tum
455 3119 524 3184 vero]
607 3114 665 3168 timi
683 3125 760 3182 tune,
787 3115 834 3169 sed
868 3112 955 3166 alueis
977 3113 1078 3166 idoneis
1100 3115 1251 3169 auctoribus
1269 3115 1415 3170 defendunt
1433 3117 1474 3170 in-

229 3185 351 3240 assentiri
369 3203 423 3238 non
440 3203 553 3254 possum.
595 3183 747 3252 regreditur
764 3183 833 3236 enim
866 3189 998 3250 terpretes
1016 3182 1050 3235 ed
1067 3181 1110 3235 Ne
1145 3190 1165 3236 t.
1183 3183 1272 3237 Henn.
1291 3190 1348 3250 e.8‚
1367 3185 1475 3255 nequid

229 3254 373 3374 dumiq'd
382 3271 436 3306 non
454 3252 615 3373 quwfflit
633 3253 667 3304 ad
685 3251 833 3305 describen·
866 3249 1111 3372 f⁰¹lssfl⁰⁰l⁰ssg⁸¹¹
1128 3252 1263 3323 oeogites‚
1274 3252 1474 3308 sieutFreinsh.

228 3339 292 3442 sitm
308 3339 354 3442 dli
374 3328 464 3458 edfrid)
476 3338 519 3440 dl
528 3403 577 3452 111,
596 3328 729 3453 gt’eqrpopp
742 3328 834 3454 dlluln
868 3335 926 3454 sord.
937 3336 1174 3467 ¹tulo'uleredddddrreet
1191 3405 1240 3459 pro
1257 3388 1329 3459 vulg.
1347 3391 1473 3444 bertm-

229 3457 333 3510 Deinde
351 3458 539 3509 exaudiebatur
548 3454 619 3510 Flor.
628 3453 744 3508 BDFGI
754 3455 834 3509 Bem.
867 3465 941 3507 retur
957 3456 1125 3508 sembendmn
1166 3457 1239 3510 utsvi
1255 3466 1366 3527 propter
1382 3465 1475 3512 sueto-

228 3526 253 3579 B
272 3533 299 3577 et
317 3521 439 3590 Medius,
459 3525 506 3578 sed
522 3531 643 3594 praestet
659 3523 767 3593 pluralis
785 3543 834 3578 nu·
868 3521 977 3577 ritatem
994 3525 1070 3578 eodd.
1089 3524 1137 3578 Lei
1157 3565 1162 3577 .
1181 3526 1261 3580 Beru
1279 3527 1303 3578 Α
1321 3524 1393 3578 Flor.
1411 3525 1473 3596 AB,

228 3611 316 3647 merus
334 3593 368 3645 de
385 3593 528 3646 multorum
554 3591 687 3645 hominum
714 3591 739 3658 in
757 3609 834 3663 pree-
870 3609 1070 3664 quemquamne
1079 3592 1476 3665 deponentiulisquidemforms

228 3661 298 3717 torio
318 3669 539 3732 congregatorum
556 3659 795 3714 lamentationibus.
869 3659 965 3714 idonee
991 3669 1065 3716 esret
1090 3662 1259 3717 auctoritate.
1302 3661 1388 3716 Psulo
1414 3671 1477 3734 post

265 3732 444 3784 contumeliam
462 3731 581 3851 peperi]
623 3729 669 3784 sie
692 3729 798 3783 Modius
820 3747 836 3784 e
870 3731 901 3782 ob
919 3731 982 3784 baec
999 3731 1056 3799 ipse
1070 3729 1097 3783 in
1106 3731 1212 3802 optimis
1220 3730 1390 3802 plurimisque
1399 3733 1475 3786 eodd.

229 3799 283 3853 suis
301 3799 382 3867 libris,
401 3799 558 3870 quibuscum
577 3798 668 3851 seiont
677 3797 834 3854 Leidlose
870 3796 982 3867 legitur,
1007 3799 1054 3850 sed
1075 3801 1201 3854 mendum
1226 3815 1283 3854 esse
1309 3799 1476 3854 librariorum

232 3875 285 3921 let
294 3867 492 3922 Bern.AFlor.
503 3866 653 3921 ABDFGI.
673 3867 762 3937 Vulgo
789 3870 835 3920 ati.
870 3864 947 3919 feeile
969 3865 1104 3938 intelligis.
1140 3868 1205 3936 Ipsa
1229 3886 1283 3922 non
1309 3877 1351 3923 est
1374 3868 1424 3922 uisi
1446 3868 1476 3921 in

265 3938 344 3989 vicem
362 3939 510 3990 restitueres
528 3938 653 3990 saeuitiae
670 3937 753 4007 meae]
797 3935 836 3990 di·
869 3933 941 3987 Flor.
959 3933 974 3987 I
990 3935 1071 3989 Bern.
1089 3940 1116 3989 A
1133 3937 1166 3988 de
1182 3937 1247 3990 meis
1265 3937 1338 3990 etin
1356 3937 1431 3992 Voss
1451 3944 1475 3989 1.

230 4011 276 4058 tur
293 4003 374 4084 vulgo
396 4007 475 4058 vicem
496 4006 621 4058 saevitiae
638 4023 710 4057 meae
727 4007 835 4070 reddas,
869 4001 943 4056 Edit.
961 4021 1002 4084 pr.
1020 4005 1082 4074 ipsi,
1101 4003 1199 4058 Aldine
1211 4007 1277 4074 epse,
1295 4003 1407 4059 Iuniana
1422 4005 1476 4076 pri-

133 4098 139 4110 ·
230 4081 260 4126 et
269 4073 402 4126 invenitur
410 4073 461 4126 boe
469 4072 495 4125 in
506 4072 577 4126 Flor.
587 4071 688 4140 DFGI,
703 4080 795 4126 contre
808 4071 836 4125 in
870 4089 942 4124 mum
960 4090 1030 4141 epse

229 4139 746 4212 Flor.BCEHetBern.Blegiturquod
755 4140 835 4220 edidi,
888 4143 928 4262 eg.
946 4148 987 4195 32.
1015 4143 1119 4196 videsue
1137 4143 1222 4212 inquit
1242 4143 1268 4195 T
1302 4141 1476 4265 'oteqUIuffig't

250 4227 338 4262 rorsus
347 4209 641 4263 sbestverbumsFler.
651 4212 684 4262 A.
695 4209 780 4262 Abest
792 4217 835 4262 rtr-
870 4209 887 4261 d
1387 4211 1429 4264 ele
1469 4249 1477 4276 ,

229 4227 406 4330 dernsBern.
417 4277 835 4346 AetLeid.eoquonosdedimus
870 4293 929 4331 eum
947 4278 1027 4348 vulgo
1051 4277 1185 4348 legeretur
1202 4281 1230 4332 in
1246 4289 1288 4344 te,
1306 4295 1355 4349 pro
1374 4297 1427 4349 quo
1449 4278 1477 4332 iu

230 4347 303 4410 loeo,
330 4347 376 4398 sed
400 4345 427 4398 in
450 4345 569 4416 margine
592 4363 672 4398 manu
689 4344 835 4399 recentiore
870 4364 923 4400 uno
941 4345 1011 4400 Flor.
1029 4347 1053 4398 B
1073 4349 1122 4400 uite
1140 4354 1224 4401 extet
1258 4347 1355 4400 Delene
1372 4346 1478 4400 roudus

229 4414 338 4470 additur
346 4415 373 4467 in
382 4413 426 4468 illo
436 4417 594 4480 restituerer,
609 4413 637 4465 in
646 4414 696 4468 hoe
704 4417 834 4468 redderes.
869 4414 977 4468 volebat
1002 4414 1204 4468 Freinshemius.
1248 4415 1319 4468 'l'um
1346 4415 1426 4470 Bern.
1451 4415 1479 4468 A

229 4485 272 4538 De
290 4483 366 4537 Voss.
387 4491 398 4535 1
419 4483 520 4541 siletur.
545 4483 643 4538 Libere
659 4482 743 4553 igitur
760 4482 835 4554 optio
869 4500 886 4536 a
903 4502 942 4554 pr.
960 4501 995 4536 m.
1013 4490 1042 4537 et
1059 4482 1130 4537 Flor.
1148 4484 1174 4538 A
1191 4485 1322 4552 tyriotum.

922 4208 989 4262 imus
1006 4225 1041 4262 ex
1057 4208 1241 4264 emendatione
1286 4251 1292 4264 .
1308 4210 1340 4263 L.
