3254 5292
211 323 284 396 124
684 339 717 402 a.
746 338 871 392 cunum
896 339 981 390 num
1070 361 1073 368 ·

204 531 265 603 secl
289 533 414 606 iustitio
440 546 470 606 et
494 531 688 608 continentia
714 536 883 635 inpressit.
936 533 1096 626 Monens,
1123 539 1307 637 coniuncta,
1344 537 1494 612 leleross

201 638 282 730 eiua,
307 641 376 716 nisi
399 645 489 741 qtncl
520 646 591 718 sine
625 643 680 717 illo
706 658 799 737 aunt,
831 658 943 744 captos
977 671 1047 721 esse
1080 670 1147 720 non
1181 647 1363 722 semitam:
1396 673 1458 746 pn

203 749 334 824 dieiu'ae
359 778 485 846 aarum,
512 777 597 854 quae
622 769 808 852 supersunt,
834 781 952 830 ennom
977 757 1070 831 land
1094 781 1188 832 secus
1213 781 1315 858 quan
1330 781 1459 855 parem

203 884 314 957 opens,
340 845 474 960 rapinae
500 864 666 962 appellus,
700 867 842 964 meatem
860 866 1028 964 pristinae
1043 870 1204 968 fortemne
1235 866 1374 940 reinero
1393 893 1458 966 pa

202 973 290 1044 torn.
352 970 490 1046 Vultum
521 985 615 1046 mum
640 975 751 1069 uideo,
786 977 895 1077 qualis
920 974 1034 1050 Darei
1055 978 1144 1078 ficit,
1183 1003 1259 1052 cum
1284 975 1496 1050 dimittere-s

201 1104 280 1152 mur
315 1081 356 1154 ol
387 1107 441 1157 eo.-
476 1096 506 1156 et
539 1083 593 1158 ille
619 1097 728 1160 tamen
753 1113 907 1181 marem,
941 1097 977 1158 tn
1011 1086 1133 1161 loetum
1164 1087 1264 1187 limes.
1317 1087 1396 1162 Iam
1422 1088 1459 1162 in

202 1191 273 1264 acie
306 1203 428 1283 stores,
462 1193 531 1268 nisi
561 1218 644 1269 cura
675 1209 704 1271 te
740 1197 929 1297 reponam
963 1195 1035 1271 meu
1068 1212 1263 1272 morarum
1324 1197 1460 1298 Ecquid

205 1300 331 1373 mirum
356 1315 411 1394 ost,
437 1304 469 1378 si
494 1317 562 1378 tum
588 1307 629 1379 ab
655 1307 762 1383 amieo
787 1307 900 1382 animo
919 1333 1042 1408 pacem
1060 1309 1170 1409 petit?
1195 1308 1279 1410 quid
1303 1333 1387 1406 open
1412 1321 1462 1382 est

204 1411 329 1500 anate,
354 1411 439 1486 inter
465 1439 546 1514 qnos
572 1416 651 1490 oclia
676 1418 804 1492 adleta
829 1418 932 1494 aunt?
969 1419 1080 1493 Antea
1105 1418 1246 1519 imperio
1271 1430 1326 1492 tuo
1348 1416 1497 1515 finem⁵

203 1518 387 1594 deauratae
410 1521 539 1621 Halym
565 1550 708 1619 amnem,
733 1529 793 1627 qni
817 1528 967 1628 [primm
993 1530 1154 1604 maminot.
1212 1527 1335 1619 Nunc,
1370 1528 1459 1626 quio-

204 1629 287 1726 quid
312 1630 397 1704 inter
423 1633 673 1732 Hellespontum
695 1649 726 1710 et
745 1637 941 1736 Blcplmten
966 1650 1023 1730 est,
1049 1641 1086 1714 in
1111 1641 1217 1714 dotem
1231 1636 1331 1736 filiae
1358 1641 1459 1739 offert,

203 1763 306 1837 qaum
332 1739 390 1814 tili
414 1744 535 1817 mooli:
565 1742 693 1819 Oetam
706 1747 833 1844 filium,
860 1772 957 1847 quem
981 1748 1093 1845 labes,
1122 1748 1224 1848 pacis
1249 1759 1280 1823 et
1291 1747 1384 1846 fidei
1408 1749 1496 1822 ote

201 1848 309 1924 mem
334 1853 451 1946 coine,
477 1868 617 1929 mmrem
644 1867 674 1929 et
698 1857 785 1931 dnos
818 1858 964 1958 uimine
991 1859 1088 1958 filios
1113 1859 1232 1934 redde:
1260 1883 1329 1958 pro
1355 1859 1459 1934 nilne

203 1961 394 2058 capataa
429 1964 564 2064 tuz'pinta
598 1965 694 2040 milia
719 1967 874 2041 talentum
899 1968 979 2042 anei
996 1981 1157 2068 precatur
1182 1970 1339 2069 acceptae
1374 1969 1493 2046 Nate

203 2070 459 2147 anderotionem
485 2075 593 2149 animi
618 2075 668 2150 tui
691 2089 803 2152 notum
834 2077 999 2172 laborem
1032 2106 1098 2156 non
1129 2080 1271 2154 dannan
1305 2081 1459 2155 maesse

160 2251 166 2259 .
205 2191 350 2277 tempus,
377 2208 441 2280 queo
460 2209 584 2282 paean
608 2209 675 2260 non
700 2187 783 2261 darc
808 2189 928 2282 solnm,
962 2191 1023 2266 sed
1046 2193 1145 2267 enam
1177 2214 1338 2291 occupare
1369 2191 1458 2266 dele·

204 2313 269 2362 res.
330 2291 490 2389 Respice,
526 2307 687 2394 qnantum
713 2310 794 2395 post
827 2311 856 2372 te
885 2300 1077 2398 reliqueris:
1110 2301 1252 2393 inaure,
1297 2316 1493 2401 quaestumss

244 2531 293 2583 sat
310 2530 445 2584 iustitiaet
459 2532 553 2584 contin
566 2531 705 2600 expressit]
724 2529 815 2599 Vulgo
848 2528 893 2600 qui
916 2545 948 2582 eu
970 2545 1035 2584 voce
1055 2528 1184 2599 possimus
1211 2543 1307 2582 carere.
1352 2527 1451 2594 Halym

211 2599 370 2650 continentia
389 2608 453 2665 tao,
467 2599 538 2669 quod
547 2616 601 2652 non
610 2606 814 2663 contemnerem,
850 2613 910 2650 cum
927 2596 1086 2668 aspiratione
1107 2597 1133 2650 in
1157 2597 1230 2651 nullo
1247 2595 1336 2650 codice
1352 2593 1451 2660 inveni,

210 2665 233 2718 si
250 2665 370 2718 meliores
389 2664 468 2720 libros
486 2667 596 2720 haberet
614 2673 742 2720 auctores.
762 2665 816 2719 Sed
849 2666 895 2719 sed
917 2675 1026 2736 praeter
1046 2683 1128 2718 unum
1145 2665 1215 2719 Flor.
1234 2664 1260 2718 D
1279 2680 1369 2718 omues
1386 2665 1451 2716 olim

212 2749 246 2786 ex
272 2733 324 2787 suis
347 2733 454 2804 optimis
476 2735 529 2788 iam
555 2734 653 2788 delevit
671 2733 814 2801 Sirakene,
848 2734 904 2788 sive
921 2736 990 2803 olym
1012 2734 1091 2787 litera
1108 2733 1284 2798 macrinum,
1308 2751 1362 2786 noa
1384 2730 1453 2784 sicut

211 2801 265 2855 eti
304 2811 382 2856 orant
400 2804 433 2856 de
449 2803 514 2857 meis
532 2803 814 2858 amboBern.etFlor.
848 2802 929 2871 vulgo
947 2819 1017 2856 uuae
1033 2803 1118 2855 edunt
1137 2803 1233 2871 Halyn.
1256 2801 1345 2871 Supra
1362 2807 1452 2853 marea

210 2870 261 2924 AB
287 2871 349 2936 ΕΗ,
367 2871 395 2925 iu
414 2873 508 2926 ceteris
527 2872 624 2943 legitur
642 2872 669 2926 in
686 2870 815 2943 principio
850 2877 914 2924 c-2l
933 2869 1035 2924 Graeca
1053 2869 1205 2924 terminatio
1219 2889 1236 2922 n
1250 2869 1304 2923 ino
1322 2867 1392 2922 timis
1402 2875 1452 2922 est.

210 2949 255 2994 tua
274 2941 384 2994 iustitia.
594 2984 596 2988 .
883 2944 941 3004 §.a
960 2941 996 2992 tri
1014 2939 1267 3006 minutulam-1]
1318 2954 1452 2990 asumma

209 3010 268 3130 seg.
285 3015 310 3063 3.
346 3011 440 3064 liberos
458 3012 525 3078 eius]
551 3009 642 3080 Vulgo
659 3009 813 3078 liberosque,
847 3007 973 3078 pecuniae
1010 3006 1143 3078 'screpant
1160 3014 1288 3060 auctores.
1324 3005 1453 3059 Arrianus

279 3077 407 3133 omittunt
434 3077 642 3132 coniunctionem
666 3075 814 3132 Florentini
847 3091 880 3141 11,
899 3083 931 3130 25
951 3079 1019 3143 (rem
1037 3076 1070 3127 nd
1084 3073 1225 3128 obsidionis
1236 3073 1334 3144 Tyriae
1347 3081 1453 3145 tempus

209 3145 244 3197 ad
261 3163 343 3198 unum
360 3163 459 3212 omnes,
479 3147 614 3215 eleganter
628 3145 693 3198 illud
707 3145 813 3215 quidem
846 3145 973 3208 referens)
991 3153 1019 3197 et
1036 3143 1194 3196 Plutarchus
1211 3143 1288 3197 Alex.
1307 3161 1329 3197 c.
1348 3149 1381 3198 29
1400 3143 1453 3210 μύ-

210 3220 239 3265 et
256 3213 290 3264 de
307 3230 392 3266 more:
416 3213 497 3267 miror
517 3223 606 3266 tamen
630 3213 710 3267 Bern.
733 3215 759 3266 A
785 3220 814 3266 et
846 3233 893 3284 ρια
923 3213 1026 3266 talenta
1052 3212 1178 3277 tradunt,
1211 3212 1282 3282 apud
1304 3211 1453 3266 Diodorum

209 3279 284 3332 Leia.
307 3281 384 3334 Voss.
409 3288 421 3333 1
447 3298 502 3334 non
524 3280 720 3334 commemorari
743 3281 814 3333 inter
846 3295 926 3346 xvn,
946 3287 979 3334 54
1001 3278 1129 3333 τάλαντα
1153 3279 1284 3353 ἀργυρίου
1318 3277 1452 3350 apicellae

210 3347 387 3416 eosaquibus
396 3347 547 3402 coniunctio
556 3347 632 3401 absit.
659 3352 723 3401 Mox
731 3349 812 3402 Bera.
847 3350 919 3418 apud
936 3349 1071 3404 Valerium
1089 3349 1236 3402 Maximum
1253 3361 1300 3414 v1,
1319 3354 1334 3400 4
1352 3347 1450 3399 Exta

210 3415 813 3486 etFlor.omnesetsnakenburgiiLeid.V0ss.
845 3417 931 3471 decies
949 3425 1057 3471 eentum
1073 3416 1145 3470 milia
1170 3417 1297 3470 talentum
1314 3413 1452 3468 nominan-

210 3487 311 3549 2(n0n
334 3483 415 3537 etiam
431 3484 508 3538 Voss.
535 3489 562 3551 1)
580 3501 641 3537 eum
657 3483 720 3538 edit.
738 3484 814 3538 Med.
847 3492 905 3552 tur,
933 3487 979 3540 sed
1002 3486 1074 3556 apud
1096 3493 1238 3556 utrumque
1256 3490 1395 3553 corrupte,
1420 3489 1453 3536 ut

211 3568 263 3604 non
281 3554 419 3620 sensimus,
437 3571 490 3607 uon
507 3552 608 3622 inepte,
618 3551 719 3624 opinor,
734 3551 813 3608 immo
847 3553 980 3608 Diodorus
1013 3555 1175 3627 τριεμύοια,
1206 3551 1326 3606 Valerius
1361 3551 1453 3604 decem

210 3618 308 3672 rectius
327 3621 486 3692 quamquod
504 3620 813 3676 circumferturnoasen-
847 3622 919 3676 milia
942 3623 1055 3678 voluisse
1077 3606 1226 3678 videantur.
1269 3619 1388 3674 Iustinus
1409 3634 1452 3686 xl,

210 3690 260 3740 sit:
277 3705 339 3741 nam
356 3690 460 3760 cognati
478 3691 547 3760 regis
562 3688 716 3762 loquuntur.
736 3690 815 3746 Cete-
850 3698 881 3744 12
900 3692 935 3745 tri
957 3691 1012 3745 'nta
1029 3689 1101 3744 milia
1118 3691 1248 3744 talentum
1271 3689 1363 3742 oblata
1380 3687 1453 3742 dicit.

211 3773 271 3808 rum
288 3759 342 3810 nisi
359 3762 429 3827 quod
444 3761 501 3813 aine
519 3761 564 3813 illo
582 3769 642 3814 sunt
660 3758 725 3812 nihil
742 3759 814 3812 aliud
847 3759 916 3813 Eam
951 3759 1118 3813 issensioueur
1136 3759 1189 3812 iam
1206 3757 1403 3827 simpliciorem,
1422 3763 1453 3808 ut

212 3832 253 3876 est
271 3833 456 3896 praeterquam
474 3828 546 3897 quod
563 3827 677 3898 separati
694 3835 757 3882 sunt
774 3828 814 3880 in·
849 3836 896 3882 aut
913 3841 935 3879 x
952 3835 999 3882 aut
1016 3843 1079 3880 xxx
1096 3827 1169 3880 milia
1184 3826 1298 3892 laedat,
1325 3843 1340 3877 e
1398 3841 1452 3878 nou

212 3891 304 3958 vicem,
323 3902 481 3965 poteratque
498 3897 590 3949 eodem
607 3896 665 3950 iure
682 3896 746 3950 dici:
764 3895 815 3950 uisi
848 3895 975 3963 diiudico,
1003 3897 1049 3950 sed
1065 3896 1116 3949 hoc
1142 3903 1256 3961 annot-0,
1284 3911 1318 3964 qa
1345 3895 1346 3898 ’
1381 3891 1453 3962 apud

212 3962 283 4030 quod
300 3961 355 4032 ipse
373 3980 417 4016 eos
434 3982 487 4018 uon
505 3964 586 4018 habet
604 3981 701 4018 seeum.
849 3963 971 4019 Curtium
988 3973 1030 4018 est
1047 3965 1117 4030 auri,
1127 3964 1196 4016 idem
1213 3979 1269 4016 esse
1286 3959 1369 4014 videri
1380 3961 1454 4031 quod

247 4034 271 4096 s.
291 4036 315 4083 5.
350 4032 458 4100 imperio
487 4042 529 4086 tuo
551 4033 636 4100 finem
667 4034 814 4087 destinabat
848 4051 895 4088 nos
922 4032 1026 4102 vulgari
1050 4047 1169 4086 sermone
1193 4031 1304 4084 dicimus
1329 4032 1358 4084 in
1376 4047 1453 4096 auro,

213 4099 322 4166 Halym]
340 4099 437 4154 Nescio
455 4117 509 4170 quo
527 4100 636 4154 consilio
653 4101 752 4155 laetum
770 4099 814 4167 sit,
848 4101 865 4154 i.
883 4118 906 4155 e.
923 4109 955 4155 ut
972 4100 1100 4172 pecuniae
1123 4117 1223 4152 summa
1240 4099 1342 4170 pridem
1360 4115 1392 4150 ex
1412 4115 1455 4151 ar-

213 4172 245 4218 ut
262 4165 376 4220 editores
393 4168 552 4222 recentiores
584 4171 637 4223 uod
650 4169 815 4222 inretustio·
848 4170 921 4240 genti
949 4169 1068 4240 pondere
1092 4167 1221 4232 collecta,
1247 4175 1322 4220 certa
1349 4166 1455 4220 ratione

212 4234 285 4288 ribus
311 4235 504 4306 exemplaribus
535 4246 545 4304 (
578 4237 643 4290 eruL
669 4237 731 4290 Ald.
755 4237 814 4292 Iun.
850 4243 942 4309 (quam
970 4244 1002 4290 10
1029 4237 1063 4288 ad
1088 4244 1098 4288 l
1124 4236 1203 4290 finisse
1220 4238 1300 4306 puto)
1328 4252 1393 4288 auro
1410 4249 1454 4286 re-

212 4302 298 4368 Mod.)
317 4303 455 4373 legebatur
466 4307 551 4373 finem
569 4305 700 4360 eiecerint.
736 4305 814 4376 Leai-
848 4313 1040 4376 praesentatur.
1076 4303 1121 4358 sic
1143 4303 1223 4358 etiarn
1246 4305 1317 4357 aad
1336 4301 1455 4356 Graecos

204 4379 258 4424 tur
275 4380 346 4426 certe
360 4371 576 4428 innostriscodd.
586 4374 706 4428 omnibus
721 4374 814 4441 (Snals.
847 4394 872 4428 v.
892 4392 915 4428 e.
933 4374 1005 4445 apud
1021 4372 1185 4426 Dinarchum
1201 4373 1230 4426 iu
1275 4373 1385 4426 emosth.
1405 4373 1455 4439 §.6

211 4457 301 4494 rursus
319 4439 379 4495 silet
395 4441 472 4497 Voss.
493 4445 529 4512 1),
547 4460 596 4498 nee
613 4444 676 4498 satis
693 4442 814 4515 intelligo
843 4451 877 4498 et
895 4451 926 4498 97
936 4483 943 4510 ,
962 4441 1089 4495 τάλαντα
1105 4448 1218 4512 χρυσίου
1237 4439 1431 4512 intelliguntur.
