3270 5290
516 357 565 407 nn
591 357 717 410 onsrrs
749 357 858 409 max.
885 355 935 428 vr,
963 358 1005 410 ιι.
1326 339 1399 410 247

162 549 379 640 aggestaque
413 539 523 612 humo
555 562 576 611 e
607 539 789 612 montibus
824 541 1007 638 planitiem
1047 541 1155 614 ramis
1195 541 1402 638 impeditam

105 671 142 720 ιι
162 650 380 749 exaggerari.
427 648 505 720 Iam
531 650 752 746 aliquantum
778 649 975 724 altitudinis
1002 675 1093 749 opus
1121 663 1293 743 creverat,
1320 677 1403 726 oum

160 761 315 852 barbari,
342 760 522 859 desperati
546 760 738 858 regionem,
766 783 875 857 quam
900 771 1184 861 occupaverant,
1215 786 1321 859 posse
1346 786 1400 835 re·

160 873 265 947 tincti
272 927 281 962 ,
316 881 462 969 gentem
494 895 596 945 suam
628 869 806 946 dedidere.
870 871 967 962 Rea,
1007 871 1192 946 obsidibus
1235 873 1401 969 acceptis,

160 981 335 1055 Phradati
360 1005 487 1078 parere
513 1006 574 1054 eos
600 982 713 1054 iussit.
1262 983 1264 988 ’

99 1111 142 1186 ,²²
263 1090 352 1165 Inde
377 1091 503 1188 quinto
517 1090 575 1165 die
588 1091 625 1163 in
639 1092 771 1166 stativa
784 1094 986 1166 revertitur.
1024 1091 1246 1166 Artabazum
1260 1090 1449 1181 deinde,l8

161 1203 342 1301 geminato
373 1202 526 1292 honore,
559 1225 667 1299 quem
701 1201 841 1274 Dareus
876 1203 1053 1279 habuerat
1077 1203 1129 1294 ei,
1162 1203 1313 1277 remittit
1339 1202 1401 1274 do·

161 1337 270 1385 mum.
322 1311 399 1386 lam
425 1312 473 1385 ad
503 1312 631 1385 urbem
656 1311 876 1410 Hyrcaniae,
906 1312 944 1384 in
970 1337 1042 1410 qua
1067 1313 1166 1411 regia
1189 1311 1308 1392 Darei„
1323 1313 1401 1404 fuit,

160 1435 311 1497 ventum
346 1433 432 1496 erat.
489 1421 544 1496 lbi
578 1415 806 1496 Nabarzanes
841 1434 988 1522 accepta
1013 1423 1085 1496 fide
1111 1424 1280 1515 occurrit,
1307 1423 1404 1498 dona

109 1552 143 1600 aa
160 1534 321 1631 ingentia
353 1533 482 1606 serens.
534 1533 633 1606 Inter
665 1558 756 1630 quae
782 1532 923 1632 Bagoas
956 1543 1049 1625 erat,
1082 1533 1200 1631 specie
1232 1533 1402 1630 singulari

162 1642 286 1741 spade,
312 1653 421 1740 atque
446 1644 483 1716 in
508 1645 588 1742 ipso
613 1643 702 1716 flore
728 1646 911 1742 pueritiae,
939 1647 996 1718 oui
1021 1641 1057 1718 et
1070 1645 1211 1718 Dareus
1237 1654 1403 1717 assuetus

162 1752 295 1843 suerat,
322 1765 359 1827 et
384 1779 472 1826 mox
497 1751 706 1826 Alexander
731 1755 905 1829 assuevit:
938 1757 1084 1853 eiusque
1108 1755 1265 1829 maxime
1291 1752 1401 1850 preci·

162 1862 231 1936 bus
256 1873 377 1937 motus
403 1862 610 1940 Nabarzani
630 1863 777 1962 ignovit.

162 2061 290 2116 librorum
306 2063 440 2116 firmatum
457 2079 504 2116 uec
520 2093 556 2104 -
577 2064 696 2134 quidun,
720 2062 767 2116 sed
801 2071 860 2117 tuta
877 2063 1025 2118 satisfacere
1041 2061 1106 2116 mihi
1124 2061 1230 2132 quidem
1240 2078 1294 2115 non
1306 2066 1404 2131 potest.

163 2132 236 2200 quod
252 2145 344 2184 omnes
362 2129 418 2183 iure
434 2137 571 2200 respnum.
801 2132 982 2186 Veruntamen
1005 2129 1113 2184 si‘talia
1135 2129 1245 2183 velimus
1262 2127 1402 2208 corrigere,

188 2201 212 2266 ς.
222 2203 264 2251 21.
275 2200 329 2250 iam
338 2199 609 2270 aliquantumJVulgo
618 2198 768 2251 diminuunt
802 2199 944 2252 efficiemus
973 2207 1003 2253 nt
1025 2215 1060 2252 ue
1085 2198 1114 2252 in
1138 2205 1275 2278 posterum
1317 2197 1404 2249 uidem

165 2265 269 2320 edendo
287 2267 327 2318 ali
343 2268 486 2334 uouudtuu,
505 2265 767 2332 utestinl'lorAEF,
802 2275 905 2322 certum
932 2267 996 2340 qnid
1021 2266 1147 2320 constitui
1171 2264 1264 2346 possit.
1332 2271 1404 2332 espe-

165 2332 194 2386 in
211 2333 283 2386 Flor.
301 2281 371 2387 Dlll
396 2335 498 2405 iamque
515 2336 721 2405 aliquantulum,
739 2334 768 2386 in
802 2337 862 2388 rari
879 2335 1063 2406 antiquitusd
1113 2333 1223 2414 neutrali
1237 2333 1403 2412 lonnausur·

164 2400 237 2454 Flor.
255 2401 280 2454 Il
297 2397 377 2454 Bern.
393 2399 416 2454 B
434 2421 545 2473 namque
562 2404 768 2473 aliquantulam
836 2411 894 2458 tum
911 2419 967 2457 esse
985 2421 1001 2456 a
1019 2403 1055 2456 ud
1097 2402 1237 2456 eremum
1248 2401 1311 2454 olim
1318 2399 1406 2469 Caper

164 2471 212 2524 sed
230 2468 392 2539 integerrimi
410 2472 574 2541 aliquantum
591 2478 677 2536 recte,
702 2487 768 2539 quo-
801 2421 994 2534 daocueratmed
1055 2468 1406 2536 hliuslrh.vm,4,24hano

164 2537 236 2591 niam
262 2555 322 2591 cnm
348 2538 523 2592 admiratione
551 2539 664 2620 quadam
682 2554 776 2592 susce--
801 2538 1204 2610 auctoritatemeripuitoodices
1215 2555 1275 2592 suos
1290 2541 1404 2589 secutus.

164 2613 227 2676 ptae
244 2605 283 2659 rei
299 2613 398 2659 narrat.
434 2605 488 2660 Sed
509 2607 633 2660 dubrtant
650 2604 770 2686 possitne
835 2609 968 2662 Ptrodatt'
979 2625 1078 2676 parere
1096 2625 1139 2660 eos
1157 2607 1244 2686 trusit]
1275 2603 1339 2657 Non

163 2677 336 2746 aliquantum,
355 2689 414 2727 arm
430 2692 480 2744 pro
498 2673 623 2728 adverbio
640 2681 689 2741 nt,
708 2689 768 2726 cum
801 2676 841 2730 tui
867 2693 921 2729 non
946 2676 1060 2746 probare
1081 2672 1253 2730 Fhemshemd
1279 2687 1355 2724 emen

163 2742 281 2812 genitivo
325 2743 475 2796 altiatdt'ut‘s
512 2743 607 2797 coniun
629 2741 643 2794 '.
691 2740 767 2811 Opus
800 2743 900 2796 tionem
923 2743 991 2796 hanc
1014 2760 1063 2815 pro
1079 2742 1151 2812 mlg.
1169 2741 1300 2812 scripture
1316 2739 1404 2818 Phra·

163 2816 233 2864 enim
250 2811 307 2864 fere
328 2825 445 2862 crescere
471 2809 579 2865 dicimus
631 2809 767 2862 'nantum
801 2813 859 2864 dati
887 2813 990 2865 tradere
1024 2827 1067 2864 eor
1095 2811 1179 2864 iurat.
1229 2807 1403 2863 Constructro

162 2878 191 2932 in
208 2875 390 2942 altitudinem,
409 2877 500 2931 autin
517 2878 631 2948 aliquam
647 2876 767 2930 altitudi-
800 2878 870 2932 enim
887 2879 1028 2932 verborum
1044 2878 1149 2934 soloeca
1165 2883 1194 2931 et
1210 2876 1345 2945 inelegans
1353 2881 1403 2927 est.

163 2965 223 3001 uem
253 2953 284 2999 ut
301 2957 347 3010 w,
376 2950 408 2997 10
433 2947 462 2997 iu
488 2949 636 3013 modicam).
669 2944 713 2998 Ita
732 2961 767 2998 ue
801 2947 855 3001 Sed
877 2946 905 2999 in
921 2946 995 3000 libris
1011 2945 1086 3000 mstis
1111 2945 1177 2999 nihil
1193 2944 1250 3016 opis
1268 2952 1318 3010 cst,
1354 2959 1404 2995 uo·

162 3014 213 3068 Aoi
259 3013 298 3066 ‘us
321 3027 380 3064 cum
403 3010 460 3064 aliis
477 3015 506 3064 iu
523 3015 687 3092 aliquantum
704 2963 766 3066 olri-
802 3032 861 3068 rum
887 3031 947 3085 pars
974 3014 1058 3067 altera
1075 3013 1168 3067 ordine
1185 3021 1291 3067 tantum
1308 3026 1355 3063 ver
1374 3027 1404 3064 o·

163 3083 264 3136 mainis
281 3079 474 3132 emendandum
491 3088 600 3134 censuit.
626 3080 686 3132 Hoc
702 3080 766 3133 mihi
799 3099 859 3136 rum
876 3089 980 3136 mutato
997 3099 1040 3135 eor
1058 3084 1162 3135 tradere
1179 3080 1268 3134 habet.

164 3149 271 3220 quidem
289 3145 426 3216 displicet,
453 3147 505 3200 etsi
528 3147 618 3200 Livius
637 3147 704 3200 dixit
722 3146 766 3200 lib.
836 3151 1065 3230 Cap.18,§.22.
1092 3167 1166 3230 quem
1184 3151 1291 3202 Dareus
1308 3145 1404 3199 habue-

162 3232 244 3286 mr,
264 3221 347 3284 lt,5
371 3217 463 3268 dextra
474 3233 545 3296 pars
563 3217 621 3268 labe
639 3224 721 3268 terrae
738 3217 766 3268 iu
799 3219 855 3289 rot]
891 3217 1016 3288 Plerique
1039 3217 1099 3271 libn
1120 3225 1149 3270 et
1170 3212 1358 3284 manuscripti
1375 3220 1404 3266 et

161 3288 326 3358 aliquantam
344 3284 493 3338 altitudime
512 3285 601 3338 diruta
620 3293 695 3336 erut:
711 3301 765 3336 ma·
800 3285 865 3340 editi
883 3285 1039 3340 nominatim
1056 3284 1284 3338 Freinshemianae
1308 3281 1403 3335 editio-

161 3355 202 3425 gis
224 3369 302 3425 posse
325 3349 472 3424 genitivum
498 3351 605 3422 adiungi
632 3358 697 3422 puto
720 3351 766 3404 ubi
800 3371 847 3407 nes
865 3371 941 3424 quom
959 3354 1098 3422 exhibent,
1123 3354 1168 3406 sed
1185 3369 1259 3424 quem
1276 3350 1403 3405 Modiana

160 3425 324 3503 aliquantum
350 3418 421 3473 inter
446 3419 570 3474 adiectivi
596 3429 625 3474 ct
648 3419 766 3473 adverbii
800 3421 900 3489 editio,
924 3422 999 3476 codd.
1021 3421 1097 3475 Leid.
1118 3424 1196 3476 Voss.
1224 3428 1236 3474 1
1267 3420 1350 3474 Bern.
1375 3419 1400 3471 A

160 3491 377 3621 gregumfflonvem
385 3488 670 3611 illuditilelrliutiudliltd
686 3489 765 3609 iltuit?
798 3490 953 3612 FlldhtAad
977 3559 1065 3611 urbem
1092 3558 1185 3627 Hpra]
1227 3557 1399 3635 Zadrocarta

160 3627 396 3763 tttttt'ttttt
408 3624 663 3762 tatttstttt,
679 3629 762 3762 {att
796 3625 1268 3764 dlflllmlllffi’ffllll
1286 3624 1398 3744 tltt‘.

158 3775 240 3829 nn,
262 3765 311 3827 18,
341 3764 370 3810 17
398 3775 468 3812 nuno
492 3759 762 3830 edituralipuautsuu
797 3761 923 3817 Ceterum
940 3763 1043 3832 iamque
1061 3761 1089 3814 in
1105 3759 1398 3814 auislibrisesseanno-

159 3829 235 3898 (olim
255 3831 295 3882 ad
316 3825 392 3895 aliq.)
410 3826 464 3877 tam
481 3829 629 3880 altitudinis
647 3829 759 3881 excitata
796 3837 837 3883 tat
846 3829 980 3883 Snalrenb.
1000 3831 1072 3900 quod
1089 3829 1116 3882 in
1132 3828 1197 3882 meis
1211 3845 1265 3882 non
1281 3825 1397 3892 invenio,

158 3908 235 3952 erant
257 3896 368 3951 moenia.
403 3891 474 3946 uum
497 3895 628 3964 desperati
645 3895 760 3948 scriben·
793 3907 821 3952 et
863 3899 917 3951 uod
938 3897 1017 3953 etiam
1033 3897 1133 3951 Aldnm
1157 3905 1186 3950 ct
1208 3895 1339 3950 Messalam
1362 3892 1399 3946 sic

158 3967 221 4019 dum
247 3973 306 4020 erat
329 3967 441 4044 propter
458 3960 577 4016 codicum
594 3979 760 4030 consensum3
794 3966 836 4019 edi
891 3965 1013 4033 euadit,
1032 3964 1205 4035 suspicionem
1222 3963 1317 4019 erroris
1333 3961 1398 4015 mihi

157 4033 316 4088 recentiores
342 4033 457 4085 editores
482 4033 618 4099 desperato
640 4047 760 4085 correxe-
793 4034 890 4102 inlicit,
915 4033 1039 4104 qnoniam
1064 4032 1091 4086 in
1117 4033 1157 4088 his
1175 4040 1249 4087 certo
1345 4031 1398 4082 'tur

157 4110 227 4169 rant,
243 4102 314 4173 quod
327 4117 356 4154 re
375 4097 520 4153 mhendme
528 4115 584 4156 non
593 4099 685 4166 audeo,
702 4115 760 4152 oum
794 4104 855 4156 iam.
899 4101 955 4156 Sed
983 4119 1034 4173 pro
1060 4118 1092 4155 eo
1122 4101 1149 4155 in
1180 4101 1253 4155 Flor.
1306 4097 1397 4154 EFHI

156 4169 231 4237 illud,
249 4171 320 4242 quod
337 4117 421 4232 edidi,
439 4167 535 4220 idoneo
553 4167 674 4247 exemplo
691 4166 761 4220 tueri
794 4171 873 4224 Bem.
891 4171 915 4224 B
934 4169 991 4228 Pal.
1011 4178 1023 4223 1
1044 4169 1141 4240 legitur
1159 4173 1270 4224 laudun.

157 4255 212 4291 non
228 4238 331 4310 possim
366 4237 438 4291 Nam
463 4234 642 4289 Ruddimannr
668 4243 759 4290 aucto·
828 4243 850 4319 ς.
870 4246 912 4294 23.
947 4247 1067 4292 assuetus
1078 4239 1184 4308 suerat]
1220 4237 1265 4291 Sic
1290 4255 1338 4292 nos
1362 4254 1397 4290 ex

156 4305 222 4359 ritas
239 4307 267 4360 in
284 4306 372 4378 amplo
394 4303 486 4360 talium
503 4304 701 4375 partieipiomm
718 4303 759 4358 in·
792 4307 865 4360 Lerd.
884 4308 963 4361 Voss.
983 4314 995 4359 1
1014 4307 1095 4360 Bern.
1113 4312 1138 4360 Α
1155 4307 1226 4361 Flor.
1244 4305 1323 4359 ABG
1346 4323 1396 4375 pro

157 4373 226 4439 dice,
240 4375 320 4428 etiam
342 4375 391 4430 hoc
407 4373 600 4440 enumerantis,
626 4391 688 4444 pag.
706 4379 755 4427 301
793 4391 825 4429 eo
851 4377 922 4446 quod
944 4374 1032 4428 editur
1058 4374 1208 4456 legiturque
1233 4373 1262 4427 in
1287 4373 1394 4453 reliuls

158 4439 417 4515 Tom.1edit.Lips.
437 4449 575 4496 auctorum
592 4441 658 4496 locis
677 4441 758 4496 desti-
782 4446 880 4514 suerat
914 4453 1049 4511 assueuu3
1085 4460 1113 4496 m
1146 4443 1186 4497 hrs
1218 4392 1394 4496 deterronlms
