3214 5288
253 324 302 396 20
718 339 751 402 o.
780 339 905 391 cusan
930 339 1016 390 aun
1126 365 1130 377 ,

251 549 395 623 quoque
421 547 564 622 specus,
596 533 633 596 et
661 519 851 620 Corycium
876 546 1021 610 nemus,
1056 519 1119 592 ubi
1150 543 1294 594 crocum
1324 520 1501 618 gignitur,

251 646 450 731 ceteraque,
476 635 514 706 in
540 633 669 730 quibus
695 633 783 706 nihil
807 644 951 732 praeter
975 634 1107 705 famam
1133 629 1336 704 diuaverat

203 748 249 821 11
353 742 563 819 Alexander
587 744 708 817 fauces
734 744 817 841 iugi,
844 770 935 842 quae
953 742 1065 842 Pylae
1083 744 1318 842 appellantur,
1335 741 1501 816 intravit.
1518 754 1543 799 u

252 856 523 954 Contemplatus
547 855 710 930 locorum
735 856 854 948 situm,
875 881 950 930 non
975 854 1062 928 alias
1088 855 1202 951 mame
1227 852 1358 926 dicitur
1383 851 1501 926 admi·

250 979 351 1043 ratus
378 991 456 1042 esse
482 966 687 1066 felicitatem
713 993 830 1041 suam:
863 967 967 1041 obrui
991 966 1151 1064 potuisse
1177 966 1237 1038 vel
1262 965 1359 1038 saxis
1386 965 1502 1038 confi·

250 1081 405 1168 tebatur,
432 1077 463 1150 si
487 1077 647 1171 fuissent,
675 1079 735 1176 qui
761 1079 799 1152 in
825 1078 1020 1152 subeuntes
1046 1077 1297 1174 propellerent
1330 1073 1407 1148 Iter
1436 1077 1501 1148 vix
1518 1092 1542 1138 12

252 1201 445 1289 quaternos
472 1188 636 1285 capiebat
661 1201 835 1264 armatos:
863 1187 1010 1262 dorsum
1034 1188 1167 1261 montis
1180 1187 1389 1260 imminebat
1404 1187 1501 1274 viae,

250 1326 325 1374 non
364 1309 537 1395 angustae
572 1299 697 1392 mod0,
737 1299 802 1374 sed
839 1301 1049 1399 plerumque
1086 1309 1318 1397 praeruptae,
1359 1298 1501 1372 crebris

252 1409 502 1484 oberrantibus
528 1410 625 1501 rivis,
644 1411 705 1508 qui
732 1437 779 1485 ex
804 1411 982 1484 radicibus
1008 1410 1184 1483 montium
1196 1417 1354 1482 manant
1382 1407 1500 1482 Thra·
1517 1432 1542 1480 1³

201 1610 204 1616 Ι
251 1544 311 1593 cas
337 1529 459 1592 tamen
484 1520 612 1595 leviter
637 1530 795 1595 armatos
821 1520 1035 1620 praecedere
1070 1521 1238 1611 iusserat,
1272 1521 1501 1617 scrutarique

251 1631 368 1719 ealles,
394 1655 441 1702 ne
468 1631 627 1704 occultus
653 1632 768 1706 hostis
793 1634 830 1704 in
857 1633 1052 1707 subeuntes
1079 1641 1291 1731 erumperet.
1340 1627 1500 1728 Sagitta·

250 1741 386 1814 riorum
420 1765 562 1838 quoque
597 1768 724 1816 manus
760 1755 999 1843 occupaverat
1030 1745 1168 1841 iugum:
1203 1742 1361 1815 intentos
1388 1766 1500 1814 arcus

250 1852 443 1946 habebant,
469 1854 604 1946 moniti,
632 1879 705 1928 non
731 1855 801 1928 iter
825 1855 923 1952 ipsos
950 1856 1057 1946 inire,
1084 1853 1150 1928 sed
1175 1853 1358 1950 proelium.
1414 1852 1499 1926 Hoc
1516 1870 1542 1916 14

250 1963 359 2038 modo
387 1991 516 2063 agmen
542 1968 707 2064 pervenit
732 1966 780 2040 ad
806 1967 932 2040 urbem
959 1965 1112 2056 Tarson,
1144 1965 1203 2038 cui
1233 1975 1311 2036 tum
1336 1967 1498 2039 maxime

251 2073 383 2146 Persae
416 2076 651 2151 subiiciebant
682 2079 817 2175 ignem,
853 2104 898 2153 ne
931 2080 1141 2176 opulentum
1173 2073 1345 2173 oppidum
1378 2075 1498 2149 hostis

250 2181 448 2256 invaderet.
500 2186 552 2257 At
576 2188 650 2276 ille,
683 2186 918 2262 Parmenione
954 2187 1001 2262 ad
1032 2186 1265 2261 inhibendrnn
1290 2185 1497 2260 incendium
1516 2194 1541 2242 1⁵

252 2318 334 2364 cum
361 2294 531 2392 expedita
556 2321 665 2369 manu
690 2300 896 2395 praemisso,
916 2309 1108 2397 postquam
1132 2297 1306 2372 barbaros
1332 2295 1499 2370 adventu

251 2428 399 2476 suorum
433 2405 576 2503 fugatos
612 2431 690 2482 esse
729 2408 914 2504 cognovit,
955 2409 1082 2482 urbem
1115 2434 1138 2481 a
1170 2433 1209 2482 se
1244 2421 1498 2484 conservatam

250 2515 370 2588 intrat.
1581 2541 1582 2633 p

203 2620 248 2690 12
354 2622 511 2700 Mediam
530 2623 678 2727 Cydnus
706 2627 830 2719 amnis,
850 2627 896 2702 de
923 2655 993 2726 quo
1019 2632 1127 2728 paulo
1154 2641 1238 2704 ante
1265 2631 1401 2704 dictum
1427 2637 1530 2719 estl

250 2861 267 2896 a
285 2841 409 2898 Cilicibus
426 2860 461 2898 ex
478 2841 670 2914 agroTroiaao
688 2844 777 2900 eiectis
795 2863 856 2900 cou-
891 2851 943 2900 tur.
987 2845 1082 2917 Itaque
1099 2847 1242 2902 rectissime
1259 2849 1357 2901 factum
1383 2855 1452 2919 puto
1469 2848 1496 2900 iu

250 2911 318 2966 ditas
345 2913 437 2980 tradit,
464 2921 572 2968 auctore
597 2932 659 2968 usus
687 2914 855 2969 Callisthene.
890 2913 988 2968 Aldina
1006 2923 1036 2968 ut
1055 2918 1083 2968 in
1100 2934 1163 2986 prae
1199 2915 1259 2970 sitio
1276 2916 1450 2986 adficeretur,
1468 2925 1497 2970 ct

249 2981 294 3035 De
320 2981 458 3053 Typhonis
480 3000 559 3054 specu
589 2981 724 3054 pestilenti
748 2984 780 3037 cl.
797 2984 856 3036 Me-
889 2983 1099 3054 pchodianam
1116 2994 1144 3037 ct
1181 2984 1276 3038 reinslr.
1295 2995 1495 3056 propagaretur.
1580 3047 1581 3052 η

249 3050 301 3103 lam
319 3065 339 3114 1,
357 3059 396 3105 la.
433 3051 573 3122 Corycium
591 3070 680 3106 oenias
698 3053 769 3123 quod
788 3052 855 3106 Cur·
924 3055 947 3121 §-
972 3059 1011 3107 1³.
1047 3055 1138 3106 aconiti
1163 3071 1215 3106 non
1241 3059 1288 3106 tter
1315 3056 1386 3123 ipsos
1414 3054 1494 3122 taire]

249 3119 302 3172 tius
320 3119 400 3184 dicit,
429 3119 483 3172 ἅντ
502 3140 537 3172 ον
554 3121 704 3192 Κωρύκιον
722 3129 763 3174 est
785 3121 855 3190 apud
888 3119 960 3173 Flor.
978 3121 1036 3174 BE
1058 3130 1086 3174 et
1107 3121 1135 3174 iu
1159 3139 1241 3200 marg.
1260 3121 1285 3174 D
1303 3125 1358 3176 rott'
1375 3141 1428 3176 non
1447 3125 1496 3176 iter

250 3185 323 3250 alios,
340 3185 413 3236 locas
422 3186 476 3236 alte
483 3141 630 3254 depressus,
644 3187 772 3240 umbrosis
781 3207 854 3266 mon·
889 3197 949 3254 oct,
968 3195 998 3241 ut
1015 3207 1050 3268 ex
1067 3188 1129 3268 olim
1146 3188 1247 3243 collatas
1256 3189 1312 3242 Pal.
1325 3199 1347 3243 1.
1366 3190 1408 3243 De
1418 3191 1495 3272 isoes.

250 3252 321 3304 tibus
339 3251 514 3304 circumdatus
532 3259 561 3303 ct
578 3255 778 3306 crocoobsitus:
796 3255 857 3306 vide
893 3263 904 3307 1
926 3263 954 3308 et
974 3255 1048 3309 Lerd.
1071 3257 1136 3310 nrlnl
1159 3258 1230 3328 apud
1252 3257 1494 3330 Snakcnburgrum.

250 3319 339 3372 Strab.
357 3316 374 3368 l.
393 3316 410 3368 l.
434 3337 459 3390 p.
478 3325 528 3372 oto
546 3337 584 3388 sq.
630 3319 740 3388 specum
767 3330 856 3374 tamen
891 3321 985 3392 Itaque
1002 3333 1105 3378 mutare
1123 3324 1203 3392 nolui,
1222 3344 1281 3379 cum
1299 3327 1415 3396 alioquin
1434 3347 1496 3398 pru·

251 3385 372 3456 Corycon
389 3385 470 3438 etiam
478 3385 580 3439 Plinius
598 3388 714 3457 appellat
731 3397 784 3442 nat.
794 3389 856 3443 hist.
891 3391 954 3444 dens
973 3392 1038 3446 illud
1055 3393 1190 3448 consilium
1199 3403 1261 3474 apte
1271 3397 1305 3448 ad
1313 3395 1495 3450 Alexandrum

250 3469 280 3521 v,
299 3472 320 3508 c.
340 3461 371 3506 at
393 3456 489 3520 (§.92).
889 3460 1025 3514 reseratur.
1069 3463 1278 3516 Ecorrecuone
1303 3465 1361 3518 ood.
1380 3463 1496 3519 alost}

285 3521 325 3576 Ca
344 3562 350 3575 .
371 3529 412 3586 11,
432 3525 456 3589 ς.
470 3529 509 3574 11.
537 3525 722 3592 contemplatus
741 3527 855 3578 locorum
889 3527 971 3582 habet
992 3531 1086 3583 inituri
1107 3549 1158 3583 non
1181 3534 1231 3584 iter
1253 3533 1338 3601 ipssam
1356 3535 1405 3588 sed
1416 3551 1495 3603 pros-

251 3541 343 3660 st'tand
380 3591 465 3642 Situm
483 3608 573 3644 omnes
590 3609 650 3646 mss.
669 3592 767 3662 nostri,
790 3589 855 3647 editi
890 3598 961 3650 liam.
996 3598 1077 3651 Bora.
1094 3599 1118 3651 B
1137 3605 1165 3651 et
1183 3599 1254 3653 Flor.
1272 3599 1300 3653 H
1317 3600 1344 3652 in
1362 3602 1495 3672 pravitate

252 3664 370 3728 (praeter
386 3657 474 3728 Mod.)
493 3661 569 3714 sitas.
889 3666 943 3717 lere
960 3667 1149 3720 concordantes
1171 3687 1223 3720 aon
1242 3669 1397 3738 inscriptos
1417 3672 1494 3735 inire,

286 3727 331 3794 qai
348 3728 376 3778 in
394 3729 530 3781 subeuntes
545 3731 732 3800 propellerent]
771 3729 855 3786 Codd.
890 3733 1008 3802 tamilla
1026 3752 1062 3800 se,
1082 3735 1123 3788 bic
1140 3739 1196 3790 scd.
1213 3738 1330 3790 Bern.A
1348 3740 1431 3792 inires
1452 3741 1497 3807 (ed

251 3793 370 3864 plerique
388 3812 450 3865 prae
486 3795 581 3850 sitione
603 3796 698 3851 omissa
723 3801 769 3868 pai
795 3803 855 3853 sab·
889 3819 968 3870 supra
985 3801 1080 3854 lineam
1098 3804 1221 3874 expletur
1238 3823 1254 3858 a
1271 3823 1351 3860 mauu
1368 3813 1482 3875 recent.)

253 3871 339 3915 euntes
362 3867 555 3932 praetereat,
582 3866 725 3920 deteriores
751 3875 856 3922 tantum
889 3867 958 3922 hunc
977 3869 1070 3940 opinor
1086 3871 1187 3925 sontem
1208 3891 1264 3926 csse
1282 3875 1315 3926 dc
1334 3875 1486 3929 rotationis.

253 3929 313 3982 libri
330 3929 352 3982 F
353 3881 434 3983 lonss
454 3933 529 3986 Voss.
544 3941 559 3986 2
579 3937 625 4014 qui
642 3937 778 3989 subeuntes
791 3955 855 4006 per·
925 3940 947 4004 §.
960 3945 999 3990 14.
1018 3942 1182 3994 tancmaxime
1200 3894 1384 4013 satticteddm]
1403 3946 1496 3998 Anno·

253 3999 381 4065 callerent,
401 3999 479 4052 Beru.
497 4001 522 4053 B
541 4019 584 4069 que
603 4003 739 4057 subeuntes
746 4008 856 4083 procel·
890 4007 1000 4059 tandum
1025 4016 1092 4078 puto
1108 4019 1168 4062 tunc
1186 4029 1255 4062 atos.
1273 4010 1302 4062 in
1319 4030 1371 4065 uno
1389 4011 1494 4066 Flosis

254 4067 342 4118 lerant.
375 4069 496 4146 Apparet
522 4069 547 4120 h.
565 4069 582 4121 l.
609 4069 660 4122 dici
686 4072 719 4124 dc
745 4073 858 4142 impulsu
892 4090 957 4140 cssc,
976 4085 1036 4128 tuac
1054 4079 1495 4158 canimuxime(quodllloddcdit)

254 4139 857 4262 {illil'lmq‘dtiiluiii‘'dlifiild’aluil'
891 4141 1020 4266 lttlt
1036 4145 1496 4288 {aucturetatem

253 4278 339 4337 tesqua
345 4289 396 4338 pro
406 4273 546 4325 munitione
556 4275 667 4328 obiectas
673 4248 855 4355 pro'palerunt,
893 4285 916 4344 1,
936 4287 961 4345 2,
982 4288 1021 4334 13.
1314 4257 1321 4283 '

252 4339 385 4415 atjossas
403 4345 642 4394 transscendereat:
660 4343 776 4396 hommes
794 4363 856 4400 vero
927 4347 1053 4418 Cap.12‚
1091 4358 1139 4402 .1.
1161 4349 1268 4418 Cydnus
1286 4355 1373 4406 aeonis
1406 4355 1494 4410 Omit-

252 4411 333 4460 etram
354 4404 405 4461 alio
428 4407 519 4478 quovis
542 4411 620 4464 modo
633 4413 749 4481 propelli
766 4413 856 4470 dicuu-
890 4415 958 4471 titur
975 4418 1056 4471 vocab
1086 4436 1130 4474 usn
1147 4418 1229 4474 aaran
1247 4419 1276 4476 iu
1292 4421 1364 4476 Flor.
1409 4463 1416 4477 .
