3072 5300
293 370 367 442 574
809 389 1006 442 Arranatx.

374 571 446 652 cap.
464 575 515 648 28,
532 579 558 647 5.
577 574 628 634 32.
662 583 687 634 et
703 577 763 651 eqo]
782 585 808 634 et
824 577 855 634 id
871 577 950 634 Flor.
962 575 1046 649 DFI,
1063 581 1093 634 et
1103 573 1150 632 DI
1167 573 1281 650 quidem
1297 573 1395 633 omisso
1408 570 1464 628 eoin

289 661 428 720 vocabulo
444 662 531 738 paulo
548 668 622 737 posu

373 749 399 822 5.
418 749 467 806 33.
510 747 590 822 nibil]
614 749 654 804 nil
675 747 754 806 Flor.
772 747 904 806 DEFHI
921 747 1008 806 Born.
1031 747 1067 805 Β.
1110 749 1169 806 eine
1185 748 1243 804 riou
1262 745 1387 820 alioruin]
1407 741 1466 800 (tntu

289 833 405 890 aliorum
422 833 452 890 in
469 833 548 890 Flor.
566 832 698 890 DEFHI
715 833 802 892 Bam.
820 833 863 906 Β,
881 836 940 891 tine
955 835 1072 890 aliorum
1089 836 1149 890 rieu
1164 832 1245 902 Elor.
1263 829 1300 890 O.

373 920 398 993 5.
418 918 468 976 34.
511 921 673 975 interemerit
688 922 781 994 semet]
799 921 932 976 interemit
949 917 1028 976 Flor.
1048 915 1090 990 Ο,
1111 919 1275 976 buter-imerrt
1293 917 1370 975 Flor.
1384 910 1482 994 ΒΕἙΗΙ1

289 1003 376 1062 Born.
393 1004 429 1077 Β,
447 1022 476 1060 oe
493 1005 583 1078 iprum
600 1003 678 1061 Flor.
697 1003 723 1076 Ι,
739 1013 820 1062 uenter
838 1006 1000 1062 interemerit
1015 1003 1095 1062 Flor.
1113 1001 1153 1062 G.
1192 1004 1302 1078 talpam
1318 1003 1407 1060 nilmtii
1420 1009 1468 1053 tamt

287 1107 341 1146 non
350 1091 426 1163 sacti
446 1091 539 1164 ulliuo]
559 1098 646 1146 lamen
665 1089 756 1147 omitt.
781 1089 966 1163 Flam-¹1,
993 1091 1102 1164 eulpam
1124 1090 1226 1146 silentii
1247 1097 1273 1146 et
1298 1090 1468 1146 autuman

287 1193 342 1231 non
354 1176 460 1250 saonem
476 1175 550 1232 ollium
567 1174 645 1232 Flor.
664 1171 704 1234 G.
748 1175 854 1250 obtulit]
873 1177 970 1249 optulit
986 1175 1072 1232 Bam.
1091 1174 1122 1232 A
1138 1172 1220 1232 Leia.
1237 1173 1330 1232 Voss.
1350 1173 1375 1230 1.

375 1257 445 1336 Cap.
475 1259 530 1333 29,
559 1261 584 1334 5.
614 1261 644 1317 2.
701 1261 734 1318 ob
762 1261 986 1336 aemulationem]
1015 1261 1051 1318 ab
1079 1262 1255 1318 aemulatione
1283 1259 1363 1317 Flor.
1387 1251 1470 1314 Dttffl

373 1433 399 1506 5.
418 1433 446 1488 4.
491 1433 552 1490 odio
569 1449 618 1490 ruo
640 1433 751 1508 pietatis
767 1428 872 1510 praef]
897 1431 960 1490 odio
976 1449 1027 1490 eno
1047 1433 1160 1508 plebalis
1176 1448 1243 1488 tuae
1259 1432 1351 1506 praef.
1368 1429 1430 1486 Flor.
1441 1422 1470 1482 itt

288 1517 375 1576 Bam.
393 1516 431 1589 Β,
453 1518 514 1575 odio
531 1535 597 1574 uuae
609 1521 678 1592 piet.
694 1520 782 1592 praes.
800 1517 880 1575 Flor.
897 1516 935 1580 Β.

373 1604 399 1677 5.
424 1601 452 1659 b.
495 1621 600 1678 temper
616 1604 698 1662 imill.
715 1601 778 1680 tibi]
795 1603 878 1660 inoid.
895 1619 1001 1676 eernper
1018 1602 1067 1660 tibi
1087 1602 1166 1660 Flor.
1185 1598 1224 1675 C,
1246 1603 1332 1660 burtel
1355 1601 1399 1658 tibi
1410 1611 1472 1668 unt?

288 1689 365 1747 Flor.
390 1688 523 1746 DEFHI
544 1689 631 1746 Bern.
655 1688 692 1746 Β.
741 1707 797 1746 non
823 1706 906 1763 remp.
935 1688 1075 1763 Philotae]
1104 1707 1158 1746 non
1181 1687 1281 1762 pbilote
1310 1705 1408 1761 semper
1429 1682 1471 1740 Flu«

290 1774 449 1834 CDEFHI
466 1774 552 1832 Bern.
570 1775 607 1835 Β.

373 1861 398 1934 5
422 1861 451 1918 7.
493 1869 566 1936 patr.
584 1863 643 1918 eino
663 1861 773 1934 Parra]
793 1860 890 1918 Parm.
908 1867 1014 1933 patrem
1031 1860 1089 1916 eim
1106 1858 1186 1917 Flor.
1204 1855 1363 1918 CDEFHI
1379 1851 1473 1914 Boot

290 1955 315 2004 et
331 1947 423 2020 iuvet]
443 1945 486 2002 Et
502 1946 592 2004 omitt.
610 1945 641 2004 in
658 1945 736 2004 Flor.
754 1943 887 2004 DEFHI
903 1943 990 2002 Bora.
1007 1945 1044 2002 B.

374 2029 446 2108 Cap.
465 2032 515 2106 30,
538 2036 561 2103 §.
586 2033 636 2090 10.
677 2034 727 2090 rect
743 2051 777 2090 ea
794 2033 856 2108 ult]
876 2027 977 2088 Omitu
995 2048 1030 2088 ea
1046 2030 1125 2090 Flor.
1142 2029 1249 2089 DFHI
1266 2029 1355 2088 Bm.
1371 2029 1402 2100 Β,
1419 2023 1472 2082 mio

289 2119 339 2176 red
354 2117 433 2176 Flor.
451 2117 485 2174 E.

373 2205 398 2277 5.
423 2203 473 2261 11.
516 2221 550 2262 ne
570 2201 660 2262 Oebal.
678 2203 798 2278 quidem]
823 2201 883 2261 Neo
902 2201 966 2262 Geb.
990 2202 1099 2276 attidem
1120 2203 1183 2261 odd.
1201 2221 1244 2278 pr.
1263 2202 1337 2261 ΑΒ.
1360 2200 1416 2259 Iun.
1428 2190 1472 2252 blot

288 2288 339 2347 sed
356 2287 452 2347 nullus
470 2289 568 2347 codex.
596 2290 727 2365 omnium]
756 2289 847 2346 omitt.
865 2288 943 2347 Flor.
961 2287 1095 2346 DEFHI
1112 2288 1198 2346 Bam.
1216 2287 1252 2345 B.
1282 2283 1419 2356 arbitrium]
1433 2277 1473 2338 ab

287 2377 371 2432 trium
388 2374 466 2432 Flor.
485 2371 626 2433 CEFGH
644 2374 731 2432 Bora.
749 2374 784 2432 Β.

375 2455 445 2536 cap.
470 2461 526 2533 31,
549 2461 574 2533 ς.
594 2461 643 2517 19.
678 2459 840 2534 Amorum]
859 2457 981 2518 Ama
997 2458 1080 2518 Leia.
1098 2459 1185 2518 Bm.
1203 2459 1234 2517 A
1251 2459 1333 2518 Flor.
1350 2449 1444 2517 Ate-G
1455 2463 1473 2502 o

287 2561 359 2602 oorr.
376 2561 441 2601 oum
458 2543 560 2603 fuisset
576 2543 727 2617 Artemo,
751 2545 881 2603 atbareao
902 2545 982 2603 F'or.
1000 2545 1089 2619 DFI,
1113 2553 1222 2604 mareas
1245 2546 1328 2605 Flor.
1345 2543 1387 2614 Ε,
1406 2547 1474 2596 manu

287 2629 375 2686 Bora.
392 2629 428 2702 Β,
446 2629 578 2688 Attarrao
595 2630 674 2688 Flor.
691 2631 723 2689 Η
740 2631 784 2689 od.
802 2630 868 2689 Iun.
885 2629 966 2692 Mod.
984 2639 1014 2690 ot
1030 2631 1119 2708 vulgo
1133 2629 1218 2706 aditi,
1236 2630 1365 2689 Attae-rao
1380 2625 1434 2685 edit
1446 2637 1473 2694 pr.

293 2715 410 2774 Tarum
423 2716 493 2775 Ald.
1424 2757 1428 2762 =

372 2803 398 2876 5.
418 2802 469 2863 20.
505 2803 645 2862 ἀπἐἰήῦιιίί
659 2805 735 2877 eunt]
766 2800 867 2861 omitt.
884 2811 948 2860 munt
964 2803 994 2861 in
1012 2802 1091 2861 Flor.
1110 2799 1270 2882 ODEFffl
1288 2803 1375 2861 Bem.
1390 2799 1418 2856 B.
1448 2791 1472 2846 b*

287 2888 359 2962 mur]
378 2887 518 2948 omittitur
534 2889 565 2946 in
581 2889 660 2948 Flor.
677 2888 812 2946 DEFHI
829 2888 916 2946 Bam.
934 2889 971 2947 Β.

371 2976 396 3048 5.
415 2973 465 3033 22.
499 2977 536 3050 a]
555 2975 646 3033 omitt.
663 2975 693 3032 in
716 2975 795 3034 Flor.
814 2970 975 3034 CDEFHI
991 2975 1078 3034 Bam.
1095 2975 1132 3032 B.

371 3058 445 3136 Cap.
465 3062 517 3134 32,
534 3062 559 3134 5.
578 3061 628 3119 25.
662 3061 742 3118 rebat
758 3068 860 3118 vetusto
880 3095 919 3104 -
938 3061 1104 3137 inquirebat]
1123 3061 1204 3118 rebue
1219 3069 1324 3120 onusto
1343 3089 1380 3102 --
1396 3051 1472 3127 mutu*

285 3145 349 3203 bont
365 3145 444 3204 Flor.
462 3145 493 3205 G
517 3147 567 3204 sod
583 3146 614 3204 in
631 3164 721 3223 marg.
739 3144 910 3204 adscribitur
926 3165 1003 3220 ruam
1019 3146 1103 3221 quusi
1119 3147 1258 3206 omissum
1275 3155 1345 3223 poet
1360 3144 1437 3202 rou.
1451 3153 1472 3226 ⁹3·

285 3231 335 3288 bue
351 3250 428 3307 reare
443 3241 545 3290 vetusto
562 3265 603 3276 ·-·
620 3232 794 3307 inquirebant
809 3231 889 3289 Flor.
906 3231 1041 3290 DEFHI
1058 3232 1144 3290 Bern.
1162 3233 1200 3296 Β.
1244 3231 1325 3290 'Ibam
1342 3229 1472 3288 mamm*

281 3325 365 3392 parte
382 3327 441 3374 erat
456 3319 532 3393 aulai
547 3317 633 3376 Bern.
652 3319 678 3376 Β
696 3319 740 3376 ed.
759 3337 803 3393 pr.
822 3315 905 3390 Mer„
922 3335 1010 3374 enare.
1028 3319 1057 3374 in
1073 3327 1203 3392 potestate
1220 3327 1281 3375 erat
1297 3318 1372 3390 melfi
1385 3300 1473 3371 Fiat-G·

283 3403 330 3460 De
350 3401 521 3477 Capitalibue
537 3422 613 3478 reyee
629 3413 730 3462 uelueto
747 3403 824 3460 Moe.
842 3403 920 3462 modo
937 3403 1117 3478 inquirebant.
1152 3403 1304 3461 Eeemr'tuo
1321 3405 1350 3460 in
1365 3406 1430 3475 parit
1442 3400 1472 3446 ert

283 3489 358 3560 vulqi
375 3487 446 3544 Ald.
464 3488 530 3544 odit.
574 3489 619 3546 De
641 3489 803 3563 oapilolibne
820 3488 900 3547 rebut
922 3506 998 3564 reyee
1021 3497 1122 3546 onusto
1140 3489 1218 3546 Mna.
1241 3489 1323 3546 morlo
1340 3479 1474 3560 mamni&

284 3571 389 3628 Enero.
407 3574 436 3629 in
453 3582 533 3648 parte
549 3581 608 3630 erat
623 3575 699 3648 uulqi
717 3573 783 3634 Iun.
801 3573 867 3631 edit.

370 3659 443 3732 5.1.
478 3661 635 3734 contionem]
661 3657 711 3719 Sia
733 3659 864 3720 scribitur
886 3659 917 3718 in
941 3659 1028 3718 Bora.
1045 3659 1122 3734 AB,
1148 3658 1261 3718 oFlor.
1278 3658 1352 3718 nihil
1367 3658 1473 3715 nomast

285 3741 426 3819 scriptura
442 3747 592 3803 concionem
608 3744 764 3804 diversum.

371 3832 397 3905 5.
416 3830 445 3887 2.
480 3833 529 3890 diu
546 3851 596 3890 ren
613 3833 728 3891 elemieoo
750 3831 911 3906 interram]
937 3833 1053 3890 llemlm
1070 3849 1120 3888 ren
1142 3832 1190 3889 diu
1215 3834 1244 3889 in
1267 3840 1370 3890 terram
1384 3810 1473 3885 lions·

284 3914 399 3973 amoro
415 3935 466 3974 reu
483 3919 512 3974 in
530 3928 631 3976 terram
649 3913 772 4000 (omisso
788 3911 852 3996 eliu)
877 3915 957 3975 Flor.
973 3915 1109 3974 DEFHI
1126 3915 1212 3974 Bam.
1229 3915 1267 3975 B.
1313 3915 1474 3990 consttoelt'iv

283 4003 377 4076 oeetm]
397 4012 604 4078 compertumque
621 4013 707 4063 uenter
723 4003 791 4062 odit.
809 4003 879 4062 Ala.
897 4001 963 4060 Iun.
998 4001 1157 4078 Minue
1175 4000 1264 4062 Snuk.
1282 4001 1326 4060 sio
1341 4003 1370 4059 in
1384 3985 1472 4056 Voss-¹·

285 4088 302 4143 2
322 4105 395 4162 esse,
419 4088 495 4164 quod
511 4107 566 4165 ego
582 4105 620 4145 ex
636 4090 716 4148 nullo
733 4107 859 4148 meorum
877 4095 1021 4146 onotalum
1039 4087 1145 4158 inveni.
1189 4088 1293 4165 adbuc]
1313 4089 1353 4146 acl
1370 4085 1412 4142 boc
1425 4074 1472 4134 ΓΒ·

283 4171 322 4247 Β,
339 4175 378 4231 ael
393 4173 460 4232 bueo
477 4174 555 4232 Flor.
572 4174 679 4232 DFHI
696 4176 783 4234 Bora.
800 4175 826 4232 Β
844 4174 933 4233 Voss.
951 4175 981 4232 2.
1454 4241 1459 4252 ,

373 4260 398 4332 ς.
419 4260 448 4316 3.
484 4259 646 4334 inunum]
666 4261 870 4337 Inter-rupitque
887 4260 966 4318 rur.
984 4257 1146 4320 cauum
1161 4259 1249 4318 Bam.
1263 4258 1291 4316 B
1308 4258 1392 4318 voa
1404 4251 1417 4308 t
1431 4243 1472 4302 a.

284 4365 327 4421 pr.
344 4345 414 4404 Ald.
432 4343 511 4404 Mod.
532 4341 604 4424 (non
621 4345 712 4422 Iun).
754 4365 805 4404 rea
822 4355 922 4422 quanto
940 4345 1043 4427 inquit]
1064 4365 1115 4405 rea
1131 4348 1220 4422 inquit
1237 4354 1340 4421 quanto
1355 4331 1469 4401 tlt-1¹1¹L

285 4432 396 4505 (nullae
414 4430 504 4488 codex
520 4433 600 4505 ma).

369 4519 395 4592 5,
415 4517 444 4574 4.
479 4519 568 4594 nefas]
582 4519 696 4594 jacimur
712 4516 791 4577 Flor.
811 4515 970 4578 CDEFHI
987 4518 1075 4576 Bora.
1093 4518 1119 4575 Β
1137 4516 1226 4576 Voss.
1245 4515 1275 4577 2.
