3270 5288
539 379 589 430 nn
621 375 882 432 enarrarem.
908 379 984 452 vrn,
1001 379 1027 428 a.
1340 355 1415 436 359

116 583 157 630 ιιι
177 562 374 662 principum
403 571 511 660 atquc
537 563 741 636 amicorum.
792 562 871 655 llle,
902 585 943 637 rv
967 565 1108 640 milibus
1141 567 1296 640 ferarum
1323 566 1414 642 deie-

177 675 252 766 ctis,
278 675 315 746 in
341 673 468 748 eodem
494 675 589 747 saltu
615 699 696 747 oum
721 683 800 746 toto
826 677 986 750 exercitu
1013 679 1176 776 epulatus
1203 689 1268 752 est.

278 784 367 858 lude
392 783 609 858 Maracanda
633 785 788 860 reditum
814 795 885 858 est:
913 799 1129 888 acceptaque
1155 790 1282 862 aetatis
1309 813 1414 861 exea·
1443 793 1464 862 3

116 916 159 964 ao
176 897 315 970 satione
346 897 392 970 ab
418 897 616 987 Artabazo,
652 897 871 995 provinciam
903 900 978 972 eius
1011 899 1165 974 destinat
1193 899 1295 976 Clito.
1347 897 1415 973 Hic

177 1021 270 1100 erat,
306 1008 366 1105 qui
393 1007 490 1106 apud
517 1005 709 1083 Granicum
735 1033 876 1082 amnem
901 1009 999 1084 nudo
1027 1013 1143 1110 capite
1168 1037 1290 1110 regem
1316 1011 1415 1084 dirui·

176 1131 317 1196 cantem
351 1119 463 1218 clipeo
496 1145 562 1193 suo
594 1120 701 1210 texit,
737 1130 774 1193 et
799 1119 971 1194 Rhosacis
1005 1146 1150 1195 manum
1182 1123 1289 1221 capiti
1320 1122 1415 1221 regis

176 1233 419 1306 imminentem
444 1229 564 1328 gladio
590 1229 809 1330 amputavit:
836 1243 941 1305 vetus
965 1231 1119 1330 Philippi
1143 1234 1255 1324 miles,
1280 1234 1415 1305 multis·

118 1363 247 1441 21que
279 1343 414 1417 bellicis
441 1339 607 1442 operibus
639 1343 764 1416 clarus.
817 1341 1016 1434 Halieuma,
1052 1367 1142 1440 quae
1168 1344 1415 1418 Alexandrum

178 1453 410 1546 educaverat,
445 1480 547 1529 soror
579 1453 670 1544 eius,
709 1452 807 1527 haud
839 1477 941 1528 secus
981 1479 1088 1551 quam
1121 1465 1237 1529 mater
1274 1481 1297 1528 a
1329 1477 1414 1552 rege

178 1565 401 1663 diligebatur.
455 1565 513 1640 Ob
548 1566 615 1639 hae
650 1561 791 1638 eausas'
810 1563 1064 1639 validissimam
1100 1565 1238 1664 imperii
1275 1575 1414 1663 partem

121 1696 158 1744 ιι
176 1675 260 1750 fidei
298 1677 374 1750 eius
420 1679 623 1776 tutelaeque
667 1677 851 1752 commisit.
922 1675 1068 1774 Iamque
1106 1677 1174 1750 iter
1211 1701 1339 1774 parare
1377 1676 1415 1749 in

176 1799 360 1886 posterum
383 1790 513 1880 iussus,
539 1791 701 1864 sollemni
728 1800 764 1864 et
790 1790 1004 1887 tempestivo
1025 1786 1215 1861 adhibetur
1237 1777 1411 1861 eonvivio.

175 1897 217 1971 In
244 1925 314 1997 quo
340 1923 409 1973 rex
434 1925 513 1976 cum
540 1901 653 1974 multo
685 1901 891 1974 incaluisset
920 1923 1036 1988 mero,
1072 1898 1282 1972 immodicus
1308 1899 1412 1972 aesti-

174 2020 292 2084 mator
325 2011 395 2102 sui,
430 2012 625 2102 celebrare,
667 2037 758 2109 quac
790 2020 952 2108 gesserat
982 2010 1117 2106 coepit,
1152 2008 1272 2107 gravia
1304 2009 1412 2081 etiam
1511 2075 1517 2082 .

121 2139 156 2188 aa
176 2145 301 2195 eorum
332 2123 493 2212 auribus,
533 2123 592 2219 qui
624 2113 827 2196 sentiebant
857 2145 945 2193 vera
975 2121 1174 2194 memorari.
1227 2116 1415 2194 Silentium

176 2242 297 2306 tamen
322 2233 479 2308 habuere
505 2233 674 2325 seniores,
706 2232 820 2306 donec
845 2231 999 2330 Philippi
1023 2255 1081 2304 res
1107 2255 1210 2305 orsus
1237 2229 1411 2322 obterere,

174 2344 329 2417 nobilem
351 2343 447 2442 apud
465 2344 709 2420 Chaeroneam
734 2344 920 2418 victoriam
946 2345 1002 2417 aui
1027 2343 1145 2441 operis
1170 2343 1279 2416 [insse
1303 2342 1411 2416 iacta·
1497 2431 1500 2442 Ι

174 2454 244 2544 vit,
279 2444 553 2553 ademptamque
584 2457 651 2530 sibi
683 2455 903 2554 malignitate
929 2463 967 2528 et
991 2454 1126 2544 invidia
1151 2453 1262 2553 patris
1288 2463 1411 2529 tautae

121 2583 156 2630 aa
173 2563 225 2636 rei
251 2565 412 2661 gloriam.
464 2566 567 2640 Illum
593 2565 746 2664 quidem,
773 2565 948 2639 seditione
973 2565 1068 2639 inter
1084 2563 1299 2638 Macedones
1324 2564 1411 2636 mili·

172 2685 228 2748 tes
256 2688 292 2748 et
319 2673 475 2750 Graecos
501 2678 737 2751 mercenarios
763 2687 853 2767 orta,
879 2675 1104 2751 debilitatum
1131 2676 1287 2766 vulnere,
1314 2678 1412 2772 quod

172 2786 209 2859 in
241 2809 284 2860 ea
317 2789 605 2863 consternatione
636 2799 836 2886 acceperat,
877 2786 1027 2860 iacuisse
1034 2840 1044 2877 ,
1078 2809 1151 2857 nou
1184 2783 1270 2858 alias
1303 2812 1411 2883 quam

172 2975 288 3048 Spirensi
305 2977 455 3032 etMerula.
490 2978 567 3033 Unus
584 2979 649 3033 item
666 2977 773 3034 Flora
807 2985 836 3032 et
857 2975 981 3030 Berua
1003 2975 1129 3048 aspiratio
1156 2975 1335 3046 praemittitur
1357 2977 1409 3032 aic':

172 3063 223 3099 aon
240 3056 268 3100 at
285 3077 320 3089 -
337 3057 390 3100 out.
426 3047 482 3100 lam
502 3047 639 3116 quaeritur
655 3047 720 3119 quid
738 3046 772 3099 ab
807 3045 944 3100 Hroaecia.
972 3044 1095 3099 Ceterum
1111 3061 1166 3098 nou
1183 3047 1253 3098 nodo
1275 3062 1305 3098 ee
1325 3047 1360 3098 ite
1377 3047 1411 3099 de

172 3123 278 3168 auctora
299 3115 451 3185 proiectum
473 3131 594 3182 censeas,
617 3131 678 3170 nam
701 3115 774 3185 quod
807 3113 939 3169 industria
954 3121 1011 3166 tum
1029 3111 1170 3166 dimicabat
1183 3112 1288 3166 Alexan
1307 3129 1345 3179 er,
1364 3114 1411 3168 aad

171 3183 257 3238 adhuc
273 3183 355 3264 vulgo
373 3183 503 3236 edebatur
523 3202 556 3238 ne
591 3187 650 3238 eder
667 3199 773 3236 vetere·
807 3185 933 3236 sadotem
951 3189 1012 3235 erat
1028 3188 1107 3250 eaput
1119 3180 1208 3234 hostili
1221 3181 1303 3251 plaga
1333 3179 1411 3235 riore.

171 3261 213 3304 aar
236 3261 281 3304 eet
303 3268 361 3305 aene
383 3253 489 3306 delectis
511 3253 545 3306 ab
590 3253 634 3307 ldo
656 3261 710 3318 eet,
736 3250 774 3304 ita
843 3253 916 3324 §.ht
945 3252 974 3303 ιἰι
991 3267 1023 3304 ee
1040 3249 1301 3370 comtegnationeplss
1316 3267 1363 3302 .au
1382 3267 1413 3304 ra

171 3327 318 3373 conectam
333 3327 363 3374 at
376 3320 476 3374 nullum
489 3319 632 3392 vestigium
645 3326 774 3391 appareat
808 3320 843 3372 ad
860 3335 914 3386 vn,
933 3325 976 3386 40,
996 3325 1036 3373 18.
1073 3317 1199 3372 Ceterum
1222 3267 1412 3373 medelae

171 3387 227 3440 eiua
253 3387 325 3458 quod
351 3387 379 3441 in
404 3387 478 3444 libris
502 3407 563 3444 mae.
580 3397 622 3444 eat
646 3407 708 3442 nom
733 3397 769 3442 at.
804 3388 929 3455 tumultu,
948 3403 998 3442 nec
1015 3387 1049 3440 de
1067 3404 1100 3440 eo
1118 3385 1190 3440 bello
1207 3385 1322 3456 Illyrico,
1341 3387 1413 3458 quod

170 3455 267 3526 ltaque
285 3456 364 3526 paulo
387 3457 495 3529 propius
521 3460 554 3512 ad
576 3469 693 3513 veterem
714 3475 769 3511 ma·
804 3465 867 3511 ante
882 3457 967 3528 patria
984 3472 1076 3510 necem
1087 3455 1250 3509 Alexander
1266 3455 1336 3510 solus
1353 3471 1413 3526 gea-

170 3541 233 3578 nam
255 3525 379 3577 amedera
399 3537 467 3595 puto
487 3532 555 3597 quod
580 3527 636 3598 ipse
661 3525 713 3580 feci
737 3542 770 3579 ne
802 3526 876 3592 serit,
895 3525 1000 3580 aliunde
1016 3533 1130 3579 constat

171 3594 469 3713 {timasi
488 3611 523 3715 ii
539 3596 770 3717 ananam
806 3594 1411 3730 2t”,5²‘“⁸et“‘t’”,:⁶md⁰‘tth⁰’'tt

172 3743 222 3796 pro
245 3696 402 3806 {algnana
429 3742 431 3744 ·
459 3799 460 3802 ¹
510 3681 772 3797 affirmatam,
807 3682 930 3784 abab&
948 3746 1087 3800 requam,
1115 3679 1250 3784 oerterdlrcg
1261 3729 1347 3782 dicere
1364 3730 1410 3782 de-

171 3793 446 3916 pauplrmppppgcg‘lopg
458 3795 484 3848 D
510 3797 536 3864 l)
553 3809 599 3852 out
621 3801 772 3864 amicorum,
807 3799 900 3919 pebat,
918 3795 1111 3922 ᾖιὶίηὶιιιξθιὶῑιίίὲῃιιιι
1123 3795 1410 3919 ιΙεεςὶιιιὶἒῒιιιὶιιὶιιιιὶἔ

447 3902 453 3916 .
819 3884 834 3919 e
885 3883 916 3919 co
1029 3883 1047 3916 v
1083 3882 1118 3918 e.
1173 3882 1188 3918 e
1261 3883 1312 3919 ram
1338 3883 1355 3918 a
1372 3883 1390 3918 u

207 3931 309 4002 capt,
328 3880 414 4000 §.tuq
437 3931 565 3986 Ithoaeca
581 3937 697 4002 ιιιαιιιιηι]
721 3933 776 3986 Va·
811 3883 933 3988 udaium
949 3935 1020 3985 Anu.
1035 3947 1077 3996 111,
1094 3941 1125 3987 73
1149 3935 1214 3987 Noa
1237 3937 1307 3988 elica
1324 3883 1372 3988 md
1386 3935 1409 3986 ir

171 4009 256 4054 terem
273 4000 341 4054 banc
357 3999 470 4054 nonriuia
487 3998 640 4071 scripturam
656 4001 776 4054 deseruit
810 4019 860 4056 aaa
880 4003 1021 4072 populique
1042 4001 1117 4055 Rona
1135 4005 1288 4057 contemelie
1306 3951 1409 4056 indolu-

173 4069 357 4138 Snalrenburg.
374 4067 510 4140 ediditque
528 4070 670 4122 secundum
683 4068 774 4123 Arria·
810 4073 863 4124 irre
887 4071 1026 4124 Gaesarem
1063 4080 1251 4140 anteaquam
1275 4073 1409 4140 quodda-

171 4156 236 4192 nam
254 4155 285 4192 ac
303 4137 477 4192 Plutarchum
493 4138 647 4203 illicereris,
664 4139 710 4192 aed
728 4137 774 4190 de·
808 4148 893 4194 sertor
915 4149 938 4192 et
958 4155 1028 4208 pree
1087 4141 1198 4193 testium
1218 4155 1289 4192 more
1310 4145 1408 4220 eperat,

172 4207 254 4262 bebat
277 4223 337 4260 eum
360 4222 483 4260 revocare
506 4207 540 4260 ab
563 4223 596 4260 ea
616 4205 773 4274 mutatione,
808 4225 858 4278 pro
882 4223 914 4261 eo
938 4207 1009 4277 quod
1030 4215 1070 4260 eat
1087 4207 1122 4261 ob
1141 4207 1218 4261 aliam
1236 4223 1291 4260 rem
1309 4207 1409 4259 didam

174 4273 292 4344 quodie
308 4274 382 4328 nullo
400 4274 469 4328 libro
486 4273 616 4330 curtiano
629 4274 774 4346 diphthon·
808 4283 850 4330 est
866 4278 946 4342 elios,
964 4282 992 4328 et
1009 4275 1060 4329 dici
1077 4293 1129 4329 non
1146 4279 1214 4329 elios
1233 4293 1310 4344 qoem
1329 4277 1409 4328 sieut

174 4361 223 4412 gam
240 4360 270 4396 oe
290 4342 435 4411 inveniann,
461 4343 586 4416 quodque
609 4343 689 4398 homo
711 4359 773 4398 eeu·
808 4363 860 4400 eoa
881 4346 951 4398 aliea
973 4345 1024 4397 nisi
1046 4345 1080 4398 ab
1097 4343 1162 4398 lctis
1181 4359 1232 4422 pro
1254 4359 1309 4396 uon
1332 4341 1409 4395 aliter

172 4419 276 4464 stanter
297 4428 314 4464 a
336 4411 457 4466 Diodoro
479 4411 546 4480 (vid.
560 4411 672 4468 Wessel'
711 4451 718 4464 .
740 4413 774 4466 ad
825 4430 887 4466 nam
909 4413 931 4466 si
954 4412 1078 4482 exposuit
1099 4411 1220 4464 Haudrua
1242 4410 1269 4462 in
1292 4408 1407 4463 Tursell

174 4477 316 4546 linaxvn,
325 4483 372 4550 20)
380 4479 516 4545 Perceiana
526 4489 642 4536 vocatur.
660 4481 693 4536 ln
738 4480 773 4536 'd.
807 4431 919 4549 loma
936 4499 964 4553 p.
978 4486 1036 4536 225.
1073 4479 1127 4533 Sed
1144 4478 1216 4549 qaod
1232 4477 1304 4532 idem
1321 4477 1407 4531 locum
