3214 5288
516 411 565 461 nn
592 410 718 464 cnsrrs
745 409 854 462 sarx,
881 411 932 480 111,
956 409 999 461 ar.
1337 395 1385 466 45

2 594 3 601 ’
96 615 128 662 12
144 594 256 670 iactis.
319 592 412 666 Tum
443 617 532 666 vero
564 595 672 668 ceteri
698 593 916 692 dissipantur
948 603 1066 684 metu,
1101 605 1138 668 et
1164 620 1234 691 qua
1260 597 1386 693 cuique

142 704 190 777 ad
216 705 340 802 fugam
365 703 514 802 patebat
533 705 603 796 via,
628 715 829 802 erumpunt,
854 729 955 778 arma
968 704 1145 796 iacientes,
1173 729 1264 801 quae
1278 708 1386 804 paulo

142 825 228 888 ante
254 813 302 887 ad
327 815 478 888 tutelam
503 838 694 912 corporum
721 824 963 913 sumpserant:
1008 813 1100 888 adeo
1131 839 1246 913 pavor
1278 818 1387 890 etiam

93 945 125 992 1e
144 926 278 998 auxilia
303 922 502 1000 formidat.
533 924 698 999 Instabat
721 927 940 1024 fugientibus
967 951 1075 1024 eques
1101 950 1124 998 a
1150 924 1386 1001 Parmenione

142 1037 288 1128 missus,
316 1045 361 1110 et
377 1036 470 1109 forte
496 1037 533 1108 in
559 1035 648 1108 illud
674 1061 786 1109 cornu
812 1063 936 1111 omnes
962 1040 1048 1136 fuga
1074 1037 1281 1110 abstulerat.

111 1221 116 1230 ,
235 1147 286 1220 At
310 1147 348 1219 in
374 1145 504 1220 dextro
530 1144 663 1222 Persae
689 1145 880 1222 Thessalos
907 1149 1043 1246 equites
1068 1147 1302 1222 vehementer
1328 1173 1384 1221 ur-

92 1275 126 1322 14
143 1258 288 1354 gabant.
334 1256 481 1354 Iamque
507 1282 580 1330 una
605 1258 662 1330 ala
687 1259 765 1355 ipso
791 1260 927 1357 impetu
952 1259 1158 1358 proculcata
1184 1268 1275 1332 erat:
1303 1283 1385 1333 cum

143 1366 321 1456 Thessali,
355 1377 501 1442 strenue
526 1369 746 1442 circumactis
774 1370 872 1466 equis
899 1368 1044 1468 dilapsi,
1069 1391 1194 1441 rrrrsus
1218 1369 1256 1442 in
1281 1394 1382 1469 proe-

140 1477 228 1548 lium
253 1477 424 1570 redeunt,
462 1501 676 1576 sparsosque
708 1489 745 1552 et
776 1480 1031 1578 incompositos
1056 1479 1227 1553 victoriae
1252 1479 1384 1554 fiducia

91 1605 124 1653 1⁵
142 1587 315 1662 barbaros
341 1589 478 1688 ingenti
503 1588 613 1664 caede
638 1599 880 1688 prosternunt.
906 1589 999 1687 Equi
1020 1589 1155 1687 pariter
1175 1591 1383 1688 equitesque

143 1695 334 1772 Persarum
360 1701 451 1774 serie
475 1701 687 1774 laminarum
712 1725 857 1799 graves,
883 1725 1030 1799 agmen,
1072 1698 1169 1796 quod
1201 1702 1382 1775 eeleritate

142 1809 297 1882 maxime
323 1820 475 1901 constat,
501 1837 608 1909 aegre
633 1812 889 1884 moliebantur:
924 1812 1055 1908 quippe
1079 1812 1118 1883 in
1144 1812 1381 1909 circumagen-

141 1917 196 1991 dis
223 1919 322 2018 equis
348 1921 422 1994 suis
448 1919 610 1996 Thessali
634 1922 766 1995 multos
793 1930 1064 2019 occupaverant.

140 2108 214 2162 Plut.
241 2111 297 2164 rita
314 2111 390 2165 Alex.
409 2119 437 2165 et
455 2111 560 2166 Aeliani
585 2112 647 2166 hist
666 2111 744 2166 anim.
778 2110 920 2166 Parmenio
938 2111 1062 2192 qdversus
1071 2110 1195 2191 denham
1204 2111 1289 2178 stetit,
1298 2111 1378 2180 unde,

141 2191 182 2245 vr,
201 2183 235 2231 48
254 2179 398 2234 annotavit.
778 2188 921 2252 postquam
943 2199 953 2232 1
1026 2197 1080 2234 non
1106 2179 1217 2249 amphus
1243 2181 1370 2234 utebatur

177 2249 202 2314 §-
222 2253 263 2299 12.
299 2264 351 2316 qua
368 2250 458 2317 atique
474 2251 620 2320 adscqam
634 2250 745 2320 patebat
778 2251 878 2302 mittere
896 2196 1011 2318 quididd,
1030 2249 1077 2302 sed
1094 2265 1148 2301 non
1166 2249 1285 2312 mittere,
1323 2221 1379 2303 nasi

140 2315 199 2380 via]
234 2313 384 2368 Verborum
403 2317 519 2397 ordinem
536 2319 610 2372 codd.
629 2317 743 2371 auctori-
778 2316 806 2370 in
824 2318 974 2398 obstantes,
994 2315 1143 2396 equitatum
1160 2323 1290 2397 poterat..
1340 2336 1379 2398 'ox

141 2386 743 2530 arautaarauuaas
776 2384 1379 2532 aststrtsatrtuaausr

139 2517 252 2588 obsequi
267 2537 319 2573 non
328 2520 403 2590 potui
411 2523 547 2575 consensui
557 2539 656 2590 eorum,
695 2540 742 2576 uos
776 2521 847 2574 euim
872 2521 976 2592 excipio
1002 2522 1036 2575 de
1057 2529 1155 2574 noetus
1178 2521 1258 2574 Bern.
1276 2522 1300 2574 B
1319 2539 1379 2575 eum

139 2587 320 2658 ceteroquino
339 2589 417 2642 timos
425 2589 520 2658 iudico,
539 2591 653 2644 Bern.A
703 2609 740 2644 or.
776 2590 853 2644 Voss.
871 2596 886 2644 2
905 2590 933 2643 in
950 2592 1000 2644 bac
1016 2605 1046 2642 re
1063 2589 1279 2660 concordantem)
1302 2592 1377 2644 iilud.

138 2655 190 2708 AB
208 2655 283 2708 Leid.
328 2674 377 2710 oss.
394 2665 430 2725 J,
458 2659 504 2728 qui
532 2677 598 2729 qaae
615 2659 743 2712 exhibent
811 2661 834 2726 §-
846 2665 886 2711 14.
905 2659 1005 2779 dilapsi
1023 2675 1117 2711 rursus
1127 2659 1155 2710 ia
1170 2660 1300 2728 proelium
1318 2661 1378 2712 red·

158 2741 190 2776 ro
208 2740 268 2792 quc.
304 2725 399 2796 Neque
417 2726 486 2778 enim
504 2727 666 2781 constructio
683 2743 742 2780 ver-
777 2727 849 2796 eant]
868 2728 949 2780 Abun
967 2725 1068 2780 sutiam
1085 2726 1205 2779 vocabuli
1215 2744 1309 2780 rursus
1318 2727 1378 2797 plu-

174 2809 234 2844 rum
251 2799 306 2845 tum
324 2793 406 2848 facilis
425 2811 456 2848 ae
473 2813 521 2866 pro
540 2813 613 2849 more
631 2795 741 2874 scripto·
775 2794 847 2848 rimis
865 2794 929 2848 locis
946 2796 1076 2855 bonorum
1094 2793 1252 2865 scriptorum
1261 2795 1378 2847 animad-

138 2860 176 2912 ris
193 2861 277 2913 nostri
295 2861 360 2929 erit,
380 2863 498 2942 quamsi
516 2881 567 2933 qua
586 2863 742 2917 adverbiali·
775 2871 881 2929 vertas,
908 2869 939 2915 ut
956 2880 1051 2916 rursus
1068 2880 1198 2928 revocare,
1225 2881 1319 2916 rursus
1337 2879 1378 2915 re-

140 2933 183 2980 ter
200 2927 300 2982 dictum
317 2930 426 3001 accipis,
455 2930 522 2985 sicut
539 2939 580 2986 est
598 2933 669 3003 apud
686 2931 741 2984 Ne·
777 2933 869 2984 ducere
888 2931 959 3000 apud
975 2930 1182 2995 Liv.xr.n1‚20‚
1201 2943 1241 2994 nr,
1256 2937 1299 2995 at,
1318 2947 1379 2982 rar-

138 3005 229 3065 potem
249 2997 326 3050 Eum.
345 3005 402 3052 αδ
429 3001 497 3052 duae
523 3010 598 3054 eram
614 3003 672 3053 viae
690 3016 743 3068 qua
776 3017 822 3051 aas
848 3000 958 3067 repetita
983 2999 1110 3063 Bithynia
1139 3013 1156 3047 a
1174 2996 1211 3047 ud
1243 2995 1317 3049 Suet.
1350 2997 1379 3049 in

140 3064 270 3118 calladis
288 3069 326 3119 ad
341 3069 555 3121 adversar-iomar
572 3069 741 3124 hibernacula
777 3065 852 3120 Caes.
870 3073 894 3118 2.
922 3064 962 3119 cf.
980 3065 1091 3133 interpr.
1109 3013 1217 3116 adlriv.
1236 3063 1299 3134 epit.
1320 3063 1378 3117 libr.

135 3141 228 3200 posset
241 3136 387 3201 perveniri,
406 3143 434 3187 et
452 3137 522 3206 apud
539 3144 658 3190 nostrum
675 3135 743 3188 infra
775 3149 835 3186 xrv.
871 3133 998 3187 Similiter
1024 3142 1084 3184 ante
1096 3148 1276 3211 promerere,
1299 3133 1379 3211 priris

141 3215 164 3251 a
183 3203 217 3251 28
235 3218 292 3268 qua
310 3211 408 3256 rectam
426 3206 523 3256 iteris
540 3205 676 3258 Persidem
696 3206 742 3256 da·
794 3203 927 3270 raecipere
952 3209 980 3254 et
1001 3199 1058 3256 alis
1084 3217 1138 3253 erus
1165 3200 1283 3270 generis,
1318 3201 1379 3252 ude

140 3267 221 3330 cedat,
239 3276 316 3336 w,51
337 3287 389 3339 qao
407 3273 503 3325 tostam
520 3275 617 3342 equites
635 3273 742 3326 emissa-
804 3270 911 3324 rakenb.
930 3270 965 3323 ad
981 3268 1040 3322 Liv.
1058 3283 1109 3335 xri,
1129 3275 1171 3336 21,
1191 3274 1214 3322 8.

140 3353 200 3388 rum
217 3353 273 3390 esse
290 3341 417 3403 credebat,
436 3353 465 3406 v,
479 3347 511 3393 37
539 3358 601 3409 qua
620 3356 743 3410 quemque
811 3341 833 3407 ξ.
855 3345 893 3391 15.
930 3340 998 3392 serie
1021 3339 1181 3390 laminarum
1201 3339 1309 3408 proces]
1345 3336 1379 3390 In

139 3413 186 3456 aut
204 3423 265 3474 spes
283 3408 391 3460 ducebat
404 3417 451 3460 ortt
462 3425 557 3476 pavor,
577 3410 645 3462 dissi
662 3411 743 3462 abac·
777 3407 897 3460 omnibus
921 3407 996 3460 codd.
1015 3404 1227 3476 editionibusque
1245 3405 1378 3460 veteribus

139 3481 191 3524 tar.
227 3473 321 3544 Itaque
349 3475 464 3545 reliquos
488 3476 592 3531 codices
615 3427 688 3529 Fldr.
715 3484 744 3529 et
775 3483 838 3528 ante
854 3491 949 3544 proves
969 3473 1039 3542 (sive
1054 3491 1143 3543 proce,
1160 3482 1192 3527 ut
1209 3482 1250 3527 est
1267 3474 1294 3527 in
1332 3491 1378 3526 au-

139 3539 667 3616 edit.Mod.Freinshemiumquesecutus
677 3561 742 3597 sum.
776 3543 812 3596 eis
829 3559 878 3596 neo
895 3542 971 3597 bonis
989 3540 1121 3596 codicibus
1138 3541 1210 3595 Flor.
1228 3542 1280 3594 Fll
1323 3559 1378 3595 ern.

139 3607 214 3661 Flor.
233 3607 266 3662 G.
284 3609 313 3662 H
329 3629 481 3682 qaacmrque
504 3631 554 3683 pro
572 3631 624 3683 qua
643 3615 742 3682 cuique.
775 3611 847 3665 Bet
865 3611 928 3664 edit.
947 3610 1008 3664 Ald.
1027 3619 1055 3664 et
1072 3610 1148 3676 Iun.)
1172 3609 1228 3663 inte
1262 3619 1379 3674 onuutur

169 3678 314 3748 formidat]
354 3679 490 3734 Generalis
525 3681 657 3735 sententia
692 3688 742 3748 est,
775 3681 857 3733 verba
875 3681 905 3732 ob
924 3681 955 3732 id
969 3697 1060 3748 penus.
1096 3679 1137 3730 Ea
1161 3694 1220 3730 cum
1293 3679 1378 3732 iasbe-

141 3751 308 3821 quapropter
332 3748 402 3818 vulg.
425 3749 475 3802 scri
496 3756 556 3802 tura
574 3750 743 3820 formidabat
776 3747 828 3801 mio
847 3747 939 3814 omisi,
967 3745 1086 3799 scholion
1111 3753 1185 3799 ratus
1210 3747 1243 3798 de
1260 3765 1317 3800 mar
1337 3747 1379 3800 'ne

140 3828 231 3863 mrmrs
248 3823 286 3864 est
303 3767 519 3870 commendabilis.
549 3817 602 3870 Sed
619 3833 742 3887 praesens
775 3817 804 3868 in
821 3823 926 3868 textum
943 3813 1114 3868 translatum:
1137 3822 1209 3868 certe
1244 3815 1271 3867 ui
1293 3833 1308 3867 a
1345 3832 1379 3868 uc

139 3886 249 3949 ternpus
266 3880 345 3934 etiam
361 3885 505 3939 auctoritas
521 3885 643 3938 codicum
701 3893 743 3938 tu·
777 3884 836 3937 loco
859 3902 907 3937 suo
934 3890 1084 3936 emoventes
1102 3881 1217 3936 orationi
1259 3882 1379 3938 urtianae

138 3947 195 4015 lat,
223 3950 436 4020 quandoquidem
463 3954 496 4005 de
523 3953 586 4006 meis
611 3971 642 4008 co
662 3953 743 4006 'cibus
777 3961 870 4022 aptare
896 3952 1056 4017 voluerunt,
1086 3950 1150 4004 nibil
1168 3949 1311 4004 effecerunt
1329 3951 1379 4005 nisi

132 4018 301 4084 formidabat
317 4037 371 4072 non
389 4020 488 4091 legitur
505 4020 555 4074 nisi
572 4021 599 4073 in
616 4021 742 4087 moeri,
777 4028 808 4072 ut
826 4019 982 4090 scriptorem
999 4018 1088 4072 inutili
1105 4019 1216 4088 ambage
1228 4028 1377 4073 onerarent.

137 4091 167 4137 et
190 4083 324 4139 Suahenb.
350 4104 409 4141 cum
426 4091 560 4158 formidat
587 4089 742 4160 scripsisset,
776 4087 847 4140 Nam
865 4087 892 4140 in
910 4105 942 4142 eo
960 4086 1128 4141 consentiunt
1146 4103 1236 4140 omues
1254 4090 1321 4141 scria
1340 4089 1378 4140 la·

136 4151 205 4205 nibil
232 4155 266 4205 ab
294 4153 457 4208 aelectione
484 4155 617 4211 diversum
634 4172 649 4210 e
667 4157 742 4210 codd.
775 4157 906 4210 minarum
921 4174 1017 4236 proves
1035 4155 1218 4224 coniungenda
1236 4171 1305 4222 esse,
1329 4171 1379 4208 nec

134 4219 190 4274 suis
208 4222 336 4276 enotavit.
777 4241 852 4296 posse
879 4225 928 4278 nisi
954 4231 1015 4296 post
1040 4224 1104 4276 haec
1125 4224 1206 4277 verba
1231 4223 1311 4276 inseri
1332 4231 1379 4276 aut

171 4291 194 4357 ξ.
216 4297 255 4343 13.
283 4291 409 4343 aPam.
427 4294 536 4363 missus]
573 4293 618 4346 Sic
635 4293 694 4344 edd.
715 4299 743 4346 et
777 4294 807 4346 ot
826 4295 856 4346 id
870 4309 953 4362 penus
977 4299 1024 4344 aut
1050 4294 1081 4344 id
1102 4309 1186 4361 penas
1213 4301 1259 4346 aut
1284 4309 1377 4362 penus,

133 4356 209 4410 Flor.
229 4359 264 4424 A,
292 4366 320 4411 at
337 4359 431 4438 reliqui
449 4361 524 4414 codd.
543 4367 671 4432 quautmn
689 4360 743 4413 scio
778 4360 911 4414 Snakenb.
930 4363 960 4414 ob
978 4363 1009 4413 id
1023 4375 1106 4430 penus
1124 4377 1256 4413 aratorem
1275 4377 1377 4430 cymen,

135 4441 227 4478 omnes
245 4429 356 4480 anisam
373 4445 459 4480 mmus
474 4437 554 4498 recte,
575 4429 742 4500 quoniamde
778 4427 937 4500 Rutgersius
955 4430 986 4480 id
994 4445 1077 4497 penas
1088 4429 1212 4496 agminia,
1231 4445 1309 4498 quam
1316 4445 1378 4480 oon-

134 4491 242 4548 sinistro
260 4493 404 4550 Persarum
421 4513 503 4550 cornu
529 4515 614 4552 sermo
633 4505 687 4565 est,
713 4503 741 4550 et
777 4496 903 4552 iacturam
920 4495 1114 4550 Freinshemius
1131 4495 1170 4550 ita
1187 4497 1252 4550 citat
1269 4503 1300 4548 ut
1309 4495 1377 4547 Var-
