3270 5290
541 410 590 460 nn
618 409 744 462 essars
770 409 879 461 Anax.
905 411 941 480 v,
968 409 1012 461 11.
1344 394 1416 464 217

173 595 336 694 captivus
364 617 551 668 servorum
577 617 733 685 suorum,
760 595 797 666 in
824 593 1009 668 sordidum
1035 594 1238 668 vehiculum
1264 598 1417 694 pellibus

118 729 151 775 rr
173 707 329 806 undique
362 715 567 780 contectum
597 705 802 804 imponitur.
862 705 1021 779 Pecunia
1054 707 1149 806 regis
1184 719 1222 782 et
1253 709 1416 807 supellex

172 819 273 917 quasi
299 818 383 892 belli
408 817 485 891 iure
511 816 691 915 diripitur;
720 817 909 914 onustique
934 815 1080 914 praeda,
1105 842 1171 916 per
1195 820 1310 893 scelus
1336 821 1415 894 ulti·

119 949 153 1000 1s
170 955 269 1003 mum
294 941 408 1028 parta,
433 929 557 1027 fugam
582 926 784 1001 intendunt
835 927 1040 1002 Artabazus
1067 955 1149 1005 cum
1174 930 1240 1022 his,
1266 933 1327 1029 qui
1352 932 1414 1004 im·

169 1043 269 1141 perio
311 1041 488 1140 parebant
527 1035 755 1136 Graecisque·
783 1039 954 1112 militibus
993 1037 1211 1116 Parthienen
1253 1043 1410 1141 petebat,

116 1173 151 1221 rs
170 1153 291 1227 omnia
321 1153 457 1226 tutiora
490 1149 749 1248 parricidarum
781 1153 945 1226 contuitu
984 1159 1095 1226 ratus
1147 1152 1296 1245 Persae,
1330 1179 1412 1252 pro-

165 1266 283 1339 missis
309 1263 411 1338 Bessi
436 1264 592 1352 onerati,
626 1262 782 1336 maxime
808 1263 892 1360 quia
917 1289 1023 1342 nemo
1058 1263 1149 1338 alius
1177 1275 1273 1357 erat,
1300 1288 1409 1363 quem

167 1386 412 1474 sequerentur,
439 1375 656 1448 coniunxere
683 1399 722 1447 se
748 1371 964 1468 Bactrianis,
997 1402 1127 1477 agmen
1153 1401 1277 1452 eorum
1303 1379 1410 1451 tertio

113 1507 150 1555 20
168 1487 323 1562 assecuti
356 1485 422 1560 die.
474 1481 529 1558 Ne
563 1497 684 1560 tamen
718 1486 833 1560 honos
859 1488 935 1586 regi
962 1513 1035 1562 non
1061 1487 1266 1579 haberetur,
1292 1489 1410 1562 aureis

167 1597 399 1697 compedibus
424 1596 585 1670 Dareum
610 1597 786 1688 vinciunt,
822 1623 919 1672 nova
945 1598 1100 1673 ludibria
1126 1598 1279 1674 subinde
1305 1625 1409 1674 exco-

165 1711 302 1809 gitante
336 1709 490 1782 fortuna
543 1706 592 1781 Et
623 1733 670 1785 ne
704 1709 798 1782 forte
830 1711 929 1784 cultu
962 1709 1063 1809 regio
1097 1720 1222 1806 posset
1253 1713 1408 1810 agnosci,

167 1819 319 1894 sordidis
344 1813 500 1918 pellibus
522 1819 727 1893 vehiculum
752 1820 975 1896 intexerentr
1000 1822 1114 1920 ignoti
1139 1820 1301 1895 iumenta
1327 1847 1408 1920 age·

165 1931 264 2022 bant,
282 1957 328 2004 ne
353 1931 650 2029 percontantibus
675 1931 713 2002 in
740 1931 881 2029 agmine
906 1933 1099 2006 monstrari
1125 1943 1263 2029 posset:
1290 1943 1407 2005 custo·

164 2041 229 2117 des
255 2042 381 2142 procul
407 2041 659 2139 sequebantur.

107 2171 181 2220 1111.
279 2151 503 2244 Alexander,
551 2151 674 2226 audito
713 2151 872 2226 Dareum
919 2154 1076 2230 movisse
1114 2154 1161 2228 ab
1200 2151 1454 2242 Ecbatanis,35

162 2266 296 2339 omisso
322 2263 458 2354 itinere,
485 2262 584 2360 quod
608 2263 757 2361 patebat
781 2263 819 2336 in
845 2261 1018 2356 Mediam,
1044 2266 1240 2364 fugientem
1266 2265 1406 2360 insequi

126 2377 280 2475 spargit
306 2385 460 2448 strenue.
499 2373 619 2448 Tabas
645 2373 834 2474 (oppidum
860 2384 916 2448 est
941 2375 977 2448 in
996 2375 1238 2452 Paraetacene
1264 2372 1404 2472 ultima)

162 2487 346 2585 pervenit:
380 2485 429 2558 ibi
455 2487 662 2584 transfugae
687 2485 871 2575 nuntiant,
906 2488 1137 2586 praecipitem
1163 2491 1248 2587 fuga
1273 2485 1406 2560 Bactra

164 2695 212 2750 ope
237 2678 320 2733 habet
345 2677 390 2731 ille
415 2677 521 2749 quidem
546 2677 575 2731 in
600 2685 691 2744 textu,
718 2678 765 2730 sed
800 2676 924 2731 historiae
940 2678 1084 2734 abhorrere
1100 2678 1264 2760 comparatio
1278 2679 1404 2732 historiae

161 2746 321 2802 adscribitur·
338 2749 374 2801 al.
392 2748 432 2814 rn',
450 2755 533 2817 atque
551 2747 601 2800 hoc
619 2745 704 2816 ipsum
722 2763 765 2798 ex·
800 2745 906 2799 Arriani
934 2747 1026 2813 doust,
1052 2765 1112 2800 nam
1139 2745 1275 2802 Diodorus
1301 2747 1329 2800 in
1354 2748 1405 2802 hac

160 2827 236 2869 terna
255 2818 280 2868 vi
295 2815 432 2868 inventum
449 2823 490 2868 est
506 2815 533 2868 in
551 2814 633 2869 Bam.
649 2815 673 2868 Β
691 2814 765 2867 Flor.
799 2822 875 2883 parte
892 2815 1065 2885 apertarum
1082 2815 1150 2869 iusto
1164 2816 1269 2869 brevior
1282 2823 1330 2869 est.
1347 2815 1404 2868 Ne-

159 2883 288 2938 DMFHI.
327 2883 413 2938 Miror
434 2882 600 2937 Gronoviarn
629 2882 656 2936 io
686 2882 764 2936 Obss
799 2899 852 2952 que
875 2881 945 2934 enim
971 2883 1125 2936 Alexander
1151 2882 1204 2937 iter
1232 2883 1260 2936 in
1285 2883 1403 2936 Modiam

159 2967 184 3006 11
221 2959 252 3006 12
281 2951 318 3006 sic
339 2950 414 3024 quasi
431 2952 465 3005 de
483 2951 635 3006 coniectura
651 2951 764 3005 scribere
800 2949 896 3016 omisit,
914 2950 961 3004 sed
978 2951 1050 3004 haud
1066 2951 1161 3021 procul
1178 2951 1241 3022 ipsis
1249 2951 1403 3017 Ecbatanis,

159 3039 196 3075 so
207 3020 284 3074 uisse.
799 3018 906 3071 Mediae
925 3018 1027 3090 capite,
1046 3017 1164 3072 Dareum
1181 3037 1237 3072 non
1253 3018 1357 3098 proelio
1374 3035 1403 3072 se

192 3089 306 3158 pellibus
324 3091 437 3160 undique
454 3089 606 3158 contectam]
627 3087 764 3140 coniectus
799 3086 944 3158 accingere,
962 3087 1009 3140 scd
1027 3087 1119 3157 sugere
1137 3085 1164 3140 lo
1204 3086 1242 3140 'us
1259 3087 1403 3141 instituisse

160 3155 190 3210 in
217 3156 280 3209 edit.
303 3158 420 3228 principe
437 3165 465 3209 et
481 3157 601 3211 Merulae
618 3154 764 3209 codicibus·
799 3154 935 3224 oomperit.
953 3153 1095 3209 Ecbatanis
1112 3173 1167 3209 non
1199 3155 1235 3222 iu,
1253 3156 1300 3208 sed
1313 3163 1402 3208 tamen

181 3241 216 3276 ue
237 3223 312 3278 Leid.
329 3226 408 3280 Voss.
432 3231 455 3278 1.
474 3232 489 3278 2
508 3225 589 3279 Bern.
607 3227 633 3278 Α
650 3223 721 3277 Flor.
738 3225 764 3276 A
798 3223 832 3277 ali
853 3231 902 3276 uot
914 3221 969 3276 dies
982 3233 1166 3292 commoratus,
1176 3239 1272 3294 agmen
1281 3223 1404 3277 celeriter

159 3241 210 3347 MC
229 3292 335 3372 legitur,
352 3295 400 3350 sed
417 3293 499 3360 male,
517 3311 578 3346 narn
595 3301 625 3346 ut
642 3291 763 3345 omittam
797 3241 1401 3372 quidemsednonoeleritate,qusquisutitur,

160 3378 237 3484 sequi
259 3362 339 3432 paulo
362 3370 424 3432 post
445 3361 504 3417 illos
520 3363 636 3415 sordidis
649 3361 762 3431 pellibus
797 3379 819 3414 sr
827 3359 904 3414 unius
915 3359 1023 3414 horulas
1031 3361 1143 3416 omissae
1151 3361 1337 3415 detrimentum
1346 3379 1402 3414 ma·

159 3448 189 3484 ae
206 3433 302 3484 1111111111
319 3433 455 3498 iratas-isse,
472 3429 631 3485 vocabulum
649 3431 763 3498 undique
835 3447 879 3482 um
891 3429 1009 3482 futurum
1022 3429 1065 3497 sit,
1080 3429 1184 3484 hostem
1188 3438 1345 3522 persesutus
1359 3437 1402 3483 est

158 3507 229 3554 certe
250 3500 285 3552 ad
309 3498 442 3552 hominem
464 3517 518 3553 non
541 3506 633 3568 aptum
649 3497 762 3550 videtur.
797 3447 906 3568 Mhagas
916 3513 1089 3570 usqueprope
1097 3497 1401 3570 pylasbaspiasiterun-

157 3567 243 3621 Recte
271 3566 351 3620 '’tur
367 3566 479 3634 Aldum,
498 3566 544 3637 qui
579 3567 660 3620 rimus
678 3576 762 3620 conte·
797 3564 883 3620 decim
897 3563 1006 3619 dierum.
1025 3565 1099 3622 Haec
1114 3567 1202 3621 omnia
1211 3566 1298 3621 omisit
1312 3575 1402 3620 noster

158 3635 263 3689 ctumd
298 3585 652 3714 11,11ε111111111111111111111,Ι
734 3700 761 3714 ..
797 3643 932 3715 tamquam
949 3633 1034 3688 minus
1051 3636 1086 3689 ad
1103 3653 1229 3689 summam
1247 3652 1301 3688 reru
1319 3635 1402 3706 perti-

195 3705 220 3770 5.
239 3709 280 3754 17.
315 3704 374 3756 belli
396 3706 451 3757 iare
477 3719 566 3758 omnes
593 3711 667 3770 matr,
698 3702 763 3755 edrtr
797 3712 895 3769 nentia,
919 3717 967 3756 nec
984 3702 1040 3756 eius
1062 3705 1117 3756 dux
1135 3703 1282 3758 Clitarchus
1305 3703 1401 3774 longus

161 3771 305 3824 terebelli.
797 3771 903 3824 videtur
919 3769 947 3822 in
965 3771 1014 3824 hac
1030 3771 1181 3825 narratione
1204 3771 1290 3826 fuisse.
1320 3771 1402 3826 Oete·

195 3841 219 3907 ξ.
240 3843 281 3892 18.
317 3855 375 3891 cam
399 3839 438 3892 lis
465 3843 510 3910 qur·
536 3843 597 3909 torp.
618 3840 750 3908 parebant
797 3857 855 3892 rum
872 3837 907 3891 ali
926 3838 1102 3892 uamMediaa
1119 3847 1222 3910 partem
1239 3858 1292 3894 non
1310 3840 1358 3894 atti
1380 3839 1401 3894 't

157 3907 211 3962 Hr's
233 3922 325 3960 omnes
346 3907 423 3961 codd
445 3907 529 3962 nostri
552 3917 580 3962 et
597 3907 727 3975 Snalr.,s
797 3855 959 3972 Alexander,
976 3923 1055 3977 qnam
1073 3925 1127 3961 non
1145 3908 1239 3962 dubito
1257 3907 1321 3981 quin
1338 3927 1369 3961 su
1388 3939 1401 3953 ·

157 3977 251 4058 quadus
280 3977 313 4028 im
333 3977 424 4030 achat
452 3976 524 4032 Flor.
559 3976 637 4044 DFl,
669 3977 762 4046 paribus
797 3975 914 4029 lecturus
938 3974 1033 4042 fuerit,
1069 3975 1096 4029 ni
1128 3975 1246 4030 Dareum
1278 3993 1311 4048 pe
1372 3977 1400 4030 ni

157 4061 310 4114 rmpropera
345 4055 373 4098 nt
396 4045 477 4099 Bern.
498 4046 522 4099 Β
545 4045 617 4099 Flor.
643 4045 671 4098 Η
692 4043 762 4097 etl}
797 4043 931 4122 maluisset
947 4057 1057 4116 eamque
1075 4044 1182 4125 Curtius
1203 4062 1308 4126 quoque
1327 4045 1353 4098 vi
1372 4060 1401 4098 e·

156 4129 174 4167 a
190 4131 230 4184 pr.
248 4131 283 4166 m.
795 4121 841 4166 tur
858 4119 990 4180 cogitasse
1002 4129 1061 4166 cum
1074 4114 1202 4167 scriberet
1214 4131 1335 4167 omissam
1343 4129 1401 4167 esse

193 4181 259 4252 Cap.
278 4185 326 4247 35,
371 4187 421 4234 ,1.
457 4184 549 4235 onciaco
576 4184 667 4235 itiam
693 4181 764 4250 quod
795 4180 924 4246 Mediam,
943 4181 1108 4250 Atropatene
1117 4197 1185 4252 quae
1198 4181 1302 4250 dicitur,
1321 4181 1400 4235 armis

151 4252 263 4320 patebat
281 4252 308 4302 in
361 4251 455 4319 edium]
483 4250 570 4304 codo.
583 4250 696 4319 petebat,
714 4248 762 4302 sed
796 4248 912 4320 virisque
933 4247 1031 4302 florens
1053 4257 1082 4303 et
1105 4249 1157 4304 situ
1179 4249 1295 4306 locorum
1312 4267 1400 4305 amoe-

157 4327 230 4372 recte
241 4318 274 4370 ad
287 4316 376 4372 Curtii
393 4327 509 4372 mentem
525 4320 678 4372 emendasse
696 4324 763 4386 puto
796 4317 911 4370 nissima.

156 4385 334 4453 Palmarium,
362 4387 433 4458 quod
462 4404 478 4440 a
509 4386 604 4441 Modio
630 4395 763 4456 receptum
832 4390 855 4454 ξ.
879 4393 903 4439 2.
937 4388 1070 4453 pervenit:
1095 4386 1141 4457 aba]
1182 4385 1282 4441 Locum
1309 4386 1400 4438 elide

157 4469 206 4524 per
223 4471 313 4508 omnes
330 4462 426 4524 postea
442 4452 572 4508 editiones
589 4462 764 4526 propagatum
798 4453 926 4508 librorum
943 4471 1004 4506 mss.
1021 4453 1157 4520 constitui,
1175 4473 1236 4508 nam
1253 4453 1315 4508 olim
1332 4452 1399 4506 editi

156 4529 207 4576 cst.
241 4521 309 4576 Eam
331 4531 420 4576 autem
439 4522 524 4578 Curtii
541 4533 656 4578 mentem
677 4539 693 4574 a
710 4521 763 4574 fide
801 4521 888 4576 Tabas
906 4524 1030 4594 oppidum
1047 4534 1086 4577 aar
1102 4525 1129 4575 r'n
1147 4523 1213 4577 Por.
1225 4525 1331 4576 ultima·
1348 4539 1399 4590 qao
