3214 5288
223 398 292 450 XIV
727 391 945 444 PRAEFATIO.

225 580 375 652 lationes
401 577 447 652 ab
473 575 583 650 Hem.
611 550 890 672 Snakenburgio
917 575 954 647 in
989 574 1301 672 locupletissimam
1335 573 1459 647 editio·

225 731 308 779 nem
332 705 508 779 Batavam
534 730 565 777 a.
596 705 694 776 1724
720 712 902 800 receptae,
934 703 1040 776 umus
1066 700 1266 794 leidensis,
1306 701 1459 776 duorum

225 831 494 925 Vossianomm,
521 832 582 930 qui
607 857 630 904 a
654 830 758 904 nobis
784 829 897 904 solitis
912 830 1017 903 notis
1035 830 1260 930 appellantur
1276 841 1315 904 et
1331 829 1458 904 eodem

225 959 498 1059 Snakenburgio
524 970 670 1033 auctore
696 956 947 1032 describuntur
973 958 1040 1032 sic:

327 1091 425 1164 [8ἱά
453 1087 530 1163 cod.
557 1089 693 1160 formae
719 1086 915 1184 quadratae
942 1085 1217 1184 antiquissimus.
1254 1086 1458 1160 charactere

275 1219 422 1316 paulum
448 1218 704 1291 obsolescente.
731 1241 778 1289 ex
804 1214 971 1290 Biblioth.
999 1213 1140 1288 Veteris
1168 1217 1346 1288 thesauro.

336 1345 431 1420 Voss.
462 1349 495 1417 L
521 1344 688 1441 antiquus
714 1368 801 1416 sane
827 1355 864 1416 et
889 1344 1033 1416 minime
1058 1319 1302 1441 negligendus.

339 1472 432 1548 Voss.
462 1475 494 1546 2.
531 1471 728 1546 recentiore
753 1497 871 1544 manu.
912 1471 989 1544 sine
1022 1469 1207 1544 indicibus.
1247 1482 1325 1544 tum
1360 1447 1457 1568 siglis

277 1601 385 1674 etiam
410 1611 448 1674 et
473 1600 620 1700 syllabis
653 1599 844 1672 contractis
879 1610 1034 1674 aetatem
1067 1625 1170 1673 suam
1200 1625 1273 1672 non
1305 1600 1458 1672 multum

275 1739 451 1803 remotam
475 1727 642 1827 prodens.

339 1856 479 1932 Horum
511 1852 796 1955 quattuordecim
828 1865 866 1928 et
902 1855 1134 1953 reliquorum,
1174 1881 1264 1953 quos
1295 1857 1456 1952 cognitos

225 1986 413 2077 habemus,
448 1982 610 2058 codicum
637 1980 890 2057 Curtianorum
920 1983 1042 2056 inveni
1072 1984 1166 2058 'duas
1193 2008 1271 2058 esse
1297 1984 1457 2074 familias,

225 2138 273 2186 ex
303 2139 376 2186 uno
414 2113 506 2186 libro
541 2111 687 2217 antiquo
722 2112 848 2192 mutilo
881 2135 947 2185 nec
982 2113 1070 2185 satis
1105 2111 1292 2186 emendate
1324 2112 1457 2210 scripto

226 2250 334 2313 ortas.
385 2238 478 2312 Nam
504 2241 652 2312 lacunae
678 2250 716 2312 et
740 2264 813 2312 una
843 2263 975 2337 magna
1008 2240 1046 2313 in
1065 2237 1252 2338 'principio
1279 2239 1395 2336 operis
1421 2249 1458 2311 et

193 2369 338 2440 altera
362 2367 400 2439 in
425 2367 496 2440 fine
530 2365 611 2439 libri
637 2367 750 2463 quinti
784 2367 947 2464 sentique
980 2366 1152 2466 principio
1185 2375 1222 2439 et
1256 2367 1456 2465 complures

224 2495 407 2570 breviores
439 2517 566 2568 versus
597 2493 706 2572 finem
737 2504 822 2566 sunt
854 2493 1000 2568 eaedem
1032 2496 1069 2568 in
1100 2495 1274 2569 omnibus.
1328 2491 1456 2568 Sedis

226 2622 342 2696 codex
367 2621 569 2720 principalis
603 2620 640 2694 in
675 2647 747 2695 una
778 2623 892 2696 classe
925 2623 1108 2715 librorum,
1134 2623 1194 2721 qui
1221 2633 1364 2713 extant,
1399 2621 1458 2697 de·

226 2750 378 2848 scriptus
410 2761 467 2823 est
497 2747 650 2822 fideliter
684 2757 791 2846 atque
825 2749 877 2824 ita
908 2761 1128 2851 propagatus
1155 2777 1178 2824 a
1201 2751 1371 2842 librariis,
1407 2763 1458 2843 nt,

225 2888 368 2977 praeter
394 2877 499 2951 solita
524 2873 702 2949 scribendi
727 2877 830 2968 vitia,
865 2879 952 2951 nihil
986 2879 1034 2952 ad
1060 2890 1218 2953 veterem
1246 2879 1458 2977 scripturam

226 3006 404 3098 additum,
432 3005 523 3089 nihil
548 3005 713 3078 consulto
738 3015 933 3098 mutatum,
967 3007 1055 3082 nihil
1082 3007 1127 3081 de
1154 3009 1356 3082 coniectura
1382 3033 1457 3081 cor·

225 3147 363 3210 rectum
388 3135 444 3209 sit
496 3131 554 3206 Ex
579 3132 647 3206 hac
673 3133 785 3206 classe
812 3131 857 3206 de
882 3135 1015 3208 nostris
1041 3136 1139 3210 libris
1166 3147 1251 3210 sunt
1274 3131 1366 3211 Far.
1385 3135 1457 3212 AB

224 3262 386 3339 BermA
414 3272 451 3334 et
478 3259 522 3333 de
549 3256 874 3357 Snakenburgianis
900 3263 998 3338 Laid.
1033 3263 1128 3340 Voss.
1151 3266 1182 3356 1,
1209 3263 1282 3343 suis
1309 3263 1457 3368 quisque

225 3388 364 3463 mendis
398 3388 590 3462 levioribus
624 3385 692 3460 illis
732 3385 875 3483 quidem
914 3389 1061 3481 diversi,
1103 3386 1220 3500 Voss.¹
1247 3395 1263 3463 l
1295 3389 1458 3464 vitiosior

227 3518 370 3607 ceteris,
404 3515 468 3589 sed
495 3525 615 3588 tamen
649 3537 773 3587 omnes
804 3515 898 3590 inter
925 3543 963 3592 se
989 3543 1161 3618 perquam
1187 3517 1328 3594 similes.
1381 3517 1459 3591 Flo-

225 3645 405 3722 rentinum
430 3643 465 3716 A
491 3643 598 3717 etiam
624 3639 698 3714 Nic.
726 3639 894 3718 Heinsius
929 3648 1013 3720 olim
1040 3647 1190 3720 contulit
1216 3639 1328 3744 eaqire
1354 3645 1459 3719 oolla·

225 3770 276 3842 tio
308 3771 435 3878 silvam
469 3770 683 3844 variantium
716 3769 909 3846 lectionum
941 3774 1038 3874 apud
1064 3773 1375 3872 snakenburgium
1400 3799 1460 3848 au·

225 3897 290 3988 xit,
317 3897 382 3972 sed
405 3900 585 3974 hominem
611 3897 768 4000 doctum,
794 3903 856 3996 qui
882 3926 964 3976 eum
988 3903 1121 3976 librum
1146 3927 1265 3976 meum
1291 3902 1329 3974 in
1356 3927 1460 3975 usum

228 4026 388 4117 contulit,
415 4053 462 4100 ex
487 4031 607 4104 multis
635 4031 856 4108 documentis
882 4041 1033 4129 apparet
1057 4031 1238 4128 aliquanto
1265 4029 1462 4128 diligentio-

226 4173 304 4223 rem
328 4152 437 4228 iirisse
462 4154 620 4250 Heinsio,
646 4161 767 4258 itaque
792 4186 865 4235 non
891 4159 1072 4258 potuimus
1090 4183 1163 4230 non
1181 4168 1342 4230 nostram
1360 4158 1462 4254 sequi

228 4276 471 4375 collationem,
510 4287 577 4360 nisi
612 4288 675 4361 ubi
698 4289 888 4379 intererat,
931 4285 1028 4384 quod
1061 4284 1107 4358 ab
1139 4297 1292 4382 utroque
1319 4283 1463 4358 diversa

228 4405 366 4480 ratione
392 4409 523 4484 lectum
550 4425 653 4506 esset,
680 4427 863 4490 annotare.
906 4389 1044 4487 ¹Itidem
1069 4437 1127 4486 res
1154 4433 1233 4486 sese
1252 4412 1363 4486 habet
1380 4436 1461 4484 cum

230 4531 334 4606 Bern.
360 4535 414 4626 A,
449 4539 548 4613 cuius
575 4547 684 4641 s’upra
710 4541 1064 4618 commemoravimus
1089 4539 1289 4615 variantem
1314 4539 1464 4638 scriptu·
1559 4576 1571 4591 ·
