3270 5290
552 346 602 396 nu
630 346 743 400 cnsrs
773 349 884 400 sarx.
917 349 953 418 v,
984 347 1010 398 s.
1323 334 1394 406 167

151 532 245 630 plex
270 529 438 635 occurrit,
473 530 599 605 urbem
625 556 733 629 seque
760 530 905 607 dedens.
959 529 1091 607 Gratus
1117 533 1295 634 adventus
1322 538 1397 612 eins

150 643 234 740 regi
258 642 335 732 fuit,
362 643 491 742 quippe
517 645 637 742 magni
663 643 780 742 operis
807 643 945 718 obsidio
970 645 1092 718 futura
1117 656 1196 718 erat
1221 651 1297 720 tam
1322 674 1397 723 mu-

96 772 133 820 ra
153 755 255 828 nitae
290 753 399 826 urbis.
452 753 512 827 Ad
544 757 613 829 hoc
644 754 700 828 vir
724 756 886 846 illustris,
921 765 959 829 et
989 781 1098 830 manu
1123 768 1321 857 promptus,
1347 763 1397 834 fa-

151 889 288 962 maque
313 865 421 938 etiam
446 868 612 965 proximo
637 868 773 965 proelio
799 868 967 959 celebris,
1000 879 1037 941 et
1062 879 1201 942 ceteros
1226 870 1274 945 ad
1301 869 1397 946 dedi-

153 976 293 1050 tionem
334 977 389 1049 sui
428 976 638 1053 incitaturus
683 981 847 1078 exemplo
882 977 1082 1054 videbatur.
1150 978 1263 1079 Igitur
1299 983 1394 1058 hunc

97 1108 133 1156 11
153 1086 302 1186 qnidam
346 1088 499 1188 benigne
547 1115 635 1164 cum.
666 1089 786 1165 liberis
826 1091 973 1190 excipit:
1022 1101 1180 1166 ceterum
1220 1094 1395 1192 quadrato

152 1199 313 1298 agmine,
348 1198 446 1298 quod
478 1203 555 1300 ipse
589 1201 758 1295 ducebat,
789 1203 953 1277 velutin
978 1200 1090 1276 aciem
1115 1202 1225 1296 irent,
1256 1205 1394 1304 ingredi

152 1337 241 1386 suos
264 1312 375 1386 iubet
413 1311 546 1412 Magna
571 1339 654 1413 pars
669 1313 948 1416 Babyloniorum
974 1316 1184 1390 constiterat
1208 1317 1245 1392 in
1270 1320 1392 1410 muris,

151 1422 262 1497 avida
296 1425 534 1522 cognoscendi
565 1452 701 1500 novum
733 1453 874 1526 regem,
916 1429 1037 1526 plures
1082 1427 1226 1502 obviam
1260 1432 1394 1528 egressi

95 1554 132 1603 so
150 1547 249 1611 sunt.
300 1536 399 1610 Inter
425 1562 515 1634 quos
540 1536 787 1637 Bagophanes,
813 1539 903 1613 arcis
930 1548 968 1612 et
992 1539 1110 1637 regiae
1136 1543 1308 1639 pecuniae
1333 1568 1391 1617 cu·

150 1659 245 1739 stoa,
279 1674 326 1724 ne
357 1649 476 1723 studio
503 1675 526 1722 a
551 1647 698 1724 Mazaeo
733 1651 954 1742 vinceretur,
988 1660 1107 1724 totum
1140 1653 1209 1726 iter
1243 1653 1391 1729 floribus

150 1761 365 1858 coronisque
396 1774 657 1854 constraverat,
685 1765 862 1862 argenteis
895 1763 1067 1837 altaribus
1092 1768 1246 1860 utroque
1279 1766 1423 1841 latere·

149 1869 343 1970 dispositis,
370 1899 460 1971 quae
485 1899 559 1948 non
585 1885 665 1950 ture
691 1874 815 1968 modo,
850 1874 915 1950 sed
940 1873 1105 1948 omnibus
1132 1873 1302 1950 odoribus
1330 1902 1387 1950 cu·

94 2003 128 2052 11
148 1985 360 2060 mutaverat.
412 1985 518 2061 Dona
542 2010 625 2061 eum
650 1989 907 2084 sequebantur,
933 2010 1061 2085 greges
1087 2009 1257 2084 pecorum
1283 2012 1389 2084 equo-

146 2121 316 2194 rumque,
347 2099 468 2172 leones
504 2122 645 2195 quoque
671 2107 709 2171 et
733 2097 898 2198 pardales
930 2098 1050 2172 caveis
1085 2097 1387 2195 praeferebantur.

92 2225 128 2275 aa
148 2205 247 2306 Magi
272 2207 411 2301 deinde,
437 2233 503 2284 suo
528 2235 628 2284 more
655 2235 798 2284 carmen
824 2219 1003 2300 canentes,
1017 2219 1101 2309 post
1126 2209 1193 2282 hos
1208 2207 1387 2304 Chaldaei,

145 2319 498 2420 Babyloniorumque
523 2346 597 2395 non
623 2332 725 2396 vates
751 2321 875 2413 modo,
902 2319 966 2395 sed
992 2321 1101 2396 etiam
1126 2320 1279 2396 artifices
1306 2348 1388 2398 cum

146 2429 279 2506 fidibus
312 2433 368 2506 sui
399 2432 539 2530 generis
570 2435 680 2508 ibant.
733 2431 875 2508 Laudes
908 2435 947 2507 hi
971 2457 1098 2532 regum
1124 2457 1252 2507 canere
1279 2435 1386 2528 soliti,

147 2541 319 2619 Chaldaei
344 2543 501 2646 siderum
526 2554 645 2619 motus
672 2556 709 2620 et
734 2556 888 2620 statutas
919 2546 1016 2620 vices
1042 2555 1244 2644 temporum
1269 2559 1386 2622 osten·

146 2759 286 2822 etVossl,
304 2755 460 2826 videturque
477 2756 587 2809 verbum
605 2766 661 2809 erat
678 2755 749 2810 inter
783 2765 814 2811 ut
836 2763 877 2810 est
899 2755 927 2809 in
944 2755 1019 2810 mstis
1036 2763 1065 2809 et
1100 2755 1168 2809 raeci
1187 2755 1242 2809 itur
1258 2774 1275 2810 s
1292 2757 1386 2813 Chari-

136 2829 237 2895 futura
255 2834 285 2879 et
301 2835 354 2879 tam
372 2824 463 2878 elisum
480 2841 545 2878 esse
566 2825 652 2895 Vulgo
661 2825 749 2878 editur
782 2825 838 2890 sio,
861 2825 892 2878 cf.
915 2825 1039 2878 Schneid.
1061 2774 1147 2878 Elem.
1198 2824 1257 2878 .L.
1300 2834 1384 2882 .200.

136 2897 194 2964 fut.
212 2904 270 2946 eret
287 2896 396 2960 obsidio,
415 2892 521 2947 Medius
530 2895 629 2962 sutura
647 2894 748 2946 obsidio
782 2893 872 2946 Etiam
897 2893 1047 2962 Wagnerus
1074 2892 1100 2946 in
1127 2892 1256 2962 Orthogr.
1309 2895 1384 2966 ergil.

140 2973 213 3029 ·tum,·
230 2963 277 3015 sed
294 2960 455 3032 subintelligi
473 2961 498 3015 h.
508 2962 525 3016 1.
543 2979 621 3032 posse
637 2962 748 3015 verbum
782 2961 893 3032 simplex
910 2971 920 3016 1
937 2959 1051 3014 Medicei
1068 2960 1228 3014 euctmitate
1245 2970 1345 3017 tuetur.

144 3031 340 3084 substantivum
358 3049 411 3086 nou
428 3030 514 3084 credo.
817 3035 841 3095 S.
865 3036 906 3083 22.
942 3047 989 3083 suo
1022 3046 1092 3082 more
1118 3047 1223 3082 cumen
1249 3033 1382 3102 canentes]

180 3102 203 3168 §.
224 3107 263 3152 18.
272 3102 354 3170 samu
421 3130 456 3139 —
473 3100 593 3170 celebris]
611 3097 682 3152 Flor.
695 3096 748 3152 BG
782 3099 904 3152 Patriam
921 3115 1026 3151 carmen
1043 3097 1116 3150 edita
1132 3097 1292 3169 exemplaris
1308 3117 1383 3180 prae-

138 3173 280 3237 semoeque
298 3117 504 3240 quodmpcrtinet
528 3169 563 3221 ad
586 3184 644 3220 eam
667 3183 747 3238 qnae-
781 3177 825 3221 ter
841 3165 1010 3233 Modianum,
1036 3167 1082 3220 sed
1104 3163 1210 3219 videtur
1226 3165 1384 3222 adiectrvum

144 3237 265 3302 ationem,
283 3255 363 3308 quam
379 3236 493 3292 tractavi
514 3236 542 3290 in
559 3253 668 3307 gramm.
686 3235 746 3289 Lae
780 3245 880 3290 temere
906 3235 958 3289 huc
979 3237 1013 3289 eb
1039 3233 1184 3289 editoribus
1205 3251 1239 3288 ex
1262 3235 1343 3300 lm,
1368 3245 1381 3290 7

145 3310 170 3372 ς.
189 3313 238 3360 100
255 3313 311 3386 not.
331 3314 363 3370 l,
391 3305 435 3359 ubi
462 3305 556 3386 errari·
573 3304 747 3387 qu⁰i³.P¹¹².¹'¹l
779 3304 938 3386 repetitum:
962 3305 1039 3359 codd.
1057 3312 1129 3358 certe
1146 3319 1237 3386 omnes
1252 3305 1337 3384 nostri
1355 3315 1383 3359 et

144 3373 745 3514 ildndbalpibdiillialliilfflgedli
778 3371 1382 3514 ttetttssttnqtttt.ttltt⁵st

144 3511 248 3565 mescul.
284 3512 370 3566 Immo
387 3511 451 3565 alni
467 3519 509 3566 est
526 3513 623 3565 celeber
639 3525 691 3578 vn,
711 3519 742 3566 le
778 3511 901 3566 Pertinet
918 3512 952 3564 ed
970 3510 1091 3576 ultimos,
1114 3518 1189 3564 vetes
1206 3511 1380 3584 ertifioesque,

144 3589 173 3633 et
189 3595 257 3646 vm,
274 3587 323 3648 80,
341 3587 365 3638 9.
777 3581 794 3634 i.
812 3598 835 3634 a
888 3585 947 3634 “tae
963 3597 995 3634 ec
1011 3578 1116 3646 musici,
1139 3577 1185 3649 qui
1201 3579 1223 3633 si
1239 3581 1336 3635 fuerint
1353 3590 1382 3635 et

178 3667 237 3702 cem
257 3651 345 3703 tuberis
367 3650 425 3703 enei
444 3650 462 3701 a
519 3647 609 3718 Vulgo
635 3650 742 3717 exemit,
777 3649 827 3721 ipsi
877 3648 992 3717 haldsei,
1023 3647 1137 3719 separati
1161 3655 1251 3701 nmen
1277 3659 1339 3704 sunt
1365 3668 1382 3704 a

144 3733 305 3788 eosequor
319 3717 400 3772 Bern.
476 3717 524 3772 lor.
534 3717 583 3770 AB
603 3716 743 3770 cnmleid.
777 3717 964 3772 sacerdotibus.
1007 3716 1081 3788 Magi
1110 3715 1218 3786 quidem
1242 3735 1316 3771 suern
1341 3719 1381 3772 vi·

170 3803 220 3840 oss.
241 3793 263 3838 1.
778 3788 875 3840 dentur
892 3783 1068 3858 λειτουργίαν
1087 3783 1220 3838 cecinisse.

178 3857 202 3924 ξ.
220 3861 260 3908 19.
286 3857 315 3909 ia
332 3857 414 3908 aedem
433 3857 510 3924 irent]
541 3855 601 3909 Hoc
618 3873 634 3908 a
650 3854 743 3909 Modio
812 3864 925 3909 statutus
947 3855 1015 3907 vices
1038 3855 1188 3923 torperem]
1225 3852 1298 3908 Olim
1314 3853 1380 3910 editi

143 3931 197 3977 est:
213 3925 273 3977 edd.
290 3931 358 3978 vett.
375 3925 404 3978 in
421 3925 479 3979 acie
496 3925 572 3990 irent,
591 3923 683 3994 scripti
696 3941 743 3978 eu-
777 3933 890 3979 statutas
908 3932 983 3992 terp.
1000 3924 1082 3988 emes,
1110 3921 1185 3983 Mod.
1208 3931 1293 3978 statua
1311 3927 1379 3979 uices

142 4001 196 4046 tem
212 3993 296 4048 nostri
313 3993 411 4064 partim
433 3996 462 4048 in
480 3995 536 4046 acie
553 3993 590 4045 mi
607 4003 743 4114 remger-
777 4003 935 4074 temporum,
962 3991 1033 4044 unde
1055 3990 1199 4062 composite
1219 4008 1290 4047 nnnc
1306 3993 1378 4063 vulg.

142 4061 235 4114 timia
253 4062 335 4115 aciem
352 4064 478 4132 migrent,
496 4079 563 4114 unus
604 4061 652 4114 lor.
714 4063 743 4114 ia
777 4070 907 4132 scraptnra
927 4069 1012 4114 statas
1034 4070 1175 4129 receperam
1200 4062 1268 4114 vices
1286 4069 1379 4116 contra

143 4132 222 4184 oeten
256 4133 324 4184 irent
363 4132 436 4201 quod
475 4131 575 4184 frustra
608 4138 742 4200 temptans
777 4132 856 4186 codd.
873 4147 933 4184 mss.
969 4128 1031 4184 Scio
1056 4129 1126 4201 quod
1152 4127 1291 4184 dismimen
1308 4129 1378 4184 inter

142 4199 288 4253 Schellerus
305 4198 413 4270 corrigit
430 4201 458 4252 ia
476 4201 533 4252 acie
549 4199 677 4269 migrans.
776 4198 913 4273 participia
935 4208 1020 4252 status
1042 4206 1071 4251 et
1096 4207 1222 4263 stantes,
1249 4199 1320 4268 quod
1342 4200 1377 4253 ad

175 4273 198 4333 s.
216 4275 257 4321 el.
287 4271 355 4322 done
379 4287 435 4322 eum
457 4285 485 4321 se
503 4269 631 4322 uehuntur
652 4285 742 4322 omnes
776 4268 991 4340 significationem
1055 4265 1148 4332 tinent,
1167 4281 1223 4320 esse
1240 4267 1379 4322 docuerint

141 4334 199 4388 libri
214 4353 276 4390 mss.
292 4337 376 4392 nostri
394 4345 423 4390 ct
440 4285 531 4404 Sosin,
550 4336 628 4408 longe
645 4337 742 4391 rectius
776 4335 941 4408 granmstici
975 4333 1225 4415 rieForoellinum
1241 4333 1377 4416 ,1111911110

140 4405 549 4477 quamqucdvulgoediturewn
566 4411 635 4460 dona
653 4423 743 4528 seque·
777 4404 948 4459 annotatione
992 4403 1173 4483 rakenborchn
1194 4404 1228 4456 ad
1245 4402 1313 4456 ern
1331 4403 1376 4458 hb.

140 4477 239 4531 lentur.
259 4474 345 4530 Paulo
353 4483 416 4530 ente
433 4486 490 4529 ture
502 4474 668 4530 scribendum
695 4473 743 4544 uit,
778 4473 1124 4546 xx1v‚2?,1ustm1),ec
1139 4472 1217 4531 ‚odeo
1234 4473 1375 4546 secundum
