3254 5292
222 347 296 422 152
696 367 729 431 o.
759 367 883 420 cuarn
908 367 994 418 nuru

168 625 170 631 ,
217 552 429 651 coegissent
487 548 649 625 Turbata
680 563 759 628 eret
792 562 945 649 utraque
975 550 1079 624 scies.
1137 549 1348 624 Alexander
1379 561 1417 626 et
1442 577 1466 626 a
1482 571 1517 620 :s

217 664 336 738 fronte
362 675 400 738 et
425 687 448 734 a
473 673 576 761 tergo
600 663 743 738 hostem
768 663 942 738 habebat:
969 661 1030 759 qui
1057 685 1185 735 averso
1211 661 1244 735 ei
1268 662 1464 753 instabant,

217 774 264 848 ab
295 774 465 874 Agrianis
497 773 674 871 equitibus
709 772 982 875 premebantur:
1018 783 1055 846 et
1089 769 1285 863 Bactriani,
1317 773 1464 872 impedi·

216 886 347 960 mentis
380 885 540 963 hostium
573 883 738 984 direptis,
769 884 921 975 reversi,
957 881 1102 956 ordines
1134 908 1218 958 suos
1250 908 1464 983 recuperare

216 1023 291 1072 non
325 1005 510 1096 poterant:
543 996 650 1094 plura
681 997 786 1070 simul
817 997 973 1093 abrupta
998 1019 1020 1068 a
1045 995 1174 1068 ceteris
1200 996 1360 1094 agmina,
1386 997 1462 1070 ubi·

217 1133 358 1206 cunque
392 1108 501 1180 elium
536 1106 594 1179 alii
627 1107 702 1181 fors
728 1108 936 1197 miscuerat,
968 1105 1195 1179 dimicabant
1248 1105 1330 1181 Duo
1356 1131 1461 1205 reges
1479 1125 1514 1174 ²³

216 1219 345 1294 iunctis
372 1242 485 1318 prope
511 1217 713 1316 agminibus
739 1219 915 1317 proebum
940 1216 1188 1292 accenderant
1236 1216 1363 1292 Plures
1377 1217 1461 1290 Per·

218 1356 280 1404 sae
312 1327 504 1404 cadebant:
540 1355 606 1428 par
636 1331 749 1406 ferme
780 1331 960 1428 utrimque
992 1353 1162 1404 numerus
1187 1329 1461 1404 vulnerabatur:

216 1467 324 1516 curru
349 1439 499 1532 Dareus,
525 1441 734 1516 Alexander
760 1468 852 1540 equo
878 1441 1094 1518 vehebatur:
1120 1450 1312 1538 utrumque
1333 1439 1461 1514 delecti
1478 1457 1516 1508 24

215 1552 427 1644 tuebantur,
463 1552 519 1626 sui
544 1553 781 1628 immemores.
835 1550 975 1652 Quippe
1002 1553 1134 1625 amisso
1160 1565 1246 1650 rege
1270 1575 1338 1624 nec
1363 1551 1459 1624 vole

215 1662 307 1736 bant
339 1663 430 1736 salvi
464 1687 559 1755 esse,
590 1689 657 1737 nec
688 1673 866 1763 poterant.
925 1663 1022 1736 Ante
1062 1663 1185 1736 oculos
1219 1663 1276 1736 sui
1310 1662 1462 1760 quisquc

214 1775 310 1872 regis
336 1783 489 1848 mortem
516 1775 727 1849 occumbere
753 1774 909 1849 ducebat
940 1775 1132 1872 egregium.
1183 1761 1383 1846 Maximum
1408 1782 1461 1844 te·
1477 1789 1515 1838 2⁵

214 1909 298 1958 men
336 1885 534 1984 periculum
565 1885 730 1977 adibant,
764 1911 853 1984 quos
886 1886 1042 1958 manime
1073 1884 1285 1975 tuebantur:
1327 1883 1459 1982 quippe

216 1997 283 2070 sibi
309 1998 460 2096 quisque
486 1996 580 2070 caesi
607 1998 701 2095 regis
728 1998 925 2098 expetebat
951 1996 1071 2070 decus.

162 2110 211 2181 59
319 2106 505 2198 Ceterum,
541 2109 617 2182 sive
641 2107 836 2183 ludibrium
871 2109 1072 2197 oculorum,
1104 2107 1180 2182 sive
1206 2131 1294 2182 vera
1320 2104 1457 2203 species
1475 2123 1512 2172 sa

213 2219 296 2308 luit,
334 2218 394 2315 qui
429 2219 523 2291 circa
552 2218 802 2294 Alexandrum
835 2231 953 2310 erant,
993 2218 1126 2292 vidisse
1159 2242 1198 2292 se
1229 2215 1459 2291 crediderunt

213 2329 399 2428 paululum
424 2353 533 2426 super
558 2340 668 2427 caput
693 2332 786 2430 regis
814 2331 952 2430 placide
977 2331 1162 2404 voluntem
1187 2329 1358 2436 aquilam,
1384 2353 1459 2402 non

214 2465 305 2514 sono
340 2464 538 2531 armorum,
572 2465 646 2513 non
677 2442 813 2538 gemitu
847 2441 1075 2515 morientium
1109 2441 1288 2515 territam:
1325 2440 1459 2538 diuque

250 2626 273 2692 ς.
291 2627 333 2677 22.
369 2633 393 2677 et
410 2641 427 2676 a
435 2625 531 2703 fronte
548 2634 572 2678 et
589 2642 607 2678 o
625 2626 706 2693 terpo]
742 2623 821 2678 Prius
854 2643 914 2680 raro
930 2625 954 2679 ei
968 2624 1089 2696 contigit,
1104 2623 1192 2680 faciles
1201 2623 1346 2678 imitatores
1354 2621 1459 2677 habuit.

215 2701 240 2746 et
256 2691 337 2762 vulgo
354 2691 496 2759 omittitur,
515 2709 574 2747 cum
591 2691 616 2745 le
636 2701 697 2746 atur
710 2691 821 2746 inutm·
854 2693 909 2748 Sed
932 2703 1025 2749 auctor
1054 2701 1146 2747 noster
1175 2711 1229 2748 non
1255 2693 1323 2747 solet
1349 2694 1459 2762 quisque

233 2777 268 2814 ue
283 2761 365 2815 Bern.
393 2770 422 2816 et
447 2760 519 2815 Flor.
545 2709 666 2816 omnibus
692 2769 720 2814 et
745 2761 820 2814 Leid.
854 2779 914 2818 cum
936 2763 1031 2835 plurali
1056 2762 1130 2816 verbi
1153 2777 1262 2816 numero
1289 2756 1458 2832 cdniungere,

242 2847 293 2884 oss.
312 2838 336 2884 1.
371 2828 426 2883 Sed
447 2829 526 2884 iidem
551 2830 612 2884 msti
638 2838 667 2883 st
693 2830 752 2884 edd.
799 2850 820 2883 r.
854 2830 882 2885 in
908 2848 993 2901 eaque
1017 2847 1047 2885 re
1076 2839 1181 2884 ueteres
1238 2829 1290 2884 tius
1316 2829 1459 2900 scriptores

215 2915 275 2952 curn
292 2898 384 2952 Medio
405 2897 496 2970 inepte
519 2909 543 2952 et
560 2899 640 2953 etism
659 2907 722 2952 ente
739 2849 821 2953 verbs
854 2900 989 2971 sequitur,
1007 2917 1057 2954 nec
1072 2898 1173 2970 legitur
1212 2900 1322 2954 arebant
1338 2897 1366 2952 in
1384 2896 1459 2952 libris

215 2968 249 3022 ab
268 2969 400 3037 Apriear's
418 2967 546 3022 inserunt.
578 2967 643 3021 Mox
661 2967 701 3021 bis
720 2969 820 3037 Apric-
854 2987 914 3023 mss.
932 2969 988 3024 sine
1005 2967 1192 3024 controversia.
1227 2966 1320 3022 Nostri
1338 2974 1411 3020 certe
1428 2973 1459 3020 et

216 3038 259 3090 nis
276 3035 357 3107 vulgo
374 3036 556 3106 praedicatum
578 3035 732 3105 adiungitur
749 3039 819 3089 mili·
856 3055 922 3108 quos
940 3037 1022 3092 Sualr.
1040 3035 1154 3091 contulit
1176 3052 1266 3089 omncs
1283 3037 1392 3089 decetne
1410 3051 1457 3087 ex-

215 3105 298 3172 tibos,
321 3123 370 3176 pro
393 3109 545 3175 quo‘nemo
570 3123 623 3159 nou
645 3105 736 3158 statim
753 3105 820 3159 reci·
853 3107 955 3160 hibent.
999 3105 1098 3160 Mirum
1128 3103 1209 3158 etism
1237 3103 1259 3158 si
1287 3104 1368 3175 pnulo
1394 3111 1457 3172 post

213 3172 339 3293 piendum
358 3172 432 3226 videt
458 3173 530 3243 quod
551 3181 580 3228 et
597 3173 678 3227 Sunk.
697 3174 772 3228 codd.
790 3181 819 3228 et
854 3174 963 3230 Curtius
979 3175 1032 3228 sits·
1048 3175 1157 3244 quisque
1180 3171 1313 3242 expetebat
1339 3171 1459 3243 scripsis-

240 3257 295 3294 ern.
313 3239 420 3294 etFlor.
434 3257 523 3294 omnes
538 3241 664 3294 exhibent
681 3243 818 3312 equitibus.
852 3251 903 3310 set,
921 3243 972 3298 hoe
987 3249 1078 3297 sutem
1094 3241 1153 3298 loco
1169 3257 1308 3295 numerum
1324 3239 1457 3312 pluralem

213 3307 319 3360 Deinde
337 3317 361 3360 et
377 3309 519 3361 Bactriani
535 3309 627 3362 addita
635 3309 819 3363 coniunctione
853 3311 990 3382 posuisset.

213 3375 276 3430 dedi
293 3392 327 3428 ex
343 3375 443 3430 Aldina
460 3385 488 3430 et
504 3375 576 3430 Flor.
593 3377 723 3431 BCEGH
736 3378 817 3430 Bern.
887 3383 910 3447 §-
929 3385 970 3433 26.
1006 3380 1116 3434 adibant
1133 3395 1197 3448 quos
1215 3395 1285 3432 mur.
1303 3377 1455 3447 tuebnntur]

213 3444 238 3496 B
255 3441 332 3496 Leid.
353 3441 429 3496 Voss.
455 3451 467 3496 1
493 3451 521 3496 et
539 3451 564 3498 2.
599 3443 755 3499 Omisemnt
772 3445 817 3497 Iu·
851 3446 981 3518 Argutius
998 3448 1069 3501 baud
1089 3447 1170 3501 dubie
1191 3445 1228 3501 sic
1248 3445 1314 3500 dicit
1336 3443 1456 3512 Curtius,

212 3511 271 3567 nius
293 3519 322 3564 et
342 3509 449 3566 Medius
476 3519 505 3566 et
525 3510 636 3583 reliqui,
664 3513 817 3584 habentque
852 3533 932 3586 quam
958 3516 980 3570 si
1001 3514 1138 3586 vulgatam
1158 3515 1298 3570 lectionem
1318 3513 1457 3584 sequimur·

213 3597 276 3634 saue
300 3587 419 3634 auctores
444 3579 515 3634 Flor.
535 3581 563 3635 A
587 3588 617 3635 et
641 3579 723 3636 Ber-n.
749 3589 774 3637 A
800 3601 817 3638 s
851 3586 898 3654 qni
914 3603 984 3638 mus.
1002 3587 1147 3638 motantur.
1169 3584 1230 3638 Hoc
1245 3591 1318 3638 certe
1335 3599 1389 3636 non
1405 3581 1455 3636 mi-

213 3665 254 3720 pr.
273 3666 308 3702 m.
850 3671 927 3721 rum,
955 3653 1001 3724 qui
1026 3652 1278 3775 enixeepugusrent
1295 3651 1322 3704 in
1339 3650 1456 3712 maximo

248 3719 272 3782 s.
291 3723 333 3772 23.
362 3718 494 3786 proelium
511 3719 695 3788 accenderant]
731 3718 817 3774 Aldus
884 3721 967 3776 riculo
983 3721 1101 3788 funeas
1152 3721 1222 3792 ipsos
1238 3736 1315 3792 reges
1332 3719 1456 3774 intertot

212 3783 262 3838 hoc
279 3783 395 3840 correxit
411 3785 543 3842 immerito
561 3787 715 3860 scripsitque
724 3806 815 3843 accen-
876 3790 1004 3844 rtissimos
1025 3790 1135 3844 comites
1156 3807 1210 3844 non
1231 3795 1356 3859 expertes
1374 3786 1455 3842 unae

213 3854 318 3921 debean
335 3871 397 3907 num
415 3854 504 3938 aliqua
520 3855 639 3911 codicum
657 3856 816 3911 auctoritate
849 3857 957 3930 periculi
973 3857 1111 3939 aliquanto
1128 3857 1186 3929 plus
1203 3857 1285 3912 habet
1301 3855 1456 3918 aduris-stio-

211 3921 306 3992 ignoro
324 3923 436 3991 (Vosal
452 3933 570 3991 crterem,
589 3925 610 3978 si
628 3924 692 3980 fides
710 3925 815 3980 silentio
849 3927 898 3981 nis.
937 3926 1037 3992 Quidm
1064 3925 1147 3997 igitur
1170 3925 1299 3980 malumus
1326 3925 1399 3996 quod
1423 3925 1455 3979 iu

211 3995 303 4059 esset),
321 3999 394 4045 cer-te
411 4009 502 4063 parum
520 3993 628 4060 idonee,
652 4011 713 4048 mun
731 3995 815 4048 nostri
849 3996 970 4051 omnibus
996 3993 1070 4050 libris
1094 4013 1155 4048 nna
1181 4003 1223 4048 est
1246 3993 1309 4062 (nisi
1351 3994 1403 4047 uod
1423 3993 1453 4046 in

212 4059 319 4128 quidem
344 4057 405 4112 libri
431 4060 502 4114 inter·
527 4077 556 4115 se
581 4069 637 4144 tem
662 4063 759 4117 diversi
780 4065 815 4116 ad
849 4065 921 4146 qur.
946 4063 1000 4118 ΕΗ
1030 4064 1111 4118 Bern.
1137 4063 1161 4116 B
1192 4065 1280 4144 quod⁸
1295 4079 1345 4142 serr
1364 4061 1453 4142 itur)?

210 4129 815 4276 tuffiuttnfflffltntbtt
847 4131 1453 4274 Aqttttwrttttttttltt

209 4272 326 4319 ebonem
342 4264 465 4320 temut-
848 4272 973 4325 mendum
989 4270 1040 4325 hoc
1057 4277 1107 4337 est,
1124 4287 1142 4324 a
1157 4285 1211 4340 quo
1228 4266 1309 4322 libros
1325 4267 1384 4321 illos
1397 4283 1454 4320 non

246 4335 269 4401 §.
293 4340 337 4387 24.
380 4335 489 4388 ducetur
514 4352 575 4405 cyre
593 4337 658 4408 ium]
706 4335 814 4392 Modius
847 4355 903 4394 esse
919 4339 1019 4394 alienes
1036 4353 1114 4410 saepe
1131 4335 1308 4408 cognovimus.

210 4401 338 4482 ducebant
354 4399 382 4482 iu
399 4400 472 4456 libris
488 4353 622 4485 veter-ibus
639 4421 668 4460 sc
683 4403 813 4460 invenisse
882 4409 947 4480 Cep.
965 4415 1014 4475 59,
1032 4409 1056 4476 ὅ.
1073 4413 1115 4461 st.
1150 4425 1202 4460 noa
1227 4421 1291 4460 seno
1308 4422 1454 4472 enumera,

208 4469 358 4540 contendit,
371 4472 724 4548 rtaqueedrdrtcetercsqua,
741 4477 813 4547 quod
846 4495 899 4532 aea
916 4479 979 4545 cet]
1014 4475 1084 4529 Edd.
1101 4481 1169 4530 vett.
1190 4491 1237 4530 nec
1258 4474 1347 4528 sonita
1362 4491 1454 4527 anuo·
