3270 5290
214 355 287 426 174
707 374 741 437 o.
770 373 894 440 caeru
919 373 1004 426 num

211 557 346 631 denarii
380 557 520 631 tributi:
553 557 762 656 peregrinus
789 583 897 656 eques
933 556 1130 655 quingenos
1156 553 1308 650 accepit,
1344 550 1448 627 duce·

210 693 277 743 nos
304 667 425 767 pedes,
452 671 561 744 ceteri
586 669 804 768 stipendium
830 669 941 743 duum
966 693 1139 742 mensum.

163 784 183 854 7
313 780 379 854 His
405 782 457 854 ita
482 781 698 880 compositio,
724 782 760 854 in
786 782 978 880 regionem,
1005 805 1096 879 quae
1123 775 1320 875 Satrapene
1345 791 1500 849 voca-11·

211 904 286 984 tur,
322 894 495 991 pervenit.
546 893 686 966 Fertilis
718 905 832 984 terra,
867 881 970 994 copia
1005 918 1124 966 rerum
1156 901 1192 965 et
1225 888 1321 962 omni
1356 913 1449 962 com·

212 1015 332 1079 meatu
368 1004 564 1079 abundans.
615 1004 740 1102 Itaque
775 1004 908 1080 diutius
940 1005 990 1078 ibi
1016 1003 1192 1094 substitit,
1219 1027 1261 1076 ae
1286 1024 1332 1076 ne
1359 1000 1482 1074 desi-2

213 1115 276 1189 des
312 1117 385 1190 otio
426 1116 655 1192 demitterent
693 1118 847 1210 animos,
886 1117 1020 1192 iudices
1063 1115 1179 1206 dedit,
1223 1113 1450 1213 praemiaque

211 1228 399 1327 proposuit
425 1227 471 1302 de
496 1229 630 1302 virtute
655 1229 798 1302 militari
825 1229 1055 1304 certantibus.
1106 1225 1262 1318 Novem,
1295 1225 1356 1322 qui
1381 1225 1483 1296 for-s

212 1340 338 1412 tissimi
371 1339 517 1414 iudicati
543 1350 684 1430 essent,
717 1341 864 1438 singulis
898 1341 1051 1413 militum
1081 1339 1222 1412 milibus
1254 1337 1452 1436 praefuturi

213 1462 325 1542 erant,
341 1450 557 1526 Chilierchas
584 1452 774 1542 vocabant,
788 1463 874 1524 tunc
899 1452 1054 1550 primum
1080 1452 1117 1524 in
1141 1453 1237 1526 hune
1263 1473 1451 1524 numerum

213 1563 322 1660 copiis
350 1562 563 1637 distributis:
589 1589 743 1662 namque
777 1574 883 1638 antea
909 1564 1161 1663 quingenariae
1187 1563 1352 1637 cohortes
1378 1560 1450 1632 fue

212 1685 311 1766 rant,
344 1699 412 1747 nec
444 1673 661 1748 fortitudinis
693 1676 852 1774 praemia
886 1687 1081 1774 gesserant.
1142 1674 1273 1774 Ingens
1299 1673 1486 1746 militumr

213 1786 320 1859 turba
338 1797 565 1876 convenerat,
580 1787 723 1885 egregio
749 1788 963 1860 interfutura
988 1788 1182 1878 certamini,
1197 1787 1299 1860 testis
1326 1783 1452 1859 eadem

213 1897 382 1995 cuiusque
408 1898 584 1972 factorum
598 1907 635 1970 et
648 1897 692 1972 de
718 1896 895 1971 iudicibus
921 1899 1039 1971 latura
1065 1899 1294 1972 sententiam:
1321 1896 1452 1994 quippe

214 2034 347 2082 verone
373 2035 419 2082 an
444 2009 535 2082 falso
561 2009 676 2083 honos
704 2011 829 2110 cuique
855 2011 1063 2101 haberetur,
1099 2010 1255 2108 ignorari
1290 2033 1362 2082 non
1383 2022 1451 2104 po·

212 2131 316 2196 terat.
355 2120 509 2196 Primus
524 2121 682 2196 omnium
708 2122 852 2197 virtutis
879 2148 987 2198 causa
1014 2122 1168 2198 donatus
1195 2132 1250 2196 est
1262 2119 1486 2194 Atharriass

212 2286 286 2340 Leid.
305 2291 379 2342 Voss.
399 2295 422 2342 1.
453 2287 503 2342 His
541 2288 627 2342 uidem
645 2288 816 2343 varietatibus
886 2294 910 2357 s.
929 2297 953 2344 2.
989 2292 1147 2344 dentitterent
1165 2291 1276 2358 animos]
1300 2285 1373 2342 Libri
1391 2283 1454 2340 msti

212 2355 278 2410 nihii
303 2357 418 2410 efficitur
441 2356 490 2410 uisi
513 2307 591 2424 iiiud,
615 2375 730 2412 merismu
753 2357 816 2412 olim
850 2367 879 2412 et
904 2358 987 2412 nostri
1010 2368 1039 2414 et
1064 2359 1147 2413 snat.
1173 2375 1263 2414 ourues
1287 2358 1452 2420 dimitterent,

213 2443 266 2478 non
284 2423 364 2477 fuisse
381 2443 430 2494 pro
453 2424 591 2495 participio
612 2425 746 2493 habitum,
770 2429 828 2484 sed,
850 2435 878 2480 et
896 2426 932 2480 sic
948 2426 1012 2480 olim
1029 2437 1092 2480 ante
1109 2427 1214 2480 Iunium
1231 2425 1367 2480 edebatur.
1400 2423 1453 2476 Ea·

212 2511 262 2564 pro
280 2493 397 2562 genitivo
420 2492 488 2563 plur.
515 2493 588 2547 vocis
606 2496 710 2548 ereans.
746 2495 816 2548 Num
850 2497 909 2548 dem
926 2514 968 2548 res
986 2505 1027 2550 est
1044 2497 1116 2566 apud
1134 2496 1188 2550 Cic.
1207 2495 1235 2550 in
1253 2499 1327 2548 Verr.
1346 2508 1381 2558 11,
1409 2498 1452 2558 30,

212 2579 273 2616 eum
290 2579 379 2616 casum
397 2578 478 2633 eoque
495 2565 621 2616 niensium
644 2580 676 2618 ac
701 2581 815 2618 inensam
852 2571 898 2629 74,
922 2572 1097 2635 notamusque
1123 2566 1193 2636 apud
1221 2563 1276 2620 eie.
1294 2565 1327 2618 de
1345 2561 1404 2616 Fiu.
1422 2575 1452 2626 v,

212 2631 290 2686 fuisse
316 2638 439 2696 constat,
475 2630 528 2684 sid.
556 2631 635 2686 Cour.
662 2630 814 2686 Schneideri
851 2639 900 2699 15,
919 2640 952 2686 42
971 2632 1088 2688 codicem
1105 2633 1213 2688 Vrutisl.
1232 2651 1284 2688 non
1302 2633 1403 2686 animas
1421 2645 1453 2682 ue

213 2717 321 2768 ammon
339 2699 399 2752 Lat.
417 2719 443 2770 p.
461 2707 520 2753 244.
555 2700 612 2754 Iam
630 2700 731 2754 verosi
749 2701 816 2754 Dio·
850 2703 984 2756 ‹Iearittuat
1011 2703 1057 2756 sed
1089 2705 1219 2758 dimittunt
1248 2703 1352 2756 habere.

213 2767 270 2822 dori
288 2768 369 2823 verba
385 2783 461 2835 xvu,
481 2776 514 2822 m
531 2769 663 2837 conferes,
680 2787 733 2840 quo
750 2769 816 2822 iilud
849 2787 925 2824 nemo
943 2778 1033 2824 tamen
1050 2790 1067 2824 a
1083 2771 1128 2824 vul
1148 2771 1186 2825 ari
1196 2767 1451 2825 omniumeditorum

214 2836 426 2908 pertineatclsre
438 2837 554 2892 videbis:
573 2843 603 2890 ἐκ
622 2836 652 2891 δὲ
670 2845 730 2892 τῶν
745 2836 815 2910 inp·
848 2839 941 2911 regula
957 2840 1085 2895 decedere
1102 2789 1221 2894 sciuerit
1245 2839 1380 2905 Cicle,
1392 2843 1416 2904 7,
1428 2842 1452 2890 6.

215 2908 330 2958 θέντων
355 2907 508 2979 χρημάτων
536 2913 596 2960 τιῦν
624 2913 677 2976 μὲν
704 2905 815 2960 ἱππέοιν

215 2975 324 3041 ἑκάστῳ
350 2977 380 3038 ἒξ
404 2981 477 3044 μνᾶς
496 2973 671 3050 ἐδωρήσατο,
698 2983 757 3030 τῶν
785 2973 815 3028 di

214 3046 369 3112 συμμάχων
386 3050 479 3106 πέντε,
491 3050 550 3098 τῶν
569 3043 626 3098 δ’ἐκ
643 3051 692 3110 τῆς
706 3043 763 3116 prii.
782 3067 814 3116 y-

213 3133 262 3183 yos
285 3111 465 3168 Μακεδόνων
489 3111 554 3176 tto,
576 3115 643 3170 eois
666 3111 695 3166 di
718 3113 816 3176 ξένους

216 3178 343 3250 &pirou
361 3183 553 3254 μισθοφοραῖς
572 3188 682 3250 ἐτίμησε
697 3183 815 3238 πάντας.

214 3249 297 3303 Exiis
308 3250 422 3304 Cunzius
435 3249 523 3304 locum
539 3261 657 3305 nostrum
674 3251 711 3306 sic
728 3268 815 3304 emen·

215 3319 331 3370 dandum
354 3317 467 3372 censuit:
495 3321 605 3372 ducenos
618 3322 700 3388 pedes
719 3319 816 3388 (intell.
850 3288 927 3341 νοω·
946 3295 961 3340 ²
981 3304 1115 3341 wnsensu'

214 3385 337 3456 aceepit),
347 3388 522 3440 mercenarius
532 3389 689 3456 stipendium
702 3405 816 3440 inermum
886 3395 910 3457 s.
925 3395 949 3442 5.
968 3390 1111 3444 Attuarios
1129 3405 1220 3442 verum
1237 3385 1348 3442 hominis
1359 3403 1455 3440 nomen

216 3468 246 3506 11.
287 3453 416 3524 Equidem
440 3456 518 3508 duum
545 3473 675 3522 aseneum,
704 3471 817 3525 cumque
852 3475 908 3512 esse
926 3466 1002 3528 patet
1019 3474 1053 3511 ex
1070 3458 1138 3512 libro
1155 3473 1219 3524 vm,
1228 3463 1254 3524 4,
1265 3463 1308 3522 36,
1326 3455 1372 3510 ubi
1389 3453 1455 3508 scri·

216 3521 261 3574 vix
279 3522 413 3576 videretur
438 3525 614 3578 mercenarius
638 3540 672 3576 ex
695 3539 728 3577 eo
764 3524 818 3578 uod
852 3527 924 3580 bitur
942 3525 1049 3596 quidem
1066 3527 1114 3580 sim
1134 3525 1176 3580 lici
1190 3526 1454 3592 littersrAtturius,

215 3599 257 3644 est
281 3593 359 3644 trium
382 3589 450 3643 effici
475 3609 568 3660 posse,
601 3594 679 3646 ceteri
704 3591 753 3646 scri
773 3609 818 3646 ere
852 3596 898 3650 sed
923 3595 951 3649 in
978 3595 1084 3665 optimis
1111 3545 1183 3649 iibris
1209 3593 1350 3665 geminate.
1395 3593 1455 3646 Hoc

215 3658 305 3726 malui,
324 3659 394 3731 quod
412 3659 467 3713 siue
485 3659 567 3714 dubio
583 3660 691 3732 propius
703 3662 737 3716 sd
745 3661 818 3716 litte·
852 3673 941 3718 sutem
967 3663 1026 3718 loeo
1058 3665 1209 3718 Adarctias
1239 3661 1318 3734 vulgo
1353 3660 1454 3728 editur;

216 3745 259 3782 ras
277 3727 386 3781 accedit·
851 3731 911 3786 libri
931 3733 1098 3800 Attium-ias,
1125 3733 1302 3798 Adum'bias,
1326 3731 1454 3792 Adamas,

164 3865 167 3872 .
251 3795 317 3867 Cap.
338 3805 361 3862 7,
381 3801 402 3866 5.
423 3805 446 3851 l.
481 3817 547 3868 quae
574 3800 720 3870 Satrapene
742 3819 818 3854 vocu-
853 3803 994 3866 Athamas,
1023 3803 1162 3868 Acturrus,
1187 3801 1316 3855 Adortus.
1354 3799 1455 3852 Verum

216 3865 288 3986 aab
306 3865 381 3918 Haec
407 3877 465 3922 erat
490 3867 546 3921 sine
571 3867 651 3922 dubio
678 3871 817 3935 Sittacene,
851 3870 921 3924 idem
939 3869 1044 3924 videtur
1066 3865 1454 3940 essequit'1,81inpleris·

216 3933 237 3987 si
289 3933 373 3988 iodori
399 3937 551 3992 testimonio
578 3937 686 3991 utimur.
729 3938 818 3992 Etiam
853 3956 905 4011 que
922 3936 994 3992 libris
1011 3949 1053 3994 est
1062 3941 1186 4004 Aturrus,
1196 3938 1223 3991 in
1232 3935 1363 3991 nonnullis
1371 3937 1456 3989 Attia-

216 4001 314 4056 Strabo
346 4003 391 4056 lib.
415 4019 467 4058 xvi
497 4022 524 4074 p.
552 4013 601 4059 744
631 4005 647 4071 ἡ
674 4006 817 4072 Seruiani
851 4027 921 4074 reas,
941 4007 1039 4078 quique
1050 4014 1128 4072 Vlnl
1149 4008 1295 4076 Apionos,
1307 4005 1453 4076 Affiarrr'aa

216 4068 306 4136 πολλή
326 4089 356 4124 τε
374 4078 420 4124 καὶ
440 4073 534 4144 ἀγαθὴ
557 4079 626 4140 μέση
645 4073 819 4142 Βαβυλῶνος
852 4079 981 4142 aesarius,
1006 4078 1148 4148 Asaaries,
1174 4077 1329 4144 Aphareus,
1348 4075 1455 4142 Aptar-

216 4145 347 4192 τέτακται
369 4147 415 4193 καὶ
434 4138 587 4204 Σουσίδος,
619 4139 691 4196 uiues
711 4150 771 4199 τοῖς
789 4149 818 4196 ἐκ
852 4147 921 4212 rios,
939 4148 1062 4200 Adamas
1080 4143 1210 4198 scribitur.
1244 4143 1366 4197 Eundem
1384 4139 1455 4212 apud

217 4205 390 4274 Βαβυλῶνος
415 4211 454 4264 sie
477 4215 575 4263 Σοῦσα
595 4207 747 4292 βαδίζουσι
771 4209 818 4264 dni
851 4213 986 4268 Plutarch.
1011 4215 1044 4267 de
1067 4213 1145 4268 Alex.
1171 4212 1231 4268 fort.
1250 4220 1316 4266 orat.
1334 4227 1372 4280 11,
1395 4227 1418 4262 c.
1439 4217 1452 4262 7

216 4281 265 4340 arie
282 4277 475 4344 Σιτακηνῆοὴ
496 4275 562 4334 ὁδὸς
580 4275 685 4332 ἁπασα.
718 4284 817 4333 Verum
851 4282 973 4349 invenio,
1008 4281 1053 4336 ubi
1083 4298 1153 4336 nunc
1198 4279 1285 4335 uidem
1315 4288 1356 4334 est
1382 4275 1453 4332 «ttici

217 4345 339 4398 adversus
357 4344 436 4400 libros
455 4345 483 4399 iu
500 4362 532 4402 eo
549 4347 654 4401 nomine
668 4356 818 4404 eoustmtes
855 4354 975 4424 Ταρῥίας
999 4355 1061 4418 μὲν,
1087 4350 1134 4404 sed
1160 4299 1264 4404 videtur
1288 4347 1368 4404 tuisse
1394 4343 1450 4400 ἀλλ’

216 4411 348 4534 qoengere
365 4413 469 4470 difficile
486 4425 535 4470 est.
570 4415 660 4472 Iunius
684 4419 818 4487 Atrapene
848 4417 1007 4494 Ἀθαῤῥίασ.

269 4491 299 4536 rt.

884 2947 908 3011 s.
927 2950 951 2997 3.
987 2953 1047 2998 tune
1070 2945 1189 3024 primum
1219 2959 1268 3014 pro
1299 2939 1370 2994 vul.
1399 2949 1451 2992 tum

844 3016 960 3084 primm
979 3028 1012 3065 ex
1029 3012 1103 3065 Lerd.
1121 3013 1220 3066 Voss]
1241 3011 1321 3065 Bern.
1379 3008 1452 3062 Flor.

850 3079 992 3135 ABDFGI
1026 3081 1119 3152 recepi.
1166 3080 1233 3133 Post
1263 3079 1452 3148 quiapeauriue

841 3152 955 3221 fueruat
972 3149 1077 3203 Modius
1099 3147 1217 3202 ediderat
1235 3155 1309 3200 recte
1326 3155 1355 3200 et
1372 3145 1453 3200 libro-

850 3237 908 3272 rum
933 3237 993 3272 mss.
1015 3218 1131 3272 omnium
1174 3223 1262 3270 raeter
1284 3216 1365 3269 Bern.
1383 3215 1407 3268 B
1426 3222 1455 3268 et

1149 3237 1240 3356 i'ulgo
1258 3295 1341 3339 erant.
