3270 5290
185 4037 188 4042 .
280 4007 304 4051 et
313 3999 366 4050 nior

232 347 306 422 200
703 363 737 427 o.
766 362 890 416 suern
914 362 999 416 surr

231 553 290 652 gio
317 551 460 627 attoniti
491 549 744 642 intuebantur,
772 560 828 642 et,
846 557 1046 648 »antequam
1070 549 1136 622 lux
1162 573 1304 648 quoque
1329 559 1368 624 et
1391 573 1470 624 coe·

231 665 306 738 lum
331 665 428 765 ipsos
454 659 663 751 deficerent,
697 662 830 736 reverti
861 661 1042 736 iubebant.
1094 660 1175 736 Rex
1201 661 1375 760 castigare
1401 671 1470 735 ter·
1491 679 1525 728 14

191 781 194 786 “
230 776 319 850 ritos
351 769 567 875 supersedit:
600 782 758 848 ceterum
781 775 859 873 ipse
885 797 977 871 equo
1004 772 1164 861 desiluit,
1198 771 1381 871 pedesque
1407 798 1472 872 per
1557 797 1563 808 ·

230 887 332 961 nives
359 898 397 960 et
422 893 626 959 concretam
652 885 800 980 glaciem
824 883 964 983 ingredi
989 885 1116 982 coepit
1154 881 1386 958 Erubuerunt
1398 909 1471 958 non

203 1063 208 1076 .
233 1000 343 1098 sequi,
369 998 523 1098 primum
549 995 670 1087 amici,
705 995 834 1071 deinde
860 997 1043 1096 copiarum
1070 996 1198 1086 duces,
1233 995 1281 1068 ad
1306 997 1472 1070 ultimum

230 1113 378 1186 milites:
419 1109 623 1208 primusque
663 1133 730 1182 rex
762 1107 912 1183 dolabra
945 1108 1096 1206 glaciem
1130 1107 1352 1207 perfringens
1359 1139 1383 1198 ,·
1403 1109 1472 1182 iter

233 1224 300 1297 sibi
333 1223 432 1297 fecit:
476 1219 681 1317 exemplrun
717 1221 811 1320 regis
847 1221 956 1295 ceteri
993 1219 1122 1292 imitati
1154 1229 1248 1292 sunt.
1309 1218 1471 1296 Tandem
1492 1237 1524 1287 15

231 1333 492 1436 propemodum
523 1331 638 1404 invias
669 1331 778 1405 silvas
805 1331 954 1423 emensi,
989 1330 1136 1404 humaui
1160 1331 1277 1406 cultus
1303 1357 1386 1406 rara
1411 1357 1472 1406 ve·

234 1449 340 1546 stigio
365 1457 403 1521 et
427 1444 560 1545 passim
585 1454 745 1518 ementes
770 1469 940 1543 pecorum
970 1467 1098 1540 greges
1123 1467 1332 1542 repperere:
1359 1455 1397 1518 et
1421 1443 1472 1515 in·

155 1585 159 1598 ·
236 1560 344 1650 colae,
367 1559 427 1656 qui
454 1554 585 1655 sparsis
611 1557 762 1652 tuguriis
788 1556 1009 1645 habitabant
1023 1579 1105 1628 erun
1131 1579 1170 1627 se
1196 1553 1343 1628 callibus
1369 1555 1473 1628 inviis

236 1679 360 1768 septos
403 1694 482 1744 esse
519 1663 768 1758 credidissent,
809 1679 850 1741 ut
887 1689 1107 1766 conspexere
1141 1666 1298 1740 hostium
1332 1691 1471 1764 agmen,

235 1781 429 1856 interfectis
456 1780 518 1879 qui
543 1782 704 1856 comitari
728 1780 904 1878 fugientes
931 1805 1004 1853 non
1030 1788 1207 1877 poterant,
1225 1776 1349 1852 devios
1375 1803 1474 1851 mon-

234 1903 291 1969 tes
317 1904 355 1967 et
386 1893 528 1967 nivibus
564 1895 699 1969 obsitos
731 1893 947 1991 petiverunt.
1013 1890 1100 1964 Inde
1126 1915 1191 1989 per
1216 1890 1391 1986 colloquia
1417 1913 1474 1963 ca·
1494 1907 1526 1957 ro

236 2006 419 2105 ptivorum
444 2005 616 2104 paullatim
641 2006 783 2080 feritate
802 2003 975 2101 mitigata,
1001 2001 1182 2076 tradidere
1208 2025 1248 2076 se
1273 2001 1359 2100 regi.
1398 1998 1474 2076 Nec
1614 1993 1615 2000 ἵ

235 2117 273 2190 in
299 2116 439 2190 deditos
465 2118 610 2214 grevim
636 2116 847 2191 consultum.

340 2225 503 2300 Vastatis
537 2226 620 2301 inde
646 2228 741 2325 agris
766 2224 939 2315 Persidis,
971 2224 1129 2321 vicisque
1155 2223 1396 2321 compluribus
1422 2243 1527 2299 re-1r

239 2337 353 2412 dactis
376 2337 415 2410 in
441 2347 667 2436 potestatem,
687 2349 834 2412 ventum
860 2336 977 2410 estin
1002 2334 1210 2410 Mardorum
1234 2346 1379 2434 gentem
1396 2337 1476 2410 bel·

238 2450 385 2523 licosam
410 2459 448 2521 et
472 2450 800 2523 multumaceteris
821 2447 941 2522 Persis
969 2448 1067 2521 cultu
1092 2449 1188 2522 vitae
1216 2448 1477 2522 abhorrentem.

240 2560 375 2660 Specus
400 2561 438 2632 in
463 2560 644 2635 montibus
671 2561 827 2652 fodiunt,
861 2559 899 2631 in
925 2584 1014 2656 quos
1042 2583 1151 2656 seque
1177 2585 1219 2632 ac
1245 2561 1413 2658 coniuges
1439 2569 1478 2634 et

239 2673 370 2747 liberos
409 2669 585 2744 condunt:
629 2698 799 2773 pecorum
833 2682 898 2744 aut
932 2672 1088 2744 ferarum
1127 2695 1233 2744 carne
1273 2683 1477 2748 vescuntur.

238 2782 294 2860 Ne
319 2783 457 2859 feminis
483 2783 626 2881 quidem
651 2811 718 2885 pro
744 2793 894 2858 natiuae
912 2781 1212 2856 habitumolliora
1223 2783 1365 2882 ingenia
1378 2793 1478 2858 sunt:
1499 2803 1531 2853 rs

277 3043 300 3109 ξ.
319 3045 360 3093 ts.
396 3039 502 3092 desiluit
512 3041 644 3110 pedesque
656 3056 708 3109 per
724 3039 797 3091 nives
810 3068 846 3078 -
878 3036 983 3118 Airrisu.
1006 3037 1032 3090 in
1056 3037 1115 3091 Iud.
1132 3055 1155 3092 c
1174 3045 1204 3091 11
1224 3037 1364 3119 Persarum
1381 3037 1480 3118 vicinos

242 3107 598 3231 ‘sarranates‘
615 3127 663 3230 r
681 3107 783 3229 ur
801 3109 846 3228 r.-
879 3105 1123 3229 estserae
1138 3173 1481 3245 s...

241 3197 339 3316 pidia,
362 3245 433 3298 nives
478 3216 596 3298 suciorei
618 3217 665 3298 sed
689 3215 846 3316 integriores
879 3261 905 3314 p.
925 3248 973 3297 sot
996 3261 1034 3314 sq.
1069 3215 1132 3298 No’n
1158 3262 1211 3297 uno
1237 3244 1295 3298 loco
1317 3244 1424 3298 virebat
1450 3261 1482 3298 es

242 3311 339 3384 quique
356 3309 429 3364 Laid.
475 3318 552 3365 oss.l
572 3312 653 3366 Bern.
670 3314 697 3365 A
714 3311 785 3365 Flor.
795 3311 844 3364 AB
879 3310 967 3377 natio,
993 3313 1039 3366 sed
1061 3311 1211 3382 regionibus
1228 3312 1333 3381 dissita,
1355 3311 1377 3366 si
1403 3311 1481 3366 unius

242 3399 291 3452 pro
317 3379 388 3448 vulg.
410 3380 501 3433 nivem.
537 3379 582 3433 Sic
604 3379 685 3434 etium
707 3390 770 3435 ants
785 3397 846 3449 per-
880 3388 942 3434 sunt
967 3377 1081 3434 uddonis
1104 3381 1150 3502 gui
1168 3380 1256 3434 Mardi
1279 3382 1313 3436 ud
1331 3380 1438 3434 Mediae
1454 3389 1484 3434 ot

237 3450 347 3571 praelarga⁸
355 3449 464 3570 oppitpogt
485 3448 589 3502 niuibus
610 3455 639 3501 et
664 3457 725 3520 post
748 3457 845 3502 montes
878 3447 1295 3572 Hffimgeheifflirgiw
1312 3449 1484 3506 Bactrianos·

244 3536 298 3570 mvl
396 3534 418 3570 82
463 3555 469 3567 ·
901 3535 917 3569 u
969 3535 986 3570 n
1050 3535 1094 3572 al
1142 3535 1197 3572 Ul.

250 3627 253 3636 .
279 3588 302 3654 ς.
331 3590 371 3638 15.
413 3601 506 3654 propes
535 3589 681 3654 repperere]
725 3584 846 3638 Verbum
881 3533 943 3638 qia
961 3604 1023 3655 quos
1041 3603 1116 3656 seque
1134 3605 1166 3641 oc
1179 3589 1313 3660 conlapsa]
1332 3587 1377 3642 sio
1385 3585 1485 3658 primus

244 3652 342 3734 duplici
369 3652 444 3706 litera
464 3670 486 3722 p
514 3652 542 3706 in
573 3653 678 3724 optimis
713 3652 844 3708 codicibus
879 3653 988 3708 Modius
1015 3655 1156 3709 secundum
1186 3655 1266 3711 libros
1301 3655 1391 3727 quales
1421 3664 1486 3710 suut

243 3723 318 3777 Lerd.
345 3721 424 3775 Voss.
453 3729 465 3775 1
494 3721 573 3776 Rern.
599 3723 625 3776 A
652 3722 723 3778 Flor.
743 3721 794 3776 AB
817 3735 846 3776 et
879 3721 962 3776 nostri
980 3720 1062 3777 Bern.
1079 3726 1106 3777 A
1122 3723 1194 3778 Flor.
1205 3724 1293 3792 ABG,
1311 3733 1391 3779 antes
1407 3742 1436 3780 ee
1453 3743 1486 3778 oe

246 3791 303 3846 aliis
327 3789 458 3844 nonnullis
482 3789 620 3859 scribitur,
646 3810 698 3863 qua
719 3792 753 3846 de
770 3807 800 3845 re
816 3809 851 3844 ue
885 3793 1015 3861 coniupes.
1034 3791 1118 3848 Codd.
1136 3793 1279 3848 deteriores
1296 3793 1485 3863 variantiquos

244 3860 320 3933 plura
336 3859 461 3913 disseram
477 3869 600 3914 soeurats
617 3859 733 3915 conradi
742 3859 853 3916 Schnei·
886 3877 1076 3930 quoequeseoc
1093 3861 1164 3916 Flor.
1178 3861 1263 3930 OEH,
1282 3881 1345 3934 quos
1363 3881 1396 3933 ou
1454 3879 1485 3916 ue

133 3935 138 3944 ’
246 3929 302 3983 deri
320 3927 365 3981 dili
386 3927 457 4002 entis
474 3927 538 3982 facit
567 3928 650 3982 Elem.
667 3948 694 4001 p.
708 3937 757 3986 tes
777 3946 850 4000 seqq.
884 3945 913 3982 se
930 3927 1100 3998 acFlor.DI,
1118 3948 1180 4001 quos
1198 3932 1304 4002 quisque
1318 3949 1346 3986 se
1363 3949 1396 3988 oc
1413 3930 1485 3986 For.

363 3946 416 4076 dag
431 3997 525 4052 obsitos
540 3969 696 4078 boc-ouliue
710 4000 850 4078 verborum
884 3995 916 4063 F,
935 4015 997 4067 quos
1015 4017 1111 4068 quoque
1128 4017 1156 4052 se
1173 4017 1206 4052 oc
1223 3999 1304 4054 Bern.
1322 3999 1356 4068 B,
1374 4017 1486 4070 quosque

245 4083 336 4122 omnes
354 4066 466 4129 codices,
485 4065 531 4118 sed
549 4065 651 4119 nimbus
669 4085 724 4120 non
741 4077 782 4120 est
798 4085 849 4120 mss
884 4083 960 4136 seque
977 4067 1091 4121 traditur
1113 4083 1171 4121 esse
1187 4065 1216 4121 in
1232 4068 1309 4122 Voss.
1326 4075 1350 4124 2.
1385 4067 1487 4122 Noster

246 4135 274 4190 in
291 4133 371 4188 Bern.
388 4135 414 4186 A
431 4132 502 4187 Flor.
520 4133 569 4186 AB
587 4132 672 4202 Leid,
689 4135 783 4206 reliqui
801 4154 849 4188 ηα-
883 4149 946 4202 vus,
958 4143 989 4189 15
1007 4138 1080 4190 mile
1098 4153 1173 4205 seque
1191 4146 1214 4190 et
1232 4155 1308 4191 orreo
1325 4147 1486 4204 salestam,

247 4205 330 4271 bibus,
348 4201 429 4255 etism
445 4201 521 4256 Voss.
541 4209 554 4256 1
574 4209 602 4254 ct
619 4201 702 4258 Modii
720 4205 849 4258 membra·
883 4201 973 4257 Livius
983 4211 1132 4270 V,49et51
1151 4207 1199 4258 sed
1215 4207 1303 4276 diique
1320 4217 1345 4260 et
1360 4207 1486 4272 homines,

247 4289 298 4325 nse
315 4287 379 4343 ques
396 4269 468 4324 dicit.
881 4286 915 4339 11,
934 4280 966 4327 59
984 4291 1013 4326 co
1025 4290 1126 4343 pavore
1143 4273 1270 4344 signoque
1283 4284 1307 4327 et
1315 4275 1421 4328 ordines
1430 4285 1486 4328 tur·

284 4344 306 4408 §.
326 4346 368 4394 17.
397 4339 556 4394 Mardorum
570 4351 673 4410 pentem
690 4341 848 4409 bellicosam]
883 4341 1351 4408 bovit,xxv,14ececrotusinde
1368 4361 1396 4400 se
1414 4361 1444 4398 ue
1462 4353 1486 4396 et

248 4409 338 4490 Vulgo
355 4409 578 4464 bellicosissimum
606 4411 652 4464 sed
666 4409 849 4464 oontrefidem
882 4411 1017 4464 colonen.
1048 4408 1119 4463 Vide
1154 4409 1212 4464 lura
1229 4411 1276 4464 sed
1293 4409 1378 4466 mixtu
1422 4409 1486 4466 'onis

249 4477 322 4534 libus
343 4474 469 4532 debitum.
508 4475 550 4532 De
575 4448 676 4534 blardis
704 4476 758 4550 his,
783 4495 849 4552 quos
883 4479 953 4552 apud
970 4477 1055 4534 Drsk.
1073 4477 1108 4532 ed
1148 4478 1182 4534 iv.
1199 4491 1229 4548 x,
1247 4485 1291 4548 80,
1311 4487 1334 4534 2.
