3214 5288
502 391 552 440 os
580 389 706 441 222222
731 389 841 440 Atax.
868 391 919 458 111,
946 387 988 434 22.
1320 375 1368 446 37

133 573 330 671 capiebant.
389 567 462 646 Sed
501 572 580 670 ipsa
609 573 789 646 festinatio
825 572 1099 646 discurrentium
1134 599 1288 672 suosque
1322 577 1370 650 ad

77 701 111 750 ae
131 708 233 758 arma
266 682 474 759 vocantium
506 683 678 758 maiorem
709 693 846 758 metum
876 683 1035 758 incussit.
1087 681 1159 757 Alii
1184 686 1221 758 in
1246 687 1370 784 iugum

128 795 262 868 montis
298 804 504 884 evaserant,
543 804 585 866 ut
617 794 775 868 hostium
815 819 954 892 agmen.
982 795 1065 870 inde
1105 797 1368 895 prospicerent:

129 931 243 1003 equos
268 905 428 1004 plerique
452 905 652 978 frenabant.
704 903 850 981 Discors
877 908 1065 998 exercitus,
1092 932 1158 980 nec
1184 905 1231 980 ad
1258 925 1371 984 unum

75 1017 290 1089 2212122122
325 1015 528 1114 imperium,
561 1016 663 1089 vario
694 1017 852 1092 tumultu
884 1028 1013 1094 cuncta
1040 1017 1258 1092 turbaverat.
1297 1015 1368 1090 Da-

127 1151 214 1201 reus
252 1127 352 1200 initio
389 1127 511 1225 iugum
550 1126 683 1199 montis
724 1151 805 1200 cum
837 1139 940 1225 parte
975 1129 1157 1226 copiarum
1194 1153 1376 1226 occupare.

128 1238 267 1328 statuit,
294 1247 332 1313 et
357 1263 380 1310 2
403 1239 522 1310 fronte
549 1247 586 1310 et
607 1262 630 1310 2
650 1248 752 1335 tergo
779 1237 1026 1314 circumiturus
1052 1239 1204 1331 hostem,
1231 1266 1253 1312 2
1278 1241 1369 1312 mari

128 1373 287 1445 quoque,
321 1373 394 1445 quo
421 1346 590 1421 dextrum
616 1348 692 1422 eins
718 1374 831 1422 cornu
856 1352 1062 1449 tegebatur,
1096 1352 1184 1424 alios
1211 1350 1368 1426 obiectu·

72 1475 108 1524 22
128 1484 207 1548 rus,
244 1469 285 1532 ut
311 1457 469 1556 undique
496 1470 649 1556 urgeret.
702 1457 852 1534 Praeter
876 1460 966 1536 haec
991 1462 1120 1559 viginti
1144 1463 1241 1540 milia
1267 1486 1367 1559 prae·

85 1589 87 1592 ·
126 1569 238 1642 missa
262 1594 346 1642 cum
374 1571 639 1669 sagittariorum
663 1595 787 1659 manu,
819 1567 991 1644 Pinarum
1017 1597 1174 1662 amnem,
1207 1573 1267 1669 qui
1294 1572 1367 1646 duo

127 1681 271 1776 agmina
296 1680 543 1773 interfluebat,
576 1681 746 1772 transire,
782 1692 819 1755 et
845 1681 998 1756 obiicere
1024 1705 1103 1758 sese
1128 1681 1366 1758 Macedonum

127 1789 237 1887 copiis
264 1791 433 1864 iusserat:
461 1792 490 1864 si
516 1791 554 1865 id
579 1803 762 1890 praestare
788 1817 861 1866 non
887 1805 1051 1891 possent,
1077 1792 1302 1868 retrocedere
1328 1795 1367 1866 in

70 1917 106 1964 29
125 1911 278 1992 montes,
307 1913 345 1974 et
370 1903 508 1976 occulte
534 1903 717 1977 circumire
743 1903 887 1976 ultimos
913 1905 1079 1976 hostium.
1120 1901 1289 1978 Ceterum
1307 1902 1366 1976 de-

125 2011 261 2084 stinata
292 2013 483 2086 salubriter
515 2015 612 2086 omni
642 2014 781 2086 ratione
807 2014 989 2110 potentior
1013 2008 1159 2086 fortuna
1185 2011 1365 2086 discussit:

69 2140 107 2188 80
126 2123 259 2219 quippe
286 2123 346 2195 alii
371 2148 458 2222 prae
484 2134 583 2198 metu
608 2123 797 2222 imperium
823 2123 953 2220 exequi
978 2149 1051 2196 non
1078 2121 1278 2215 audebant,
1305 2123 1364 2196 alii

123 2231 262 2305 frustra
287 2235 566 2332 exequebantur,
594 2235 692 2332 quia,
718 2235 780 2309 ubi
806 2243 927 2332 partes
953 2234 1091 2325 labant,
1127 2257 1267 2308 summa
1292 2244 1365 2308 tur-

124 2342 246 2414 batur.

68 2475 117 2522 nt
230 2449 338 2527 Acies
373 2465 494 2529 autem
528 2455 597 2527 hoc
631 2453 740 2528 modo
776 2455 885 2528 stetit.
938 2452 1167 2530 Nabarzanes
1202 2452 1413 2552 equitatu23

123 2561 296 2636 dextrum
323 2589 436 2638 cornu
462 2566 646 2656 tuebatur,
678 2563 809 2638 additis
835 2563 1057 2638 funditorum
1084 2565 1364 2662 sagittariorum·

85 2700 193 2772 oque
219 2675 349 2772 viginti
374 2677 447 2750 fere
473 2676 625 2748 milibus.
677 2673 719 2748 ln
747 2674 873 2749 eodem
900 2673 1106 2774 Thymodes
1134 2687 1226 2766 erat,
1255 2673 1363 2750 Grae-

121 2785 172 2858 cis
198 2785 383 2883 peditibus
409 2784 572 2859 mercede
599 2783 783 2858 conductis
804 2787 951 2884 triginta
968 2786 1110 2859 milibus
1127 2789 1362 2884 praepositus.

119 2893 201 2967 Hoc
233 2905 314 2969 erat
348 2896 447 2969 haud
485 2895 592 2969 dubie
629 2896 741 2970 robur
778 2897 972 2983 exercitus,
1014 2920 1080 2992 par
1111 2895 1363 2972 Macedonicae

83 3005 290 3102 :phalangi
317 3006 421 3078 acies.
474 3005 515 3078 122
546 3007 649 3079 laevo
684 3030 794 3078 cornu
820 3002 1067 3077 Aristomedes
1094 3003 1286 3077 Thessalus
1312 3006 1362 3078 vi-

119 3115 214 3212 ginti
239 3115 335 3188 milia
360 3116 597 3190 barbarorum
629 3113 792 3213 peditum
817 3113 984 3188 habebat.
1037 3111 1079 3186 ln
1105 3113 1272 3186 subsidiis
1298 3139 1361 3210 pu·

118 3313 147 3366 in
164 3313 247 3367 Bern.
265 3316 290 3368 Α
309 3314 385 3368 Laid.
403 3313 511 3368 Vossl
537 3314 608 3370 Flor.
626 3315 658 3379 B,
676 3315 723 3369 sed
758 3315 863 3368 dubiam
881 3315 961 3368 robur
978 3313 1126 3385 significare
1169 3313 1222 3367 uod
1239 3313 1295 3367 21222
1312 3315 1360 3368 dn-

117 3382 219 3452 legitur
236 3382 264 3436 in
281 3382 391 3452 reliquis
409 3382 518 3451 22221212,
545 3391 576 3436 ut
594 3392 723 3454 appareat
757 3382 801 3436 bio
818 3384 900 3436 robur
916 3391 999 3450 esset,
1026 3381 1081 3435 eive
1104 3400 1140 3452 qu
1192 3381 1361 3436 hauddubie

116 3467 153 3503 ne
179 3450 239 3504 illos
268 3451 376 3521 quidem
403 3451 516 3520 optimos
542 3452 597 3506 sine
622 3451 724 3506 mendis
757 3450 847 3505 vocari
872 3460 963 3521 posset
988 3452 1084 3512 robur,
1111 3449 1209 3504 elocis
1234 3449 1360 3518 Liuianis,

116 3517 722 3590 esse,quamquamdirersisareliquorumlabe.
759 3537 825 3589 qnos
851 3519 987 3574 Drakenb.
1014 3519 1048 3572 ad
1073 3517 1131 3572 Liv.
1154 3531 1263 3598 mlv,
1281 3525 1360 3586 43,5

152 3590 229 3664 §.tt
248 3589 339 3656 layum
358 3588 463 3656 montis]
483 3587 528 3640 Sic
545 3605 605 3641 msa
624 3605 722 3653 omnes,
759 3587 867 3657 collegit
891 3596 923 3642 ut
946 3586 1126 3644 coniecturam
1144 3583 1271 3640 Gronorri
1289 3589 1363 3641 laud

116 3653 187 3706 editi
207 3663 318 3723 praeter
334 3653 492 3708 Modianum
512 3657 606 3710 montis
625 3658 721 3724 inqua.
759 3657 851 3710 dubios
868 3657 952 3710 1222122
970 3656 1110 3724 probaret,
1138 3671 1192 3708 non
1209 3671 1360 3724 usquequa-

156 3720 225 3791 Cap.
243 3729 286 3789 28,
305 3725 328 3790 ξ.
346 3729 370 3776 2.
406 3725 452 3776 loc
474 3734 530 3776 erat
552 3725 724 3778 hauddubie
759 3739 810 3794 que
829 3731 931 3777 certum
952 3730 1005 3776 est:
1031 3723 1083 3776 1222
1110 3729 1183 3776 certe
1200 3721 1260 3776 loco
1278 3721 1360 3776 ambi-

116 3790 204 3842 rolmr
221 3791 358 3858 exercitus}
393 3790 437 3844 De
453 3791 505 3844 hoc
522 3790 582 3845 loco
599 3790 722 3844 difficilli-
757 3792 887 3862 guttatam
905 3807 995 3844 222222
1013 3791 1124 3844 haberet
1141 3808 1157 3844 a
1175 3806 1228 3860 qua
1245 3791 1360 3860 scriptor

114 3873 193 3910 mum
217 3865 260 3910 eat
286 3858 445 3912 constituere
469 3861 612 3912 secundum
630 3867 721 3913 22212-
757 3867 848 3914 noster
865 3867 981 3914 remotus
999 3866 1047 3912 est.
1073 3859 1175 3912 Contra
1192 3859 1360 3913 hauddubie

113 3925 227 3980 ritatem
245 3925 373 3980 librorum
395 3945 455 3981 mss.
489 3927 563 3981 Editi
585 3926 655 3981 enim
676 3929 723 3981 loc
757 3929 837 3981 robur
848 3927 975 3981 Livianae
993 3925 1098 3980 dicendi
1116 3926 1299 3980 consuetudini
1318 3943 1359 3980 re·

113 4004 174 4073 erat
192 3996 267 4048 land
283 3996 390 4074 duliam
407 3997 487 4075 rodqr
509 4013 548 4048 22.
571 4011 621 4050 nec
639 3996 673 4049 ab
691 4012 723 4050 ea
757 3996 884 4066 spondet:
902 3995 962 4049 vide
979 3995 1092 4048 etmdem
1106 3993 1242 4074 Drakeub.
1258 3994 1359 4048 adLiv.

112 4069 437 4210 fflfflffiffi
445 4064 721 4210 t‘llffild‘dl?
756 4071 912 4211 1131111ξὲ·
931 4063 1248 4210 idqlbffilllffl
1248 4065 1359 4201 11111

113 4199 140 4251 A
158 4201 224 4252 12222
250 4199 382 4252 exhibent
407 4197 719 4253 etsohIeid.Voes.1
757 4207 834 4281 potui
851 4202 913 4253 12222
922 4215 1049 4269 recipere,
1087 4215 1192 4252 nomam
1201 4199 1360 4268 quoeprod-

114 4267 210 4334 dubie,·
245 4267 311 4320 item
329 4267 432 4320 lindius
455 4269 531 4321 dabie
552 4267 649 4333 edidit,
677 4268 723 4320 sed
757 4277 809 4322 rret
826 4267 951 4322 intercisa
969 4217 1133 4321 22211211222
1151 4268 1358 4334 2211122άά2-

133 4333 237 4388 uamvis
256 4335 466 4405 reprehenderet
488 4335 641 4406 vulgatam,
668 4353 723 4390 non
758 4339 826 4390 bium
845 4335 1139 4390 2122222112221122
1157 4337 1360 4404 exercitamur

133 4402 180 4455 'cit
199 4411 293 4456 tamen
311 4411 402 4456 utmm
420 4404 453 4456 de
472 4403 623 4458 coniectura
640 4421 674 4456 an
688 4420 722 4457 ex
757 4405 945 4458 Macedonicae
957 4405 1090 4473 plolonpi
1099 4404 1169 4456 acies
1178 4402 1273 4456 nemini
1284 4410 1358 4457 certe

113 4471 280 4526 auctoritate
304 4470 366 4525 libri
383 4489 431 4526 me.
449 4472 602 4527 emendarit.
639 4473 723 4525 Hand
756 4472 863 4544 probari
881 4480 978 4544 potest.
