3268 5286
251 332 327 418 318
742 353 775 416 o.
795 353 919 406 curru
943 353 1028 405 auri

253 535 342 610 risse
367 536 418 608 eit
444 559 493 626 se,
518 533 676 610 insidiari
703 536 736 610 ei
759 535 1027 636 Dataphernem
1041 547 1078 610 et
1092 535 1273 626 Catenem,
1299 544 1340 607 ut
1366 534 1492 609 vivum

253 645 463 720 Alexandro
489 645 675 722 traderent
699 650 891 748 agitantem
933 675 956 722 a
982 665 1095 725 semet
1126 639 1320 744 occupatos
1347 669 1427 720 esse
1452 655 1492 718 et

255 757 394 831 vinctos
421 759 543 832 teneri.
596 758 728 834 Bessus
747 771 849 835 tanto
862 761 1000 853 merito,
1027 771 1069 834 ut
1095 758 1273 848 credebat,
1300 757 1490 856 obligatus,
1511 776 1547 824 28

253 871 384 967 partim
409 869 542 968 gratias
568 872 652 968 agit,
677 873 808 968 partim
834 874 962 949 avidus
989 871 1156 970 explendi
1182 869 1343 969 supplicii
1361 866 1494 941 adduci

255 1007 316 1054 eos
342 981 450 1054 iubet
502 980 557 1054 Illi
581 983 745 1056 manibus
772 1009 837 1058 sua
864 997 992 1085 sponte
1017 984 1185 1084 religatis,
1212 1007 1235 1054 a
1259 979 1492 1078 participibus
1512 996 1550 1044 us

256 1092 392 1166 consilii
416 1092 670 1167 trahebantur:
713 1121 802 1192 quos
829 1095 960 1172 Bessus
992 1097 1085 1170 truci
1110 1095 1214 1170 vultu
1239 1093 1382 1166 intuens
1409 1115 1491 1164 oon·

254 1204 384 1302 surgit,
419 1204 583 1278 manibus
614 1231 687 1280 non
720 1219 992 1307 temperaturus.
1045 1208 1166 1306 Atque
1192 1195 1241 1278 illi
1266 1201 1493 1278 simulatione

256 1316 388 1390 omissa
414 1314 679 1391 circumsistunt
704 1344 796 1410 eum,
823 1331 860 1394 et
885 1323 1018 1396 frustm
1043 1325 1303 1418 repugnantem
1321 1314 1493 1405 vinciunt,

256 1425 395 1524 direpto
424 1451 471 1500 ex
497 1428 611 1526 eapite
637 1431 738 1527 regni
762 1431 906 1529 insigni,
940 1434 1166 1528 lacerataque
1191 1437 1309 1518 veste,
1337 1451 1443 1524 quam
1470 1449 1492 1497 e

256 1539 377 1637 spoliis
409 1540 514 1612 occisi
548 1541 643 1638 regis
677 1540 852 1616 induerat
905 1542 969 1618 Ille
994 1543 1081 1616 deos
1108 1539 1162 1615 sui
1189 1538 1331 1612 sceleris
1357 1539 1492 1610 ultores
1514 1555 1549 1603 25
1624 1547 1625 1550 ’

257 1650 383 1724 adesse
410 1653 610 1743 confessus,
644 1653 790 1744 adiecit,
824 1679 897 1728 non
924 1653 1043 1727 Dareo
1069 1654 1209 1750 iniquos
1234 1650 1360 1740 fuisse,
1387 1673 1494 1746 quein

257 1762 308 1835 sio
333 1762 602 1855 ulciscerentur,
638 1763 703 1838 sed
728 1763 936 1838 Alexandro
961 1765 1154 1862 propitios,
1181 1762 1280 1836 euius
1307 1759 1494 1833 victoriam

257 1899 398 1974 semper
424 1876 531 1949 etiam
562 1876 675 1950 hostis
707 1874 912 1950 adiuvisset
964 1873 1158 1949 Multitudo
1190 1899 1238 1947 an
1268 1871 1495 1946 vindicatura
1514 1887 1549 1938 us

257 1985 409 2062 Bessum
434 1988 557 2078 fiierit,
577 1987 757 2062 incertum
784 1998 854 2080 est,
881 1986 949 2061 nisi
974 1986 1039 2077 illi,
1067 1987 1126 2084 qui
1152 1987 1360 2075 vinxerant,
1395 1984 1495 2057 iussu

293 2207 315 2272 ς.
334 2212 376 2260 22.
400 2215 537 2276 occupator
555 2207 750 2260 esseetvinctos
769 2207 859 2260 tenea.
893 2205 944 2260 AB
962 2203 1036 2260 Leid.
1060 2223 1119 2262 euin
1137 2203 1193 2258 aliis
1215 2203 1347 2259 nonnullis
1363 2211 1393 2258 et
1410 2203 1498 2258 tribus

260 2272 416 2327 coniunctio
429 2273 561 2328 etalibris
577 2274 650 2328 mstis
668 2274 787 2329 omnibus
804 2275 860 2326 sere
894 2272 1020 2328 Parisinis
1037 2275 1141 2346 iniitque
1158 2273 1272 2341 habent,
1292 2289 1340 2328 nee
1358 2289 1390 2326 eo
1408 2280 1498 2326 tumen

257 2341 343 2408 abest,
361 2342 567 2412 puuoeinuture
577 2343 641 2396 nieii
659 2343 730 2397 soliis
746 2343 817 2396 Flor.
827 2342 859 2394 B.
895 2342 978 2397 secius
994 2341 1160 2398 librariorum
1176 2359 1292 2396 errorem
1310 2341 1439 2396 existimo.

293 2413 315 2490 ἦ.
335 2417 376 2464 24.
413 2411 497 2482 Atque
524 2412 572 2466 illi.
615 2411 659 2466 Sic
684 2428 774 2466 omnes
799 2409 861 2464 libri
930 2429 1008 2482 quum
1026 2428 1039 2463 e
1056 2413 1147 2482 spoliis
1164 2443 1198 2452 -
1215 2413 1346 2465 induerat.
1380 2407 1498 2490 Intelligi'

258 2495 310 2532 mei
327 2477 407 2531 etium
420 2487 474 2532 tres
483 2477 595 2532 Paiisini
608 2487 636 2532 et
645 2478 725 2534 editio
734 2478 867 2532 Modiana-
895 2497 913 2532 n
947 2477 987 2532 uit
1004 2477 1113 2560 vulgatu
1130 2497 1208 2549 quom
1258 2480 1318 2532 otiis
1336 2480 1497 2546 occisireyis

259 2550 432 2617 (quamquam
449 2547 530 2601 Snnli.
548 2565 629 2600 unum
647 2549 752 2603 Voss.2
771 2555 861 2601 aueto-
901 2550 906 2562 '
943 2557 1032 2615 uerat,
1059 2556 1151 2628 itaque
1173 2547 1204 2600 M
1240 2565 1280 2601 ius
1306 2547 1384 2600 edera
1410 2544 1499 2615 coepit

258 2631 315 2670 rem
337 2616 443 2684 laudat)
470 2632 520 2686 pro
546 2615 656 2686 vulgato
683 2626 718 2670 ut.
761 2615 861 2670 Recte:
895 2618 1231 2696 quamspoli'wnmduerul,
1246 2615 1499 2686 eouieeturapurum

259 2701 320 2737 nain
338 2683 375 2737 sio
391 2684 474 2739 solere
492 2683 519 2737 iii
536 2683 667 2764 principio
680 2683 781 2756 periodi
789 2683 861 2738 illam
895 2683 1042 2756 probabili,
1073 2683 1199 2756 quoniam
1224 2681 1331 2739 Curtius
1356 2701 1389 2736 eo
1414 2683 1498 2736 verbo

260 2751 472 2836 coniunctionem
480 2771 554 2834 'poni
569 2752 783 2808 animadvertisse
798 2751 861 2806 mihi
896 2771 951 2806 non
968 2752 1050 2834 utitur
1067 2752 1095 2806 iii
1112 2769 1221 2833 numeru
1239 2751 1372 2833 singulari.
1399 2749 1499 2831 Quidni

259 2821 364 2970 3330ἱέ
382 2825 500 2960 titt
517 2822 753 2946 {itidildp‘ii
768 2829 862 2944 ,tlt
895 2831 996 2943 liii?
1021 2820 1342 2962 lbffiqtlmffltmalil
1359 2821 1500 2944 έᾯὼῖἒιῗ

259 2957 377 3040 iuRull.
395 2967 462 3041 orat.
485 2965 575 3042 ²⁰1⁶
595 2963 677 3033 §.¹15.
713 2961 798 3030 Atque
816 2975 862 3029 eqo
897 2957 971 3012 Leid.
1016 2976 1066 3039 oss.
1087 2957 1199 3039 ¹.B‘³¹'¹!:
1217 2959 1243 3011 A
1260 2957 1332 3014 Flor.
1347 2958 1397 3011 AB
1414 2955 1498 3036 Paria

260 3031 862 3176 tristantium“attur
897 3027 1018 3152 tau.
1031 3025 1397 3166 immutat
1413 3024 1499 3080 a,

260 3167 306 3219 ubi
332 3165 501 3244 fortissimam
523 3173 715 3236 oppositionem
732 3173 861 3245 expectes.
917 3167 954 3245 Ιξ.
972 3170 1014 3245 25.
1041 3181 1114 3234 quem
1131 3166 1170 3218 sic
1187 3163 1499 3244 οὶοίεοονοηζιιν-οιιίιο

260 3231 862 3382 ᾗξῧὶἶοῖὶὲ·σῗὶοὲῗι,“ἷὲιὲῗέιῖιεηῖἶ’ἵιῖ3τὲξ
896 3229 1500 3372 tttttltttttttttttttt

279 3379 362 3448 ravit,
388 3387 441 3449 pro·
460 3375 492 3422 σο
511 3369 584 3440 quod
601 3376 642 3424 est
667 3371 788 3436 levero,
815 3369 862 3422 ubi
896 3369 1092 3425 intellexerunt.
1112 3369 1209 3424 Proeo
1236 3369 1421 3440 uodestquem
1429 3367 1500 3421 rior.

258 3387 390 3517 lleusing.
409 3436 503 3517 'simile
533 3437 681 3508 exemplum
711 3436 803 3492 laudat
828 3455 862 3490 ex
897 3437 972 3492 ABG
991 3437 1068 3492 Voss.
1087 3445 1100 3491 1
1120 3437 1204 3492 Paria.
1248 3437 1270 3492 C
1292 3438 1392 3492 hubent
1413 3453 1500 3508 quum

259 3511 370 3585 epistt
397 3505 457 3558 libri
478 3519 507 3572 v,
531 3507 587 3573 §.7
615 3506 700 3576 Atque
726 3509 783 3572 ille,
811 3524 863 3576 qua
898 3504 953 3559 sine
971 3521 1057 3574 sensu,
1075 3505 1103 3560 ui
1120 3506 1267 3588 oorrigutur
1281 3509 1411 3577 quonium,
1429 3503 1500 3558 Flor.

261 3575 453 3711 {bilbili}
471 3575 863 3698 tltttattttt‘t‘tt
895 3573 992 3698 Edi*
1009 3575 1310 3698 lffim'lu‘i
1325 3572 1501 3696 ‘damasii

262 3709 316 3764 Sed
333 3717 422 3791 tamen
439 3682 518 3792 etiaid
536 3721 559 3764 et
570 3710 712 3782 aliquando
729 3645 863 3766 sortidreid
896 3661 1090 3782 llagismedim,
1110 3661 1370 3782 quopigpgxoznppffi
1385 3709 1501 3764 maslin-

262 3777 329 3832 huno
354 3777 570 3850 siguifioutionem
594 3779 694 3848 habet,
725 3779 785 3834 vide
810 3795 862 3848 vn,
897 3780 962 3834 berit
988 3783 1036 3834 sed
1059 3782 1213 3836 Alexandro
1241 3782 1371 3850 propitios
1407 3777 1500 3848 (Mod.

263 3853 306 3914 24,
325 3853 366 3902 40.
891 3850 1008 3920 propitio
1026 3865 1086 3904 suos
1107 3847 1188 3904 libros
1210 3848 1293 3904 trudit
1310 3846 1448 3913 exhibere,
1471 3855 1502 3898 ut

297 3917 372 3996 regni
389 3918 500 3997 insipat]
533 3915 577 3970 De
593 3916 741 3976 oonieotura
758 3915 865 3972 Freins-
898 3935 964 3972 unus
988 3916 1071 3970 Paris.
1089 3917 1132 3984 A)
1160 3919 1287 3972 bucculas
1314 3917 1449 3972 moenitum
1475 3927 1502 3968 et

261 3983 340 4038 liemii
358 3984 385 4038 iii
403 4002 490 4055 priore
507 3984 623 4040 editione
645 3987 769 4040 dederam
791 3987 863 4056 rapio
898 3985 977 4039 Beria
995 3987 1021 4039 A
1049 3982 1122 4040 Leid.
1140 3989 1215 4041 Voss.
1241 3993 1252 4040 1
1282 3985 1354 4040 Flor.
1372 3982 1502 4038 ABEGH

262 4055 371 4123 insipat,
389 4070 460 4108 nuno
470 4054 550 4107 redeo
560 4054 594 4106 ad
603 4063 766 4109 constantem
784 4053 865 4109 libiu-
898 4053 981 4108 Paris.
996 4053 1069 4109 ABG
1088 4055 1259 4122 adiuvissent,
1277 4072 1336 4109 cum
1353 4071 1386 4108 eo
1403 4061 1434 4106 ut
1450 4051 1503 4106 aiii-

262 4139 321 4175 rum
338 4119 499 4201 scripturam.
534 4121 606 4174 Nam
623 4123 680 4176 soni
706 4121 864 4193 asperitatis,
935 4123 1016 4176 larem
1038 4125 1116 4176 bostis
1141 4131 1253 4177 servent.
1288 4123 1365 4178 Unus
1390 4121 1462 4176 Flor.
1480 4120 1503 4174 F

261 4207 329 4261 quae
346 4189 471 4261 imprimis
489 4207 531 4242 me
548 4188 644 4256 movit,
669 4189 744 4244 nimis
767 4191 866 4246 ineerta
917 4202 983 4246 ostes
1002 4193 1177 4260 adimunt,
1190 4191 1218 4248 F
1219 4191 1266 4246 lor.
1285 4189 1310 4243 D
1328 4193 1408 4244 tostis
1426 4191 1503 4244 uddu-

261 4257 331 4312 ratio
348 4267 397 4312 est.
433 4258 475 4312 Cf.
491 4259 526 4311 ud
535 4265 643 4328 capit.
662 4258 763 4330 Regiae
780 4259 865 4330 digni·
899 4263 975 4314 vi'sse.
1010 4259 1064 4314 Sed
1086 4269 1159 4316 reete
1176 4259 1261 4314 Aldus
1285 4261 1359 4314 cuius
1382 4257 1446 4313 feeit
1468 4274 1502 4310 ex

263 4327 326 4382 tatis
344 4326 445 4396 insigne
468 4326 536 4380 tiara
557 4333 633 4380 rectu
657 4325 733 4397 ὀρθή
755 4327 809 4386 sive
827 4334 866 4382 ul·
900 4346 931 4384 eo
968 4329 1021 4383 uod
1038 4336 1078 4382 est
1095 4330 1237 4396 insecutos,
1262 4345 1342 4399 quem
1366 4344 1406 4382 ne
1421 4325 1503 4382 ueteri

264 4392 342 4476 dapis
360 4403 410 4476 eat.
428 4393 528 4450 Verum
540 4393 616 4475 multi
633 4396 735 4452 eodiues
752 4403 780 4452 et
817 4415 866 4450 uos
901 4347 1009 4470 quidem
1026 4397 1139 4454 editores
1157 4397 1337 4454 deserueniut

262 4472 448 4537 integerrimos
467 4481 637 4537 eognovimus
654 4466 734 4521 Beru.
751 4468 778 4519 A
794 4415 866 4522 dlor.
