3158 5294
254 397 328 468 480
469 391 473 403 ’
731 417 766 480 Q.
794 415 917 468 cumn
941 417 1028 468 anm

249 610 379 698 trapen
405 600 510 691 misit,
538 600 599 696 qui
623 600 764 675 iuberet
789 601 933 674 camelis
956 611 1059 674 cocta
1079 599 1212 673 cibaria
1229 600 1387 674 afferre:
1419 602 1502 673 alios

225 701 481 786 ..finitimarum
508 713 693 810 regionum
724 712 924 810 praefectos
957 713 1126 786 certiores
1157 712 1390 787 necessitatis
1421 737 1500 786 suae

252 823 344 895 fecit.
402 821 477 897 Nec
512 835 691 897 cessatum
726 835 782 899 est
813 824 859 898 ab
893 825 959 897 his.
1017 823 1143 920 ltaque
1177 823 1270 896 fame
1304 821 1533 896 dumtaxat

160 956 165 966 ·
250 933 450 1009 vindicatus
483 937 662 1010 exercitus
695 934 841 1010 tandem
867 935 904 1007 in
931 931 1123 1009 Cedrosiae
1154 936 1243 1008 fines
1273 934 1500 1033 perducitur.

252 1041 421 1122 Omnium
454 1071 574 1121 rerum
606 1049 682 1120 sola
712 1047 837 1121 fertilis
869 1046 968 1144 regio
1001 1058 1072 1139 est,
1106 1048 1144 1121 in
1171 1072 1241 1145 qua
1266 1047 1412 1120 stativa
1444 1046 1500 1118 ha·

250 1155 338 1246 buit,
365 1166 407 1230 ut
433 1168 585 1232 vexatos
612 1159 740 1242 milites
768 1157 887 1255 quiete
921 1158 1089 1232 firmaret.
1142 1157 1210 1232 Hic
1235 1157 1424 1232 Leonnati
1450 1159 1499 1229 lit-
1514 1175 1533 1218 1÷

252 1277 348 1340 teras
381 1270 534 1366 accepit,
567 1269 770 1342 conflixisse
801 1269 918 1367 ipsum
935 1287 1026 1343 'cum
1052 1282 1135 1344 octo
1161 1271 1304 1344 milibus
1331 1268 1498 1368 peditum

251 1389 288 1451 et
314 1382 482 1453 trecentis
509 1381 687 1478 equitibus
713 1379 923 1454 Horitarum
949 1407 1123 1480 prospero
1150 1393 1292 1456 eventu.
1346 1382 1390 1455 A
1420 1379 1498 1454 Cra·

251 1501 330 1562 tero
363 1515 504 1589 quoque
535 1493 681 1565 nuntius
716 1491 831 1582 venit,
867 1488 1004 1566 Ozinen
1038 1504 1075 1566 et
1107 1493 1317 1592 Zariaspen,
1353 1493 1497 1566 nobiles

251 1597 398 1692 Persas,
434 1600 669 1678 defectionem
700 1602 887 1676 molientes
922 1628 1113 1702 oppressos
1140 1631 1162 1678 a
1188 1631 1242 1696 se,
1276 1605 1314 1677 in
1341 1604 1496 1678 vinculis

252 1737 339 1786 esse.
393 1711 603 1814 Praeposito
635 1715 743 1816 igitur
774 1713 910 1811 regioni
946 1711 1120 1814 Sibyrtio,
1156 1717 1326 1816 (namque
1361 1714 1530 1788 Menola-

250 1826 452 1922 praefectus
478 1827 554 1902 eius
580 1854 695 1930 nuper
721 1826 905 1900 interierat
930 1825 1084 1924 morbo)
1111 1829 1148 1901 in
1162 1825 1397 1902 Carmaniam
1425 1828 1496 1925 ipse

251 1938 435 2036 processit.
493 1939 668 2040 Aspastes
710 1951 788 2015 erat
822 1947 984 2036 satrapes
1024 1939 1159 2037 gentiS,
1205 1949 1402 2038 suspectus
1445 1962 1496 2010 res
1510 1955 1552 1998 ἐκ

251 2141 381 2193 itinerum
398 2138 505 2210 legitur,
522 2141 607 2198 Aldus
615 2145 678 2199 feeit
687 2145 854 2213 Parthorum,
924 2141 982 2194 solo
1002 2141 1117 2211 fertilis]
1158 2139 1265 2194 Medius
1290 2141 1347 2194 solu
1378 2138 1495 2196 conexit

250 2209 297 2260 sad
316 2207 425 2262 Curtius
443 2208 514 2262 illam
533 2220 638 2281 gentem
658 2231 726 2285 quae
740 2213 855 2283 Parthy-
889 2207 959 2262 inele
979 2218 1064 2277 anter,
1082 2207 1389 2263 meliusAcidaliussolo
1399 2209 1495 2279 fertili,

251 2292 318 2329 enen
341 2295 358 2329 a
375 2275 483 2332 Graecis
506 2288 535 2332 et
556 2281 591 2334 ab
612 2282 621 2335 i
642 2299 672 2336 so
695 2283 855 2336 Parthienen
888 2284 936 2331 aut
953 2226 1070 2332 gabinius
1089 2280 1139 2332 soli
1153 2279 1266 2348 fertilia
1301 2275 1345 2329 Tu
1363 2277 1496 2347 inter-pre

251 2345 350 2397 dictam
373 2344 523 2413 incolebat,
551 2366 604 2403 non
650 2351 740 2406 arthos
768 2357 853 2406 vocat.
888 2353 947 2399 tare
964 2346 1019 2402 sela
1036 2363 1051 2401 θ
1068 2346 1219 2418 regionibus
1241 2345 1270 2400 in
1291 2344 1345 2400 isio
1361 2354 1495 2400 temflm

250 2413 485 2491 Yide1V,45,11.
520 2415 581 2498 Iloc
599 2419 705 2488 quidem
723 2420 781 2500 loco
817 2419 854 2473 le·
888 2423 983 2469 tractu.
1187 2486 1192 2496 Ι
1283 2485 1289 2495 Ι
1394 2486 1401 2497 ι

250 2482 853 2616 tttttdltttslttttalttstt:
887 2490 1065 2625 vi’glbtll
1082 2482 1496 2618 tttttttaluttt

249 2617 276 2669 A
302 2619 509 2688 Partbpnornm,
537 2621 649 2677 Flor.B
672 2635 853 2696 party-noram.
887 2639 1042 2676 consensum
1061 2572 1190 2676 ibrorum
1207 2638 1277 2680 mss..
1335 2617 1429 2674 ditum
1451 2637 1495 2673 nu·

248 2687 292 2739 Ex
315 2704 368 2758 quo
395 2687 457 2742 olim
481 2689 649 2746 scribendum
671 2695 763 2765 praevi
784 2696 854 2749 Par·
887 2707 989 2745 marum
1015 2699 1113 2762 augent
1138 2690 1211 2744 Flor.
1234 2687 1281 2742 GE
1362 2687 1454 2743 Ber-n
1475 2688 1495 2740 B

250 2757 413 2824 thyenorum,
445 2775 516 2813 nuno
541 2761 749 2831 Parthyaeorum
780 2772 853 2835 puto,
887 2759 994 2814 Vossa
1013 2777 1101 2813 norem
1119 2761 1192 2812 milio
1210 2757 1378 2811 exhibentes.
1418 2759 1495 2812 Hori·

249 2823 316 2878 sicut
334 2825 386 2878 iam
404 2826 467 2880 dedi
485 2842 524 2896 ιν,
535 2836 577 2882 45.
605 2831 730 2886 Ceterum
747 2833 782 2886 ad
798 2851 854 2887 rem
889 2837 930 2882 tae
953 2837 1017 2882 sunt
1038 2829 1065 2882 in
1088 2827 1150 2884 aliis
1162 2828 1291 2894 Martiae,
1316 2842 1417 2879 verum
1435 2844 1495 2880 eun-

249 2893 363 2947 eonserri
386 2893 461 2948 iubet
484 2896 669 2954 Schmiederus
691 2901 796 2955 Arrian.
813 2917 853 2968 vr,
889 2898 948 2950 dam
965 2914 1022 2950 essa
1039 2897 1180 2968 populum,
1203 2895 1276 2950 cuius
1293 2912 1375 2975 supra
1395 2895 1495 2949 mentio

251 2969 293 3028 27,
312 2965 382 3016 unde
395 2963 553 3035 intelligitur
561 2968 715 3025 Alexandro
732 2968 759 3023 in
772 2969 854 3024 Cara·
888 2966 958 3019 faeta
975 2974 1025 3032 est,
1043 2973 1156 3037 apparet
1173 2981 1207 3017 ex
1223 2962 1331 3018 Arriam
1349 2962 1399 3016 lib.
1409 2969 1494 3026 πω.

250 3031 337 3111 mania
358 3031 411 3086 iam
434 3036 551 3088 versanti
573 3046 679 3107 praesto
697 3038 778 3092 fuisse
795 3057 854 3097 oum
888 3033 1094 3088 Rebellaverant
1116 3032 1234 3104 digresso
1260 3048 1337 3112 rege,
1364 3033 1418 3085 md
1436 3030 1495 3086 victi
1551 3095 1552 3100 η

250 3099 307 3153 alirs
323 3099 456 3175 ὑπάρχοις
472 3101 660 3160 Pharismanen
673 3105 854 3179 Phratapher·
889 3110 951 3156 sunt
967 3121 983 3156 a
1000 3101 1141 3158 Leonnato
1158 3120 1218 3156 cum
1235 3101 1315 3171 copiis
1334 3099 1443 3155 rchcto.

250 3169 290 3222 nis
315 3169 397 3224 filium
420 3188 479 3224 oum
503 3183 649 3229 commeatu
675 3183 704 3228 et
729 3176 853 3230 iumentis
926 3173 1027 3226 Ozinen
1042 3181 1065 3225 ct
1075 3172 1161 3224 Zarin
1196 3188 1227 3224 en
1245 3169 1350 3224 Graeca
1366 3170 1495 3222 termini-

250 3255 302 3291 non
330 3238 483 3292 arcessitam
505 3242 575 3322 regis
603 3243 711 3312 littaris,
738 3246 785 3298 sed
808 3262 855 3298 sna
888 3239 961 3294 tione
985 3256 1044 3293 cum
1061 3239 1168 3294 Snalren
1189 3238 1264 3309 urgio
1285 3236 1380 3307 scripsi
1407 3247 1495 3292 aude·

249 3306 474 3429 ppppterctpmgllis
488 3309 770 3432 tcopriafqttrodeurum
778 3331 854 3368 usum
888 3309 961 3430 {pus
969 3307 1012 3430 ἆυ
1029 3308 1079 3388 'illo
1096 3305 1339 3430 ξῙθῐθὲἯέἰῃρ-ξι
1363 3304 1496 3428 ἱζοῦᾜ

285 3393 507 3522 cociaaplieiriis
525 3395 580 3500 pSrib
588 3395 681 3502 essppp,
694 3451 719 3503 A
742 3449 813 3503 Flor.
827 3451 853 3503 A
887 3395 1017 3500 tuiii‘noir
1032 3394 1272 3524 iiltebairoiripriore
1281 3413 1345 3496 adii
1358 3391 1495 3498 garrulam

250 3510 284 3562 de
301 3519 398 3564 nostris
408 3512 479 3566 Flor.
492 3512 558 3567 DGI
568 3527 668 3582 coacta,
685 3517 780 3588 reliqui
791 3528 853 3572 tota.
888 3515 1055 3584 Zariaspen.
1090 3513 1193 3579 Unum,
1220 3530 1266 3583 qur
1295 3511 1439 3566 defecerat
1465 3513 1495 3563 ab

284 3581 352 3632 ulios
367 3581 551 3654 finitimorum]
584 3584 675 3656 Vulgo
693 3589 761 3640 alios
779 3605 853 3658 qno.
887 3583 1050 3651 Alexandro,
1068 3581 1189 3635 nominat
1197 3580 1303 3634 Arrian.
1314 3588 1339 3646 6,
1350 3586 1381 3633 2⁷
1399 3579 1495 3653 Ὀρδά-

250 3665 306 3718 qne
325 3649 439 3717 additur,
462 3649 551 3705 invitis
570 3654 657 3722 codd,
675 3673 736 3708 nam
754 3653 782 3707 in
800 3673 853 3709 uno
888 3672 949 3716 νην.
984 3651 1085 3704 Verum
1107 3650 1190 3721 igitur
1206 3665 1304 3704 nomen
1320 3649 1439 3702 ΜΗΘ
1457 3659 1495 3702 esi

250 3723 354 3770 tantum
372 3718 442 3771 Flor.
462 3718 489 3773 G
506 3729 547 3774 est
564 3723 691 3794 aliosque,
715 3723 741 3777 in
759 3725 853 3778 ceteris
887 3719 914 3772 in
932 3719 1003 3774 Flor.
1014 3720 1065 3773 ΕΗ
1083 3719 1195 3772 Bernss
1214 3717 1295 3771 Pal.l
1319 3717 1445 3771 Oninan

157 3799 162 3808 ·
250 3785 323 3838 nulla
347 3786 484 3857 particula.
520 3791 579 3845 Nec
602 3809 634 3845 ea
657 3792 761 3846 videtur
785 3811 852 3863 opus
921 3792 945 3858 ᾗ.
955 3795 996 3842 20.
1024 3790 1070 3841 Sit
1088 3790 1152 3868 rtiol
1180 3786 1240 3840 Hoc
1257 3785 1363 3839 nomina
1380 3795 1495 3840 vocatur

250 3869 317 3920 csse,
336 3871 404 3925 qaae
421 3869 463 3910 est
480 3857 507 3910 in
518 3859 639 3915 sennon'e
647 3861 744 3916 Latino
757 3871 854 3916 natura
887 3858 920 3910 ab
937 3856 1053 3911 Arriano
1070 3807 1125 3923 it,
1143 3875 1171 3909 m
1189 3855 1263 3909 libris
1281 3853 1422 3908 Curtianis
1441 3856 1494 3933 ple·

250 3923 413 3993 pronominis
431 3927 509 3980 atina
545 3927 660 3983 Ponitur
677 3931 748 3984 euim
765 3930 792 3985 in
810 3947 853 3984 re·
886 3925 976 3996 risque
1002 3927 1118 3979 Sibnrtr'o
1142 3932 1197 3992 est,
1223 3923 1251 3978 in
1274 3921 1434 3976 Flor.DF1
1457 3943 1494 3975 nr-

249 4008 308 4044 rum
326 3994 568 4050 enumerationem
586 3999 638 4052 fine
655 4017 703 4070 pro
721 4001 791 4053 nlius
809 4003 853 4052 da·
887 3997 980 4048 barrio.

249 4063 279 4112 ni
298 4078 341 4126 nc,
371 4061 421 4116 hoc
438 4071 525 4116 autem
543 4064 601 4120 loco
619 4084 677 4120 eam
694 4069 728 4122 ob
747 4084 853 4122 causam
921 4069 995 4130 §.tt
1031 4064 1056 4114 Α
1091 4061 1172 4133 astes]
1197 4061 1240 4114 Da
1256 4059 1308 4114 lnce
1320 4057 1493 4114 nominenon

250 4129 369 4196 oandit,
402 4131 543 4185 uodunum
553 4141 762 4190 tantumnomen
775 4152 853 4207 praa.
887 4119 1060 4203 bimatum
1096 4146 1234 4184 raetorum
1248 4127 1297 4182 scri
1317 4137 1409 4181 torum
1419 4145 1494 4183 nemo

251 4197 335 4277 cessit.
399 4214 473 4252 erum
491 4203 524 4254 ad
542 4203 620 4256 finam
643 4213 771 4275 properat
792 4223 854 4259 nar.
888 4199 1050 4254 mentionem
1067 4198 1122 4253 eius
1139 4198 1210 4252 facit
1237 4146 1492 4252 andastauin.

251 4274 328 4319 ratio.
887 4271 914 4322 Α
937 4271 976 4322 Aa
996 4270 1080 4335 artis,
1105 4267 1187 4336 (infra
1210 4267 1349 4335 Apustrtt)
1373 4265 1495 4319 BeruA

286 4338 310 4404 §.
320 4341 360 4390 18.
393 4354 449 4390 amc
459 4339 595 4392 dumtaxat
603 4342 761 4413 vindicatas]
771 4341 854 4396 Hein-
889 4287 994 4392 sioni
1013 4338 1146 4406 Aspnstis,
1170 4334 1252 4390 ceteri
1272 4335 1390 4414 arpotis.
1405 4401 1413 4414 .
1430 4335 1494 4388 Mox

252 4405 338 4460 siusa
373 4424 429 4459 ame
447 4406 577 4474 malebat,
596 4425 648 4462 non
666 4409 775 4476 iniuria,
793 4410 855 4482 quia
889 4409 950 4461 dnm
967 4409 995 4459 in
1005 4406 1084 4459 India
1102 4421 1149 4458 rea
1168 4403 1321 4459 tstModrus
1339 4402 1429 4455 edrdrt
1446 4419 1494 4473 pro

252 4475 297 4528 vix
315 4484 381 4545 puto
399 4474 510 4530 inveniri
527 4495 604 4547 posse
622 4477 708 4532 locum
723 4479 769 4534 ubi
783 4480 854 4534 solus
888 4475 959 4546 vulg.
979 4483 1044 4528 esset
1066 4489 1115 4554 nos
1135 4489 1167 4525 uc
1190 4489 1249 4527 racc
1268 4471 1335 4524 imus
1359 4487 1433 4526 nunc
1451 4489 1494 4524 au·

254 4544 336 4598 ablat.
354 4563 414 4600 oum
432 4547 566 4600 vindicare
583 4546 767 4620 coniungatur.
889 4543 1010 4598 ctoribus
1027 4542 1102 4596 [ard.
1115 4491 1223 4598 bocar
1243 4490 1323 4594 bern
1333 4539 1361 4592 A
1377 4538 1493 4594 Flora
