3254 5292
530 387 579 436 nn
606 384 943 452 cismarinam,
970 382 1012 434 ao.
1313 365 1383 436 139

105 587 141 635 ri
161 566 295 640 Ultima
332 565 501 666 Meleagri
539 568 597 640 alu
635 569 771 648 stabat:
819 591 926 663 quam
971 566 1130 663 phalanx
1168 566 1394 662 sequebatur.

160 678 250 752 Post
282 678 497 776 phalangem
527 677 791 776 Argyraspides
824 686 942 750 erant:
974 677 1030 750 his
1056 674 1226 766 Nicanor,
1252 674 1395 749 Poime-

106 806 143 855 28
160 789 276 866 iiionis
301 788 405 881 filius,
430 799 603 886 praeerat
641 785 684 860 In
709 785 876 862 subsidiis
902 811 984 860 cum
1009 811 1118 860 manu
1144 811 1210 860 sua
1234 783 1393 860 Coenos:

160 1005 250 1050 tumis
275 997 349 1067 regia
369 997 512 1052 vocabatur
529 995 602 1051 Clito
619 995 761 1066 praefecto,
796 1013 813 1048 a
863 994 920 1048 llat.
962 994 1127 1066 Polypercon
1152 993 1262 1061 deinde,
1289 1000 1397 1050 auctore

161 1065 208 1117 sed
230 1063 351 1118 omnibus
376 1065 469 1119 turmis
508 1071 613 1118 raeerat
633 1063 761 1130 Philotas,
823 1063 914 1117 iodcro
955 1081 1009 1116 non
1026 1061 1171 1133 peregrinis
1187 1062 1328 1130 militibus,
1351 1063 1398 1116 sed

160 1133 440 1199 Parmenionem.
479 1084 642 1201 latai„
668 1131 763 1184 oense
796 1131 895 1210 iegiopi
920 1102 1141 1210 sqmpiaoarm
1186 1139 1303 1197 racemi,
1331 1148 1397 1202 quoa

162 1201 278 1270 generali
294 1201 400 1255 nomine
419 1200 526 1255 Curtius
543 1199 673 1272 appellat,
692 1199 763 1269 quud
798 1199 905 1254 Curtius
926 1199 1032 1252 videtur
1057 1216 1141 1253 somus
1157 1149 1332 1253 Macedonum
1348 1217 1398 1270 pii·

162 1277 222 1321 erat
239 1268 330 1341 ἄγημα
350 1273 411 1322 τῶν
431 1273 536 1336 πεζῶν,
554 1277 583 1322 et
599 1271 662 1336 Ar¹
689 1269 763 1336 aspi-
795 1276 875 1321 tasse
908 1267 1006 1348 Inepta
1035 1267 1115 1320 etiam
1145 1283 1213 1338 quae
1238 1274 1398 1338 sequuntur:

162 1339 227 1404 des,
245 1336 291 1408 qui
306 1345 365 1390 tum
381 1338 497 1391 nondum
515 1344 604 1402 erant,
622 1286 763 1390 00111000-
796 1339 874 1390 baias
898 1337 1012 1406 agminis
1039 1337 1091 1388 Am
1127 1345 1168 1389 tos
1192 1337 1315 1405 princeps
1342 1344 1399 1388 erat

162 1404 261 1458 bantur
283 1401 469 1458 inuenisset:
490 1406 520 1459 cs.
540 1405 616 1459 Curt
637 1418 701 1470 vm,
722 1411 762 1456 17.
798 1403 901 1475 (scripsi
924 1403 1028 1456 inverso
1049 1421 1066 1456 0
1099 1402 1302 1457 ‘everborum
1363 1405 1399 1456 'n-

162 1477 188 1526 A
207 1489 264 1526 etna
282 1471 311 1526 iii
327 1472 401 1526 Leid
418 1473 495 1527 Voss.
514 1481 526 1526 1
550 1473 630 1526 Bern.
647 1473 674 1526 Δ
691 1472 763 1526 Flor.
798 1490 812 1526 c
844 1491 857 1526 s
875 1473 1004 1541 Amyntas
1021 1487 1056 1524 ex
1072 1471 1169 1524 nostris
1186 1471 1267 1524 Bern.
1285 1473 1311 1524 Α
1352 1471 1398 1524 lor.

221 1539 345 1594 scribitur
357 1543 445 1610 opima
458 1541 573 1594 itacismi
590 1557 676 1606 musa,
693 1541 764 1593 unde
797 1541 822 1593 A
849 1538 883 1608 G,
902 1541 1030 1608 Amyntas
1049 1538 1399 1606 daxFlor.DF1):Piita-

162 1623 236 1662 error
252 1608 416 1678 reliquorum
438 1609 565 1662 librorum
585 1625 646 1662 mss.
664 1615 692 1662 et
708 1607 763 1679 pri-
796 1627 847 1679 pas
860 1609 991 1661 Balacros
1009 1609 1122 1676 repebat,
1141 1609 1334 1661 insacietatem
1351 1625 1400 1660 nii·

162 1693 235 1728 mum
262 1676 397 1732 editorum
423 1684 501 1732 natus
527 1684 569 1730 est
599 1684 630 1730 ut
656 1679 763 1747 opmina
792 1694 845 1748 per
862 1678 986 1730 adscitos.
1003 1675 1101 1745 Neque
1117 1674 1187 1728 enim
1204 1675 1400 1746 intelligasquo

162 1743 330 1798 scriberetur.
346 1743 452 1798 Primus
471 1745 544 1798 dedit
555 1743 647 1798 Iunius
664 1762 764 1815 apertae.
798 1761 941 1816 pronomen
951 1745 1028 1796 liuius
1037 1743 1178 1814 pertineat,
1196 1761 1256 1796 cum
1270 1745 1400 1813 Amyntas

164 1811 219 1864 Sed
240 1820 268 1866 et
291 1811 338 1868 ille
360 1820 389 1866 et
408 1813 502 1884 reliqui
523 1821 629 1894 praeter
644 1813 766 1867 Medium
798 1812 842 1866 alii
856 1811 1024 1878 hauddubie,
1034 1810 1401 1930 nonPiplppercontmagmim
1491 1859 1492 1864 ,

162 1879 332 1934 retinuerimt
362 1880 426 1938 edit.
456 1881 581 1952 principis
610 1881 766 1952 scripturam
799 1879 962 1952 praefuerit,
994 1895 1044 1932 nec
1072 1896 1108 1948 po
1155 1896 1199 1930 um
1229 1878 1401 1931 Balacrorum

162 1949 312 2017 appellant,
329 1967 378 2020 pro
398 1949 492 2019 quoin
514 1967 574 2003 mss.
591 1957 633 2002 est
649 1951 766 2019 appella-
799 1949 857 2020 quis
877 1965 939 2000 uam
955 1946 1066 2000 noverit.
1111 1962 1185 1998 erum
1201 1945 1267 1999 haec
1282 1953 1402 1998 extrema

163 2017 236 2083 boot,
253 2017 326 2086 quod
343 2033 413 2070 nune
429 2018 533 2072 demum
546 2033 655 2072 revoco:
674 2018 766 2071 eadem
800 1966 926 2070 mendosa
950 2023 1026 2080 sunt,
1057 2031 1076 2066 n
1109 2030 1142 2066 ue
1173 2014 1251 2067 credo
1278 2012 1402 2066 Curtium

163 2099 207 2136 res
224 2090 253 2136 et
269 2099 298 2152 v,
319 2091 365 2152 15,
383 2091 428 2137 21.
799 2093 904 2137 tantum
922 2083 955 2135 ab
972 2090 1080 2135 auctore
1121 2097 1197 2134 raeco
1206 2082 1348 2147 aberrasse,
1358 2088 1399 2147 ut,

200 2154 224 2218 ξ.
247 2157 290 2205 28.
329 2155 358 2205 ia
384 2154 510 2207 subsidiis
532 2172 589 2207 uim
614 2170 695 2206 mana
716 2170 765 2206 sau
800 2169 859 2206 cum
876 2149 1008 2204 Diodorus
1025 2150 1118 2202 eodem
1134 2148 1208 2203 fonte
1228 2165 1290 2202 usus
1307 2149 1402 2202 habeat

169 2217 281 2286 Coenos]
298 2219 444 2290 Hucusque
458 2220 565 2274 Curtius
578 2222 689 2274 eandem
706 2236 767 2272 cum
804 2217 945 2273 Φίλιππος
957 2215 972 2271 ὁ
985 2216 1133 2290 Βαλάκρου
1153 2216 1206 2282 τὴν
1222 2223 1320 2283 συνεχῆ
1336 2216 1402 2268 ταύ-

166 2283 290 2338 Diodoro
315 2287 541 2359 reprehensionem
562 2289 693 2353 subierat,
720 2287 767 2340 sed
800 2308 848 2353 της
878 2291 1045 2359 στρατηγίαν
1070 2283 1207 2358 ἐπλήρου,
1225 2284 1281 2356 ipse
1307 2301 1403 2338 novam

166 2351 222 2405 iam
239 2355 381 2409 squaite
393 2373 480 2409 errare
493 2356 592 2427 incipit,
607 2358 670 2409 dum
684 2353 767 2410 Grae·
835 2363 908 2408 ntem
930 2371 964 2406 ex
985 2363 1096 2434 paterno
1119 2353 1224 2406 nomine
1241 2353 1401 2424 procuderit.

167 2438 229 2473 cum
246 2430 380 2478 auctorem
395 2423 678 2491 suumtcliiarehumo
696 2424 767 2492 inor)
801 2373 886 2478 Mad.
904 2423 997 2493 optimi
1017 2422 1108 2489 (Bern.
1127 2423 1154 2475 A
1170 2421 1242 2475 Flor.
1259 2421 1309 2474 AB
1326 2420 1402 2474 Leid.

164 2487 236 2541 male
260 2489 407 2570 intellexit,
437 2508 453 2544 a
482 2509 534 2561 qua
563 2509 594 2546 re
618 2443 767 2546 Diodorum
801 2491 878 2546 Voss.
898 2495 924 2558 1)
942 2492 1085 2612 piroligras
1103 2491 1252 2544 barucri'eos
1270 2490 1402 2609 regebant,

164 2555 285 2610 Graecae
302 2557 408 2628 linguae
421 2559 513 2614 melior
526 2559 768 2630 intelligentiatue·
802 2559 848 2612 alii
866 2559 948 2627 (Flos.
966 2559 1015 2612 DF
1044 2559 1068 2622 ii
1087 2559 1202 2611 baisoria
1221 2575 1279 2623 eos,
1320 2555 1403 2610 lor-G

162 2625 253 2678 batur.
298 2625 370 2678 Nam
400 2627 470 2705 quod
500 2627 568 2680 dixit
592 2629 621 2681 in
646 2627 768 2682 subsidiis
803 2625 1404 2705 balumeeosFlor.Edeniqucboloerieoa,ut

162 2693 246 2746 fuisse
255 2691 341 2746 coeni
359 2701 443 2761 taxii,
460 2695 528 2748 male
545 2713 579 2748 ex
598 2695 675 2750 rescit
685 2694 767 2750 Grae·
802 2696 855 2748 ism
863 2703 990 2767 appareat
1003 2694 1083 2747 fuisse
1094 2704 1177 2773 patris
1190 2691 1404 2771 nomeningeni-

162 2777 226 2814 eum
251 2761 325 2828 μετὰ
341 2761 460 2817 τούτους
473 2781 491 2815 ι.
505 2715 628 2816 <incedes
644 2763 767 2830 τούτων,
802 2764 858 2817 tiro
870 2759 1280 2832 casuhominisipsiusnominiap
1299 2769 1404 2812 oeitum.

162 2837 192 2881 et
210 2829 276 2881 dum
293 2828 395 2881 variare
409 2829 498 2882 studet
509 2831 656 2884 orationem
667 2830 768 2884 fallitur
803 2831 858 2884 Sed
866 2848 925 2884 eum
936 2830 1020 2900 ipsum
1029 2830 1173 2897 Amyntam
1186 2845 1240 2880 non
1284 2826 1364 2879 fuisse
1376 2827 1404 2878 iii

162 2904 192 2950 et
209 2895 290 2949 fallit.
318 2895 503 2966 Sequebantur
519 2899 588 2952 enim
604 2899 632 2952 in
648 2907 768 2952 extremo
802 2899 910 2970 praeho,
929 2899 975 2951 sed
992 2905 1049 2949 tum
1067 2895 1282 2948 inMacedoniam
1299 2895 1404 2946 adcon-

162 2981 248 3018 comu
266 2964 364 3018 dextro
383 2981 449 3034 quae
465 2967 627 3020 vocabantur
641 2970 768 3030 πεζεταί-
802 2965 942 3036 quirendos
968 2964 1064 3016 milites
1090 2962 1197 3015 missum
1220 2961 1277 3030 ipse
1295 2960 1403 3014 Curtius

163 3051 226 3100 ρων
243 3047 278 3084 ex
290 3031 465 3086 Macedoniae
477 3034 597 3134 gentibus
606 3034 767 3102 conscripto
801 3049 829 3100 v,
850 3041 864 3086 t
883 3031 1023 3086 tradiderit
1049 3038 1078 3082 et
1100 3029 1155 3082 eius
1180 3028 1346 3098 praefectura
1356 3027 1403 3106 ¹iii-

164 3116 226 3150 rum
242 3115 289 3151 sex
305 3098 424 3178 legiones
435 3103 550 3168 (aalma)
565 3101 684 3181 singulae
695 3099 767 3153 mille
801 3100 880 3154 terim
897 3101 930 3153 ab
948 3099 1000 3152 alio
1017 3096 1199 3150 administrata
1216 3095 1251 3148 sit
1269 3095 1315 3164 (ab
1334 3095 1403 3148 Sim-

164 3165 252 3218 ferme
268 3166 412 3234 hominum,
431 3176 460 3220 et
472 3174 555 3238 prima
567 3171 673 3240 quidem
683 3167 767 3222 Coeni
801 3167 854 3222 mia
866 3165 888 3220 si
905 3167 1047 3220 Arrianum
1055 3180 1099 3232 iii,
1111 3171 1153 3232 11,
1164 3172 1178 3218 9
1197 3179 1315 3233 sequare,
1325 3179 1404 3233 quem

164 3233 238 3285 taxis
259 3233 410 3302 Elymiotis.
452 3235 622 3306 Reliquamm
650 3235 767 3307 quinque
801 3235 933 3289 Diodorus
955 3233 1061 3304 quidem
1082 3251 1136 3286 non
1161 3231 1249 3311 novit,
1279 3231 1325 3283 sed
1348 3230 1403 3283 eius

183 3301 293 3354 raefecti
311 3309 388 3354 erent
405 3305 545 3358 secundum
553 3305 694 3358 Arrianum
703 3303 768 3357 Per·
802 3303 859 3358 loco
877 3303 904 3355 in
921 3302 977 3356 acie
995 3300 1164 3354 describenda
1176 3299 1327 3370 Philippum
1342 3299 1403 3352 sub·

163 3319 253 3422 diceas
266 3368 403 3447 'Orontea
424 3371 469 3437 fii,
487 3371 616 3442 Meleger,
640 3371 768 3442 Polyper·
802 3371 871 3452 dit);
895 3369 994 3442 poterit
1017 3368 1109 3450 aliquis
1139 3367 1264 3448 audacior
1289 3366 1326 3448 sic
1348 3367 1404 3420 fere

162 3435 770 3576 thiffiitmtttittlihhti
802 3441 1012 3576 111111ἓῖ15,
1026 3454 1256 3574 itt-titiis
1269 3452 1405 3557 ttltti

163 3572 253 3648 habet
267 3579 376 3648 praeter
392 3571 539 3638 Simmiam,
558 3575 600 3628 cui
616 3575 704 3644 Philip
725 3593 769 3627 um
803 3573 1003 3641 nomenmavis)
1021 3573 1133 3626 Balacri
1147 3589 1189 3626 eos
1199 3522 1311 3642 repellet,
1321 3586 1404 3640 aicper

164 3639 319 3702 substituit,
334 3639 459 3709 additque
466 3641 609 3694 Perdiccae
617 3642 691 3695 tasin
701 3594 768 3696 Mre-
803 3645 832 3695 in
849 3645 1019 3708 societatem(
1038 3641 1211 3706 melecturae)
1230 3641 1336 3692 ascitus.
1353 3639 1404 3690 At·

165 3712 273 3756 starum
293 3703 546 3778 Lyncestarumque,
570 3709 770 3794 Polqpereontis
804 3727 855 3782 que
876 3727 929 3762 non
950 3660 1072 3786 equidem
1094 3708 1171 3762 rideo
1198 3706 1261 3776 quid
1279 3705 1406 3784 impediat

165 3759 393 3839 Stymphaeorum
409 3775 495 3828 fuisse.
528 3780 622 3847 Itaque
635 3786 695 3846 post
714 3795 770 3830 eam
804 3777 941 3848 quominus
958 3794 995 3828 sic
1012 3777 1119 3842 edatur,
1143 3784 1215 3828 certe
1233 3773 1279 3852 qui
1296 3775 1361 3826 haee
1377 3790 1405 3825 in

168 3839 285 3892 Orestae
312 3837 453 3906 Lyncestae
470 3859 501 3895 ue
527 3854 587 3897 sunt
612 3844 768 3914 scripsimus,
804 3853 884 3898 textu
909 3842 994 3913 leget,
1020 3843 1139 3912 proxime
1160 3843 1194 3894 ad
1211 3859 1249 3894 rei
1266 3841 1406 3894 veritatem

164 3907 297 3986 (Orestae
314 3904 402 3960 invitis
420 3861 560 3978 codicibus,
571 3911 770 3981 quoriimlibra-
804 3913 921 3966 accedet.
966 3911 1052 3974 Quam
1073 3928 1133 3962 uam
1168 3910 1225 3962 fieri
1257 3917 1348 3978 potest
1374 3915 1406 3961 ut

162 3991 212 4029 riis
239 3974 346 4026 Orestes
372 3975 447 4030 heros
473 3977 580 4031 nimium
606 3987 684 4032 notus
709 3979 769 4046 fuit,
805 3979 927 4044 Curtius,
947 3977 992 4047 qui
1010 3927 1088 4031 modo
1106 3977 1157 4031 Pol
1175 3977 1306 4047 percoctis
1324 3975 1406 4056 legio·

162 4043 317 4110 Lyncestae
339 4049 369 4093 et
393 4053 452 4096 sant
477 4045 594 4098 codicum
621 4052 769 4114 consensu),
805 4063 866 4120 pem
894 4063 944 4114 pro
975 4045 1121 4115 peregrinis
1156 3995 1290 4112 habuerit,
1325 4052 1406 4097 ctiam

163 4127 228 4164 cum
247 4107 317 4160 falso
333 4108 413 4177 vulgo
430 4111 551 4165 ederetur
578 4115 681 4167 Orestes
698 4114 770 4181 Lya-
804 4121 936 4183 Amyntae
971 4130 1064 4182 agmen
1098 4111 1257 4182 singularem
1292 4111 1406 4182 aliquam

162 4175 400 4297 Zssiffiueffi
408 4178 510 4298 lqlpqqm
527 4181 632 4266 nomina
648 4187 685 4297 eta
693 4180 771 4264 emit-
804 4191 911 4302 gentqm
928 4181 1028 4250 putarit
1038 4179 1136 4259 ‚cuius
1153 4179 1259 4300 regqlus
1276 4180 1406 4258 Amyntas

161 4281 373 4388 'taiv'Opeetuitl
384 4247 773 4393 καὶικῖυοκωηῐὲῶῖξὲἒξινεὲῦᾞ
805 4265 1140 4370 εὲἓ1ἑώῑὲ1111111οἒ11111110
1149 4263 1408 4384 sedsrlidliitdldlpiiiixhn

165 4399 206 4430 ae.
234 4379 367 4456 hmanas
388 4395 436 4447 pro
489 4389 564 4434 restis
590 4390 619 4435 et
635 4381 772 4459 Lpnccsfis
806 4384 855 4450 rit;
875 4384 946 4452 quod
963 4383 985 4436 si
1001 4383 1040 4437 ita
1057 4399 1113 4436 sese
1130 4384 1236 4450 habeat,
1255 4382 1334 4434 etiam
1353 4399 1407 4435 ser·

164 4443 314 4498 Perdiccae
341 4453 370 4497 et
393 4445 522 4515 (alterius)
540 4449 670 4519 Meleagri
691 4449 773 4510 τάξιν
807 4451 921 4504 vandum
938 4467 994 4504 esse
1011 4451 1139 4522 pluralem
1154 4467 1293 4504 numerum
1310 4451 1407 4503 ascitos
