3254 5292
536 406 586 456 on
613 403 740 458 ansus
766 403 877 456 max.
903 404 953 474 ιιι,
981 401 1023 451 oo.
1336 381 1408 454 155

167 595 392 690 pervenerat
452 587 595 686 Itaque,
630 613 848 688 quamquam
881 586 1034 663 validior
1067 597 1163 679 erat,
1195 593 1317 662 tamen
1343 587 1413 688 lor·

167 713 258 776 tuna
287 700 447 800 partium
481 699 644 792 terrimo,
677 700 851 799 perculsis
876 699 1079 797 languidius
1104 699 1274 774 instabat
1327 697 1413 773 Par-

166 813 288 888 menio
312 810 504 910 ignorabat
529 809 674 909 quidem
699 836 845 886 oausam
877 837 944 887 sua
969 819 1099 909 sponte
1123 835 1267 909 pugnae
1291 810 1413 885 remis·

132 943 249 1016 osae,
285 922 350 998 sed
381 923 567 998 occasione
598 921 766 998 vincendi
796 933 942 998 strenue
975 933 1032 996 est
1065 947 1162 997 usus.
1220 921 1414 996 Thessalos

167 1036 306 1133 equites
333 1033 381 1107 ad
407 1059 445 1108 se
472 1034 594 1109 vocari
619 1035 729 1109 iubet.
776 1033 912 1136 Eoptid
935 1033 1064 1128 miletae,
1089 1035 1214 1131 inquit7
1241 1033 1328 1125 totos,
1355 1034 1418 1134 qai

156 1147 319 1250 ferociter
343 1146 443 1222 modo
468 1146 648 1240 tament,
675 1145 801 1247 pedem
831 1148 956 1248 referre
980 1145 1086 1221 outo
1105 1170 1236 1244 pavore
1254 1143 1414 1247 panteni

166 1257 242 1336 tos?
266 1255 448 1333 Mutum
471 1258 564 1334 nobb
591 1284 719 1360 qaoptoe
743 1257 833 1358 regia
856 1257 962 1332 murt
976 1259 1121 1359 fortuma
1145 1256 1232 1332 aiod
1289 1255 1415 1334 onata

164 1370 353 1448 Persarum
377 1368 477 1444 coede
502 1382 606 1446 stato
630 1383 718 1446 uest.
773 1365 866 1453 Quid
890 1366 1049 1442 aaut?
1078 1393 1126 1442 aa
1150 1393 1192 1442 ne
1206 1368 1415 1472 sagmatibus

132 1480 304 1583 equidm
324 1504 430 1579 porea
454 1480 557 1556 att?
589 1479 688 1556 Vera
713 1479 832 1558 dicere
856 1478 1060 1571 videbatur,
1074 1489 1112 1553 et
1136 1505 1220 1580 spes
1244 1482 1415 1580 languen-

167 1603 225 1666 tes
257 1615 399 1688 quoque
433 1604 608 1666 erexerat.
662 1591 822 1667 Subditis
857 1590 1053 1665 calcaribus
1083 1616 1257 1690 proruere
1288 1592 1325 1665 in
1351 1592 1414 1666 bo·

168 1714 278 1778 stem:
306 1711 344 1776 et
368 1703 419 1776 illi
442 1703 516 1776 iam
540 1729 615 1777 non
640 1704 788 1795 sensim,
815 1701 881 1778 sed
907 1701 1016 1776 citato
1042 1703 1160 1802 gradu
1184 1702 1412 1793 recedebant,

167 1840 236 1888 neo
270 1814 460 1913 quiequam
489 1815 612 1913 fugae,
646 1815 716 1890 nisi
754 1813 851 1912 quod
888 1811 1051 1886 nondum
1084 1824 1187 1911 terga
1218 1822 1413 1904 verterant,

169 1926 304 2000 deerat.
343 1925 534 1999 Parmenio
560 1935 693 2016 tamen,
706 1926 852 2023 ignarus
879 1949 1055 2022 quaenam
1080 1924 1118 1996 in
1144 1922 1275 1998 dextro
1301 1947 1414 1997 cornu

133 2039 317 2112 rfortuna
342 2036 436 2135 regis
464 2047 575 2127 esset,
608 2037 779 2137 repressit
805 2059 910 2110 suos:
946 2033 1131 2126 Mazaeus,
1158 2033 1244 2108 dato
1270 2057 1414 2132 pugnae

169 2149 298 2248 spatio,
324 2173 399 2222 non
415 2158 525 2223 ,recto
551 2149 697 2239 itinere,
733 2145 799 2220 sed
828 2146 963 2220 maiore
990 2155 1027 2218 et
1053 2147 1100 2220 ob
1126 2145 1164 2218 id
1189 2147 1322 2221 tutiore
1350 2147 1413 2220 cir·

172 2259 306 2332 oumitu
332 2258 455 2358 Tigrin
490 2269 651 2358 superat,
688 2267 726 2332 et
758 2257 946 2358 Babylona
976 2283 1059 2332 oum
1092 2258 1249 2356 reliquiis
1281 2257 1414 2332 devicti

171 2370 351 2445 exercitus
375 2370 495 2444 intrat.

131 2500 149 2550 a
275 2479 413 2554 Dareus
439 2481 561 2580 paucis
586 2481 692 2578 fugae
719 2480 908 2555 comitibus
935 2479 982 2553 ad
1000 2480 1139 2580 Lycum
1164 2505 1307 2554 amnem
1332 2483 1464 2556 oon-61

169 2591 354 2666 tenderat:
383 2617 454 2688 quo
481 2592 630 2665 traiecto
657 2591 837 2665 dubitavit
861 2617 908 2665 an
935 2593 1093 2666 solueret
1110 2603 1267 2690 pontem,
1282 2593 1414 2692 quippe

170 2704 313 2778 hostem
351 2703 423 2777 iam
462 2703 574 2777 affore
613 2705 856 2778 nuntiabatur.
923 2699 996 2778 Sed
1030 2713 1087 2776 tot
1120 2703 1217 2776 milia
1256 2729 1414 2796 suorum,

170 2869 316 3018 {aaa
329 2869 505 3008 ”altu
522 2870 639 3019 rau.
657 2868 776 3019 ,utu
810 2867 1416 3018 aarum&

169 3005 777 3155 autumamus
810 3005 1417 3128 ..lau

170 3161 229 3224 mep
246 3145 370 3224 ,fortuna⁸
385 3145 525 3264 ¹¹⁰⁰.((⁰'²·
548 3155 634 3225 tomen
656 3161 685 3198 m
701 3143 776 3198 mstis
810 3149 915 3222 tempus
937 3157 969 3195 ao
995 3141 1148 3223 sanititatem
1170 3143 1205 3196 ed
1228 3141 1343 3223 aliquam
1359 3159 1416 3196 rem

170 3211 271 3282 legitur
287 3219 385 3265 nostru
403 3229 449 3282 qur
467 3227 510 3265 em
527 3211 775 3266 ommbusetSnak.
811 3211 959 3264 sanandam
976 3219 1144 3282 permittere,
1171 3211 1219 3264 aad
1235 3220 1315 3264 etiam
1333 3218 1417 3265 inter·

169 3279 246 3333 Iseid.
264 3280 340 3334 Voss.
358 3285 384 3334 2.
810 3278 898 3402 pppieto
919 3287 1040 3350 tempore
1066 3280 1246 3334 laxamentum
1273 3279 1350 3334 aliem
1376 3279 1416 3333 rei

205 3351 229 3417 ξ.
248 3353 273 3402 5.
308 3349 403 3417 ecquid
418 3350 527 3416 videtis,
554 3351 650 3420 inquit]
686 3349 712 3402 V
917 3347 978 3402 lloo
1003 3366 1081 3402 sensu
1102 3367 1156 3403 non
1179 3348 1260 3402 semel
1283 3350 1354 3420 apud
1370 3349 1416 3402 Li·

171 3419 276 3486 ecquid,
294 3418 394 3486 inquit,
412 3419 519 3472 udaia:
537 3433 587 3488 ego
606 3435 666 3470 oum
683 3417 713 3470 Μ
749 3435 776 3473 ιο
809 3415 882 3470 vium
899 3416 1010 3486 legimus
1028 3421 1086 3471 true
1101 3420 1216 3488 epatium
1234 3421 1299 3471 dore
1317 3433 1350 3484 ιι,
1368 3425 1415 3485 56;

171 3483 309 3539 inordina
331 3486 471 3540 verborum
495 3494 600 3539 sooutns
622 3503 679 3540 sum
701 3487 777 3540 oodd.
809 3500 879 3552 vm,
906 3492 939 3538 82
958 3489 982 3554 ξ.
1002 3493 1043 3553 14,
1061 3486 1096 3540 ad
1118 3503 1197 3557 quem
1223 3486 1310 3540 loonm
1330 3485 1416 3539 Drak.

171 3561 200 3608 et
217 3553 337 3608 meliores
359 3561 388 3606 et
408 3553 498 3624 plmes
519 3572 636 3608 numero.
672 3554 726 3608 Sed
748 3553 776 3608 in
810 3553 1086 3622 0vid.1{er0id.r‚rs
1104 3555 1196 3610 laudat
1214 3557 1249 3608 da
1267 3557 1341 3608 breue
1357 3571 1417 3608 sue·

171 3623 304 3676 exarando
321 3623 403 3676 verbo
420 3625 521 3692 ecquid,
541 3632 572 3678 nt
588 3624 643 3678 fere
660 3623 717 3677 lieri
733 3641 776 3677 so-
810 3623 889 3676 vitiae
906 3641 919 3676 e
939 3626 1021 3676 otium
1034 3627 1097 3692 peto
1123 3626 1238 3693 'quatuo
1272 3642 1302 3678 ue
1316 3631 1416 3678 etoon·

172 3689 220 3756 let,
238 3691 308 3744 varie
406 3699 462 3744 tur:
490 3701 513 3744 et
540 3694 605 3760 quid
625 3689 697 3746 Flor.
714 3691 775 3759 ΑΒ,
810 3690 917 3769 ferriiu
952 3691 1072 3746 tBossii
1093 3643 1211 3746 d'xeroit.
1235 3692 1360 3762 p'lolog.
1382 3693 1417 3745 ad

172 3758 482 3882 statutt
495 3762 563 3882 aa
580 3761 775 3882 :Qatnu
810 3759 1201 3882 {seruauere
1219 3761 1342 3882 tte
1355 3777 1416 3883 t?

171 3895 199 3948 A
215 3865 331 3950 at'Flor.
353 3868 510 3967 praeter'H
535 3896 656 3951 omnibus
678 3896 776 3967 legitur
811 3897 885 3965 capiti
910 3899 953 3949 ira
976 3869 1157 3965 pdraeoerets
1194 3898 1307 3966 itumque
1324 3848 1414 3967 Jibtius

170 3981 220 4036 pro
237 3964 309 4035 vulg.
325 3966 414 4018 oinod.
810 3966 898 4018 animo
917 3968 966 4018 det.
984 3965 1035 4018 Est
1053 3965 1134 4035 igitur
1151 3915 1212 4018 dol.
1231 3969 1293 4019 doto
1305 3982 1415 4036 pugnae

206 4035 229 4100 §.
248 4039 272 4086 6.
307 4036 420 4087 nondum
439 4043 513 4102 terga
530 4049 620 4087 onmes
637 4033 699 4086 libri
715 4051 776 4087 mss.
810 4035 896 4102 spatio
917 4032 987 4086 idem
1006 4035 1061 4087 fere
1079 4043 1161 4104 atque
1182 4051 1242 4088 oum
1259 4052 1350 4106 pugna
1366 4034 1414 4088 ali-

171 4101 262 4170 ango
279 4100 384 4156 inverso
400 4101 493 4156 ordine
509 4103 590 4156 verba
607 4101 775 4156 oollooontur.
810 4101 934 4172 quamdin
951 4102 1059 4156 remissa
1076 4110 1153 4157 esset.

205 4173 229 4237 §-
256 4177 279 4224 7.
326 4173 388 4223 doto
417 4188 526 4240 popone
561 4172 662 4250 spatio]
699 4169 777 4224 Hane
848 4172 954 4242 Τι’ρνὶη]
989 4172 1118 4225 Extrema
1135 4171 1213 4224 litera
1235 4190 1253 4222 n
1274 4170 1345 4225 Flor.
1364 4171 1414 4224 AB

171 4237 287 4292 omnium
305 4239 381 4292 codd.
399 4249 427 4292 et
445 4238 589 4294 editionum
607 4249 777 4309 antiquarum
810 4240 891 4293 Bern.
909 4240 944 4297 A.
980 4240 1047 4294 Mox
1068 4242 1233 4309 Babylonem
1250 4239 1325 4293 Leid.
1342 4239 1414 4294 Flor.

171 4306 313 4360 lectionem
330 4307 415 4360 Aldus
438 4307 538 4378 primus
559 4307 598 4360 ita
614 4306 728 4360 mutavit
745 4313 777 4360 ut
810 4308 927 4375 A2Bern.
943 4310 977 4376 A,
996 4310 1165 4362 Bobillonom
1183 4309 1259 4362 Voss.
1277 4317 1301 4376 1,
1319 4307 1416 4378 reliqui

171 4377 330 4446 dolosaque
347 4378 433 4444 spatio
451 4375 603 4445 corrigeret,
622 4391 707 4445 neque
716 4375 776 4430 Mo-
810 4377 979 4430 Bobiloniam
1003 4395 1023 4432 s.
1041 4379 1234 4444 Bobilloniom‚
1260 4395 1327 4430 unus
1344 4377 1415 4430 Flor.

172 4442 230 4494 dina
246 4461 407 4514 quamquam
424 4444 542 4498 eodicurn
559 4461 666 4498 snorum
681 4444 778 4498 acerri-
811 4444 1015 4500 BBobilonem·
1051 4446 1121 4500 Vide
1139 4447 1173 4499 ad
1190 4461 1240 4514 111,
1259 4453 1293 4514 4,
1312 4453 1336 4499 2.
1372 4459 1414 4512 1v,

173 4528 230 4564 mus
247 4521 375 4582 patronus
393 4513 426 4566 ab
444 4513 513 4568 illius
530 4512 626 4568 iudicio
643 4511 717 4568 abiro
729 4529 776 4566 au·
791 4523 794 4529 '
811 4519 862 4582 at,
881 4521 906 4567 2.
