3268 5286
232 321 305 423 288
700 369 733 432 Q·
762 367 885 422 curru
910 371 995 423 auri

229 566 271 618 rv,
289 557 332 616 22,
350 557 374 604 5.
392 551 524 620 labenda)
547 549 640 602 urbem
656 549 846 603 Alexandriam
869 549 947 606 eondi
965 549 1054 618 iussit,
1077 555 1256 622 superatoque
1272 565 1305 605 eo
1322 557 1413 604 monte
1431 549 1467 602 ad

229 628 294 680 fines
311 627 467 682 Bactrianae
484 625 613 696 pervenit
997 673 999 680 .

298 707 356 772 (15)
380 701 490 756 interim
507 702 605 756 Bessus
627 702 764 757 consilium
782 703 905 776 expedit,
929 703 1035 776 longius
1057 713 1129 759 trans
1148 704 1236 759 Oxum
1254 705 1345 775 (hodie
1364 703 1466 771 Giton)

230 780 370 835 recedendi
397 787 425 833 et
451 779 592 834 contractis
618 779 792 835 accolentium
817 781 990 835 barbarorum
1020 781 1124 835 auxiliis
1150 781 1178 836 in
1204 781 1340 854 Sogdiana
1364 781 1466 834 bellurn

230 857 354 930 gerendi:
373 861 432 928 (16)
448 874 499 911 nee
515 857 550 910 ab
567 873 599 910 ea
616 857 719 911 ratione
729 856 841 911 Gabaris
851 857 985 914 cniusdam
1003 857 1124 913 oratione
1144 859 1300 928 deterretur,
1320 867 1349 912 ut
1366 865 1463 912 semet-

232 935 288 1006 ipse
307 935 462 990 Alexandro
481 935 562 988 dedat
579 934 723 988 suadentis.

301 1013 361 1082 (17)
385 1014 422 1067 Et
439 1012 484 1066 ille
503 1011 611 1083 quidem
628 1011 718 1066 Oxum
735 1012 843 1080 transit,
863 1013 984 1066 desertus
1002 1029 1018 1066 a
1034 1011 1182 1067 Bactrianis
1200 1011 1345 1084 equitibus:
1373 1013 1467 1066 Mace·

232 1089 331 1142 donum
348 1090 493 1158 exercitus,
511 1089 664 1161 priusquam
682 1091 752 1144 culta
770 1090 830 1144 loca
847 1091 1005 1146 Bactrianae
1023 1090 1179 1162 attingeret,
1197 1106 1246 1162 per
1264 1091 1369 1146 deserta
1385 1089 1467 1162 proii-

232 1166 331 1220 ciscens
349 1166 439 1239 inopia
457 1166 573 1221 omnium
591 1183 678 1220 rerum
696 1167 833 1239 premitur.
859 1169 919 1238 (18)
929 1168 1013 1223 Varia
1021 1175 1115 1222 natura
1127 1166 1196 1220 illius
1205 1175 1292 1220 terrae
1302 1167 1466 1222 describiutr.

232 1245 292 1315 (19)
311 1244 412 1299 Bactris
431 1243 527 1298 stativa
543 1243 651 1299 habenti
669 1244 775 1298 nuntius
792 1243 850 1315 regi
870 1245 978 1298 affertur
996 1245 1030 1298 de
1048 1245 1127 1298 rebus
1150 1261 1279 1316 prospere
1298 1245 1369 1318 apud
1386 1243 1467 1296 Arios

231 1321 321 1392 gestis.
361 1320 454 1376 Victus
472 1321 542 1376 enim
558 1321 609 1375 fuit
626 1320 825 1389 Satibarzanes,
843 1319 998 1374 rebellionis
1015 1329 1116 1390 auctor,
1135 1328 1163 1374 et
1180 1320 1306 1392 singulari
1324 1321 1467 1377 certamine

232 1397 266 1453 ab
284 1397 395 1468 Erigyio
414 1397 523 1454 oecisus.

301 1477 360 1542 (20)
378 1475 490 1530 Bessum
508 1475 662 1548 priusquam
680 1475 837 1547 Scytharum
854 1473 953 1528 auxilia
971 1473 1141 1530 advenissent
1158 1483 1332 1548 oompaarrus
1348 1476 1466 1529 Alexan·

233 1553 294 1621 der,
317 1553 452 1608 Artabazo
470 1562 577 1625 satrapa
594 1553 729 1621 instituto,
752 1551 854 1606 Bactris
873 1552 1058 1622 proficiscitur,
1086 1553 1134 1606 sed
1154 1554 1307 1626 priusquam
1325 1555 1360 1608 ad
1378 1553 1468 1608 Oxum

234 1645 339 1683 amnem
356 1631 508 1702 perveniret
525 1631 670 1700 exercitus,
688 1647 736 1702 per
754 1629 906 1700 Sogdianae
925 1631 1029 1684 deserta
1045 1631 1097 1682 iter
1114 1631 1228 1700 faciens,
1246 1640 1322 1686 aestu
1339 1639 1367 1686 et
1383 1648 1468 1702 aquae

233 1706 343 1778 penuria
363 1709 535 1764 vehementer
560 1709 677 1776 laborat,
710 1712 767 1776 (21)
789 1723 854 1778 rege
877 1707 984 1777 quidem
1006 1705 1135 1777 insignem
1159 1709 1239 1762 animi
1260 1707 1469 1780 magnitudinem

233 1784 385 1840 exhibente.
421 1785 554 1858 Singulari
576 1786 681 1840 ratione
704 1785 793 1840 Oxum
817 1793 932 1854 superat.
972 1786 1032 1855 (22)
1053 1783 1121 1837 Mox
1146 1785 1296 1856 cognoscit,
1320 1787 1431 1840 Bessum
1453 1801 1470 1838 a

233 1861 399 1932 Spitamene,
426 1863 622 1935 Sogdianorum
648 1863 765 1934 equitum
791 1862 940 1932 praefecto,
968 1860 1083 1915 vinctum
1104 1863 1191 1916 teneri
1216 1871 1245 1917 et
1265 1864 1346 1917 adse
1363 1861 1470 1918 adduci.

233 1944 291 2006 (28)
309 1940 434 2011 Interim,
458 1939 572 1994 dimissis
589 1939 737 2010 veteranis,
757 1940 791 1992 ad
808 1939 902 1992 urbem
918 1937 1127 1992 Branchidarum
1143 1947 1267 2008 venerat,
1287 1941 1360 2011 quod
1376 1937 1469 2011 prodi-

232 2025 320 2071 torum
343 2018 406 2072 olim
425 2018 554 2073 Graeciae
576 2017 771 2089 receptaculum
793 2015 880 2070 dimit.
925 2018 983 2083 (at)
1009 2019 1065 2069 Iter
1083 2015 1195 2070 Tanaim
1217 2034 1307 2072 versus
1329 2016 1435 2072 sedenti
1455 2034 1472 2069 a

197 2161 200 2168 ,
234 2093 387 2165 Spitamene
410 2095 548 2150 adducitur
565 2096 677 2162 Bessus,
702 2112 781 2166 quem
804 2091 960 2164 propinquis
979 2091 1053 2144 Darii
1076 2092 1146 2147 tradi
1168 2094 1244 2148 iussit
1264 2093 1394 2166 supplicio
1412 2093 1471 2146 affi-

234 2171 356 2225 ciendum
374 2190 407 2227 eo
426 2174 496 2240 loeo,
513 2172 560 2226 ubi
578 2190 670 2243 regem
687 2191 762 2226 auum
780 2171 954 2224 interfecerat.
983 2170 1043 2239 (25)
1053 2168 1184 2242 Latrones
1202 2172 1332 2226 barbaros
1342 2171 1471 2225 obsidens

236 2249 390 2304 Alexander
408 2249 569 2317 vulneratur,
586 2252 633 2304 sed
651 2249 691 2303 illi
708 2247 883 2302 admiratione
900 2247 955 2300 eius
974 2245 1044 2318 capti
1062 2257 1147 2303 semet
1164 2249 1272 2303 dedunt
1299 2248 1360 2302 Rex
1378 2247 1473 2304 lectica

236 2325 483 2380 ferturamilitibus
502 2328 535 2380 de
553 2326 668 2382 muneris
685 2326 755 2380 illius
773 2324 909 2378 iunctione
927 2323 1098 2378 certantibus.
1134 2326 1195 2395 (26)
1212 2326 1374 2381 Maracanda
1384 2325 1472 2380 venit:

236 2401 340 2472 legatos
359 2402 487 2458 Abiorum
505 2403 660 2475 Scytharum
678 2403 764 2470 audit,
787 2400 917 2456 Penidam
939 2402 974 2454 ad
992 2400 1058 2454 elios
1077 2400 1188 2472 Scythas
1206 2411 1278 2458 hans
1296 2403 1408 2458 Tanaim
1426 2422 1472 2458 co-

236 2479 322 2532 lentes
342 2479 437 2548 mittit,
463 2497 498 2534 ne
522 2499 626 2534 munem
649 2481 722 2534 illum
743 2487 878 2534 transeant
898 2477 1067 2532 interdicens.
1109 2478 1207 2533 Cetera
1228 2479 1339 2535 consilia
1365 2481 1473 2536 differre

236 2555 307 2626 cogit
330 2556 525 2627 Sogdianorum
546 2558 676 2626 desectio,
699 2557 733 2612 ad
756 2575 835 2628 quam
857 2557 1030 2610 coercendam
1047 2555 1213 2627 Spitamenes
1237 2568 1376 2628 evocatus,
1399 2561 1475 2631 quod

237 2631 287 2686 sibi
309 2641 453 2701 metueret,
477 2634 556 2688 etiam
578 2634 736 2690 Bactrianos
758 2632 860 2704 equites
883 2633 918 2685 ad
939 2632 1116 2687 rebellionem
1136 2635 1260 2690 concitat.
1296 2638 1356 2706 (27)
1378 2641 1473 2707 Itaque

235 2726 285 2764 rex
309 2710 398 2764 divisis
422 2710 505 2782 copiis
523 2711 679 2784 Cyropolim
702 2721 730 2766 et
747 2711 841 2765 urbem
858 2709 1074 2764 Memacenorum
1094 2721 1260 2784 expugnatas
1283 2713 1377 2781 diruit;
1413 2718 1473 2781 (28)

235 2787 422 2842 Menedemum
438 2790 600 2844 Maracanda
616 2790 707 2859 mittit,
724 2797 754 2843 ut
772 2786 950 2860 Spitamenen
967 2786 1030 2840 inde
1048 2787 1211 2859 expelleret,
1228 2789 1287 2861 ipse
1305 2791 1340 2844 ad
1359 2790 1473 2844 Tanaim

236 2865 426 2920 Alexandriam
443 2868 545 2935 urbem,
563 2867 789 2940 propugnaculum
797 2867 922 2919 adversus
933 2864 1045 2935 Scythas
1058 2865 1214 2921 brevissimo
1233 2875 1353 2938 tempore
1371 2865 1471 2921 condit.

236 2943 296 3013 (29)
316 2943 395 3008 Quod
412 2962 491 3016 aegre
508 2946 596 2999 ferens
613 2963 662 2999 rex
680 2945 837 3015 Scythanrm
864 2945 941 3013 (quos
949 2944 1026 3012 fuleo
1044 2943 1199 3013 Europaeos
1216 2955 1289 2999 vocat
1305 2955 1406 3014 amtor,
1424 2947 1474 2998 du·

231 3022 298 3090 plici
323 3022 422 3090 Taam',
449 3041 557 3093 quorum
579 3025 647 3076 ulter
668 3025 742 3078 hodie
759 3023 834 3088 Duo,
861 3023 929 3074 ulter
950 3021 1036 3074 Sihraa
1056 3031 1175 3090 uocatur,
1203 3024 1269 3076 aaut
1290 3023 1341 3092 apsi
1367 3022 1473 3084 Graeci,

236 3101 369 3168 deceptus)
389 3098 507 3170 equitum
523 3116 646 3170 magnam
662 3117 768 3154 manum
786 3099 889 3152 adeam
897 3098 1069 3152 evertendam
1077 3097 1169 3166 mittit,
1187 3099 1297 3154 dolente
1305 3099 1472 3164 Alexandro,

236 3176 309 3246 quod
326 3176 476 3230 valetudine
492 3175 632 3246 impeditus
650 3193 738 3247 neque
760 3174 896 3242 oratione,
921 3191 1010 3246 nsque
1036 3175 1160 3246 exemplo
1187 3193 1235 3230 suo
1251 3176 1415 3230 Maeedoues
1438 3176 1474 3229 ad

235 3269 352 3322 pugnam
378 3253 483 3306 fortiter
500 3251 700 3322 ingrediendam
723 3250 839 3306 excitare
860 3260 959 3323 posset.
1001 3256 1057 3320 (80)
1080 3251 1176 3324 Itaque
1198 3252 1287 3308 amicis
1309 3251 1473 3324 primumin

237 3329 374 3382 eonsilium
392 3328 528 3383 advocatis
545 3330 706 3398 persuadere
723 3329 826 3396 studet,
848 3337 1014 3400 quantopere
1036 3330 1115 3383 rebus
1139 3330 1192 3384 suis
1215 3329 1342 3402 expediat
1360 3328 1473 3383 Tanaim

236 3406 349 3460 transire
367 3405 575 3475 Scytharumque
598 3405 767 3460 insolentiam
788 3406 919 3477 frangere.
959 3409 1017 3473 (31)
1039 3404 1095 3459 Sed
1112 3423 1171 3461 cam
1188 3425 1245 3461 rem
1262 3423 1354 3460 omnes
1373 3406 1473 3460 dissim-

237 3483 316 3549 dcnt,
340 3481 464 3552 Erigyius
488 3481 567 3535 etiam
589 3482 658 3534 male
675 3482 777 3536 litatum
794 3499 853 3536 esse
870 3483 1024 3536 admonens.
1060 3483 1105 3536 Ira
1121 3493 1269 3538 commotus
1286 3501 1335 3538 rex
1352 3483 1474 3537 Aristan-

239 3561 314 3613 drum
340 3569 429 3612 vatem
454 3558 585 3629 increpat,
613 3577 662 3612 nec
688 3559 721 3611 de
748 3559 881 3614 sententia
907 3559 1019 3614 decedit.
1064 3561 1132 3630 (82)
1159 3561 1269 3616 Interim
1295 3560 1472 3631 Spitamenes,

238 3635 379 3712 ¹assumptis
388 3636 523 3690 Daharum
532 3634 644 3703 auxiliis,
663 3635 851 3690 Menedemum
859 3636 983 3692 cumeiua
999 3655 1078 3690 manu
1096 3636 1305 3700 circumvenerat
1322 3647 1349 3691 et
1366 3637 1472 3692 sortiter

235 3712 405 3768 ‹limicantam
422 3731 481 3768 eum
497 3713 597 3768 maiore
615 3722 691 3784 parte
709 3712 822 3792 militum
838 3714 978 3769 occiderat.
1005 3713 1128 3768 Sedeam
1145 3715 1247 3768 cladem
1264 3715 1385 3770 sollerter
1401 3713 1472 3784 teg't

238 3791 399 3860 Alexander,
417 3793 477 3862 (33)
495 3807 544 3845 nec
561 3809 594 3845 eo
612 3791 696 3846 secius
715 3807 783 3862 quae
800 3791 835 3844 ad
853 3791 965 3846 Tanaim
982 3793 1171 3844 transeundum
1188 3791 1337 3846 necessaria
1355 3791 1471 3859 fuerunt,

238 3877 384 3940 comparat,
411 3877 467 3922 tum
493 3869 606 3940 primum
627 3877 690 3938 post
710 3869 804 3923 vulnus
828 3867 1087 3937 apudMemaccnos
1105 3876 1239 3938 acceptum
1257 3867 1472 3938 inconspectum

237 3945 350 4000 militum
366 3945 499 4017 prodiens
533 3944 627 4016 Legati
646 3945 803 4018 Scytharum
824 3944 852 3998 in
869 3953 955 4000 castra
972 3943 1094 4013 veniunt,
1119 3949 1176 4010 (34)
1195 3953 1223 3998 et
1241 3945 1363 3999 oratione
1381 3944 1472 3999 habita

238 4023 308 4094 regis
326 4023 479 4078 aviditatem
495 4022 657 4093 pauperibus
674 4039 759 4095 aeque
776 4021 941 4076 aedivitibus
958 4021 1081 4092 gentibus
1098 4022 1246 4094 imperandi
1264 4021 1471 4092 reprehendunt,

169 4147 175 4153 .
239 4105 296 4170 (35)
314 4101 424 4171 periculi
441 4099 599 4153 imminentis
618 4099 769 4167 admonent,
787 4116 861 4153 suam
877 4098 1016 4154 amicitiam
1032 4098 1124 4170 aequis
1142 4098 1340 4153 conditionibus
1349 4099 1472 4152 offemnt.

239 4181 296 4244 (36)
316 4176 418 4241 Quibus
435 4175 547 4230 dimissis
564 4176 718 4230 Alexander
736 4176 881 4230 exereitum
899 4193 1043 4248 sanequam
1059 4175 1145 4248 perite
1162 4177 1260 4230 flumen
1278 4174 1390 4245 traiicit,
1415 4181 1473 4244 (87)

239 4253 351 4324 Scythas
369 4254 439 4308 sacto
458 4250 557 4323 impetu
574 4252 701 4324 propellit
718 4262 746 4307 et
763 4253 843 4323 longe
860 4254 1035 4325 persequitur.

309 4336 367 4399 (38)
394 4331 456 4396 Qua
476 4329 587 4386 victoria
610 4330 784 4385 barbarorum
809 4329 889 4384 enimi
914 4331 1005 4400 freed,
1032 4330 1102 4402 regis
1129 4330 1268 4386 clementia
1293 4329 1473 4386 eoncffianau.

240 4409 307 4464 Inde
323 4408 485 4462 Maracanda
501 4425 622 4462 reversus
643 4407 759 4463 rebelles
778 4406 929 4478 Sogdianos
952 4406 1024 4462 omni
1045 4408 1122 4462 clade
1139 4408 1285 4477 ulciscitiu,
1309 4409 1369 4478 (39)
1388 4423 1474 4478 neque

240 4496 330 4544 mmen
346 4503 401 4542 non
418 4483 499 4560 ctiam
515 4484 670 4542 clementiae
688 4483 788 4556 aliquid
805 4485 907 4554 trihuit,
925 4483 1037 4542 cuiumis
1054 4484 1157 4540 virtutis
1179 4484 1208 4539 in
1224 4486 1302 4541 hoste
1321 4483 1475 4539 admirator.
