3254 5292
243 366 292 436 74
706 384 740 448 Q.
769 382 893 434 caeru
917 383 1003 435 nasu

240 565 455 657 manaverit,
489 566 586 657 urbi,
613 575 721 663 quam
747 564 912 640 obsidere
940 565 1196 654 destinassent,
1223 562 1373 637 exitium
1398 588 1480 662 por·

241 676 398 750 tendere.
450 676 659 750 Alexander
693 701 774 749 cum
809 687 846 749 et
884 676 1035 749 classem
1074 673 1199 772 procul
1236 674 1403 765 haberet,
1442 684 1532 747 et1⁵

241 787 385 885 longam
418 786 640 859 obsidionem
674 811 806 885 magno
834 786 901 859 sibi
928 784 975 859 ad
1001 795 1121 859 cetera
1146 784 1402 883 impedimento
1428 784 1480 856 vi·

242 896 344 970 deret
376 899 469 988 fore,
504 895 775 987 caduceatores,
808 897 868 994 qui
901 895 949 970 sd
973 921 1099 995 paoem
1125 920 1187 968 eos
1214 895 1479 992 compellerent,

220 1003 353 1080 misit:
389 1031 480 1106 quos
506 1006 605 1106 Tyrii
640 1007 847 1079 contraius
872 1007 1035 1105 gentium
1061 1007 1197 1078 accisos
1223 1004 1479 1102 praecipitave-

240 1127 327 1190 runt
360 1119 397 1190 in
432 1119 555 1190 altum.
620 1115 741 1213 Atque
781 1117 840 1190 ille
874 1141 1023 1190 suorum
1060 1127 1136 1190 tam
1175 1113 1324 1213 indigna
1361 1123 1480 1188 morte

241 1238 452 1318 commotus,
478 1227 607 1300 urbem
633 1225 798 1300 obsidere
825 1227 962 1301 statuit.

192 1341 239 1412 10
344 1333 416 1410 Sed
442 1347 527 1410 ante
551 1336 714 1410 iacienda
737 1339 850 1410 moles
877 1345 970 1426 erat,
1006 1361 1099 1433 quae
1129 1334 1324 1408 continenti
1350 1332 1478 1406 urbem
1497 1347 1529 1396 16

240 1447 487 1520 committeret
526 1445 657 1546 Ingens
684 1473 770 1546 ergo
797 1447 934 1521 animos
959 1445 1113 1519 militum
1139 1444 1341 1543 desperatio
1366 1443 1478 1516 inoes-

240 1555 296 1646 sit,
323 1557 545 1630 cernentium
569 1557 788 1656 profundum
813 1581 922 1646 mare,
939 1555 1036 1655 quod
1062 1557 1126 1630 vix
1151 1555 1275 1628 divim
1303 1579 1372 1652 ope
1397 1577 1478 1651 pos·

240 1675 297 1737 set
321 1665 475 1764 impleri:
511 1691 603 1764 quae
629 1691 719 1741 saxa
744 1679 821 1740 tam
846 1677 967 1757 vasta,
1001 1691 1089 1764 quas
1121 1677 1196 1740 tam
1227 1687 1396 1763 proceras
1424 1688 1477 1735 ar·

239 1774 345 1848 bores
371 1801 479 1874 posse
505 1777 675 1874 reperiri?
714 1777 976 1852 exhauriendas
1003 1801 1082 1849 esse
1108 1776 1287 1875 regiones,
1322 1783 1364 1846 ut
1390 1770 1478 1846 illud

240 1886 396 1982 spatium
422 1898 717 1985 exaggeraretur:
753 1897 967 1962 exaestuare
994 1911 1135 1984 semper
1159 1887 1306 1975 fretum,
1334 1907 1477 1981 quoque

239 1996 351 2068 artius
383 1997 567 2070 volutetur
601 1998 694 2070 inter
725 1997 878 2070 insulam
911 2007 948 2069 et
980 1997 1236 2085 continentem,
1263 1994 1332 2066 hoc
1360 1993 1476 2066 acrius

238 2105 365 2178 harere.
417 2105 469 2177 At
499 2107 558 2179 ille
591 2107 868 2204 haudquaquam
898 2105 998 2179 rudis
1030 2103 1274 2203 pertractandi
1304 2104 1475 2176 militares
1495 2126 1525 2174 u

239 2275 319 2343 dices,
338 2278 384 2329 sed
401 2277 544 2332 deteriores
563 2279 645 2346 (Flor.
660 2297 750 2334 omnes
781 2297 839 2333 rae-
874 2278 1019 2342 Quaaritur
1036 2285 1125 2330 autem
1142 2295 1205 2331 num
1223 2277 1353 2331 ablativus
1370 2276 1475 2331 absolu·

238 2352 282 2397 ter
300 2345 363 2411 AB,
381 2345 462 2398 Bern.
486 2346 605 2401 BVoss.
618 2354 661 2414 2),
680 2347 700 2401 s'
767 2363 839 2401 arem
873 2355 917 2399 tus
942 2346 1007 2417 poni
1033 2345 1130 2416 possit,
1161 2345 1206 2399 ubi
1231 2345 1302 2399 idem
1327 2346 1476 2399 subiectum

240 2414 395 2466 destinasset
404 2414 511 2481 habent,
529 2415 600 2486 quod
616 2415 839 2470 adAlexandrum
873 2412 1191 2483 ahocasupraecesserit,
1209 2414 1276 2466 etsi
1313 2421 1394 2480 otest,
1411 2430 1476 2465 num

239 2499 293 2533 non
316 2480 385 2533 male
410 2482 501 2534 reterri
522 2491 627 2552 posset,
654 2483 680 2536 ni
703 2483 840 2537 meliorum
872 2481 953 2535 etism
974 2480 1140 2561 perticipium
1163 2480 1257 2535 omisso
1280 2431 1396 2536 ablativo
1413 2481 1475 2534 sab·

240 2548 385 2602 auctoritas
412 2549 584 2619 praevaleret.
625 2550 752 2606 Ceterum
776 2551 839 2604 Ari-
872 2548 936 2603 iecti
954 2549 1039 2603 solum
1056 2565 1094 2603 sse
1146 2549 1174 2602 ni
1191 2549 1283 2620 possit.
1319 2549 1398 2613 Quod
1415 2565 1475 2602 cum

239 2617 377 2670 standrum
387 2616 588 2671 Telmissensem
607 2619 686 2672 fuisse
703 2636 738 2672 ex
755 2618 839 2690 Lycia
873 2635 927 2671 non
944 2617 1091 2670 existimem
1118 2617 1155 2670 eri
1172 2633 1257 2687 posse,
1275 2617 1373 2670 veteris
1385 2615 1474 2669 mendi

239 2683 400 2738 Plutarchus
432 2686 459 2738 in
486 2686 564 2740 Alex.
596 2693 611 2740 2
642 2687 739 2754 tradit,
785 2688 838 2741 uod
873 2685 1062 2740 oonectionem
1079 2703 1113 2739 ex
1131 2685 1215 2738 alters
1232 2687 1309 2739 codd
1321 2685 1474 2738 mssclasse

239 2751 367 2832 oppidum
377 2753 558 2824 haruspicinae
573 2756 745 2810 sedemretus
780 2772 838 2809 rse-
873 2753 980 2825 recipio.
1016 2753 1122 2807 Medius
1145 2753 1251 2824 quidem
1273 2754 1302 2807 in
1318 2752 1476 2807 menbranis

240 2837 281 2874 aa
307 2821 398 2886 novit,
425 2821 538 2876 testibus
555 2823 694 2878 Herodoto
711 2839 736 2892 1,
756 2830 789 2878 78
812 2833 841 2877 at
874 2820 927 2875 suis
953 2837 981 2874 se
1003 2821 1069 2874 dicit
1091 2821 1220 2874 invenisse
1242 2823 1339 2876 animis
1365 2823 1477 2874 militum

239 2887 354 2942 Arriano
376 2904 415 2956 11,
442 2897 467 2944 8.
509 2891 659 2945 Comitatus
685 2899 726 2945 est
751 2908 839 2962 regem
875 2891 947 2959 desp.
965 2891 1072 2943 incessit
1089 2897 1118 2942 et
1134 2889 1191 2959 ipse
1208 2889 1301 2958 edidit,
1320 2889 1387 2942 sicut
1400 2894 1474 2954 nat

239 2956 397 3010 Aristander
413 2974 497 3028 usque
514 2961 548 3012 ad
561 2960 707 3022 Iaxartem,
725 2959 752 3013 in
768 2959 840 3014 auius
874 2964 903 3009 et
920 2971 977 3024 vn,
1004 2963 1038 3010 40
1056 2959 1149 3026 cupido
1168 2959 1273 3011 incessit
1291 2959 1378 3010 auimo
1395 2955 1476 3025 vulgo

239 3023 353 3078 fluminis
366 3025 616 3081 traiectuultimum
629 3027 780 3082 nominatur
788 3043 839 3095 vn,
874 3023 985 3094 legitur,
1013 3027 1174 3078 remeabas
1198 3035 1287 3079 autem
1309 3041 1415 3096 prorsus
1433 3039 1476 3076 su·

240 3100 282 3146 31.
309 3092 368 3146 Lib.
386 3109 432 3161 rx,
458 3101 490 3149 18
507 3095 667 3166 Demophon
692 3095 762 3150 illius
779 3096 840 3150 loco
875 3093 952 3146 stulit
975 3101 1068 3147 contra
1085 3092 1172 3147 Curtii
1194 3095 1325 3148 rationem
1346 3090 1477 3146 scribendi

241 3159 311 3214 eirea
328 3177 418 3231 regem
436 3169 485 3215 est
874 3169 903 3214 et
920 3160 1094 3225 librariorum,
1118 3161 1220 3232 opinor,
1245 3160 1413 3227 sententiam,
1431 3157 1477 3230 qui

274 3231 296 3306 5.
318 3234 357 3279 15.
375 3239 427 3281 tam
446 3232 557 3299 indique
578 3234 668 3298 morte]
703 3232 776 3286 Nece
792 3247 842 3302 per
875 3230 972 3282 animis
996 3229 1120 3283 videntur
1142 3245 1201 3282 eam
1224 3231 1258 3283 ob
1284 3246 1389 3282 cauam
1418 3244 1477 3282 cor·

239 3293 369 3348 editiones
386 3307 563 3366 propagatur,
582 3299 628 3350 sed
646 3307 795 3352 nostrorum
812 3307 841 3353 et
873 3296 971 3350 rexisse
988 3306 1019 3350 ut
1036 3297 1119 3352 eoiret
1135 3314 1194 3350 cum
1211 3298 1381 3350 camertibus.

239 3361 321 3416 snak.
339 3362 467 3416 librorum
487 3364 516 3416 in
539 3383 592 3418 uno
609 3363 681 3419 Flor.
698 3365 722 3418 F
740 3366 840 3420 inveni-
908 3375 936 3418 ut
963 3367 1031 3419 illud
1052 3369 1165 3435 spartian
1186 3374 1391 3434 exaggeraretur
1413 3359 1430 3415 i.
1449 3378 1473 3417 e.

239 3439 292 3483 tur.
328 3429 382 3482 Sed
408 3449 458 3500 pro
482 3441 535 3488 tau
557 3432 585 3484 in
606 3431 739 3512 plerisque
763 3434 839 3487 codd.
874 3449 972 3552 aggere
989 3433 1148 3504 expleretur.
1182 3432 1273 3554 Vulgo
1290 3440 1477 3501 superaretur:

1260 3518 1277 3553 n

240 3496 321 3550 iuml
356 3497 417 3564 tur,
436 3499 505 3569 quod
522 3507 583 3554 tuto
600 3499 710 3570 recipiat
728 3501 768 3556 cui
783 3502 840 3572 pla-
873 3517 901 3552 se
938 3502 1014 3554 codd.
1032 3509 1226 3556 nostrorumst
1278 3499 1320 3552 alr.
1335 3515 1476 3552 cousensus

241 3573 292 3618 aet.
356 3565 412 3618 obis
429 3567 553 3620 mendum
570 3567 710 3622 videbatur
732 3577 805 3623 recte
823 3587 840 3622 a
873 3585 923 3638 pro
940 3569 1015 3622 nobis
1032 3578 1088 3623 stat
1104 3585 1153 3622 neo
1169 3567 1254 3622 minus
1263 3585 1324 3620 usus
1339 3564 1475 3636 loquendi,

239 3633 316 3687 Iunio
340 3634 487 3702 sublatum,
509 3653 526 3688 a
542 3635 634 3690 Modio
651 3653 715 3690 vero
732 3637 839 3692 restitu-
875 3637 910 3690 ei.
919 3651 961 3703 vr,
973 3643 1012 3690 17.
1035 3639 1173 3707 Apparere
1186 3635 1256 3690 enim
1270 3640 1410 3706 politanum
1425 3641 1475 3686 est.

239 3713 305 3755 tum.
345 3701 384 3755 Et
405 3701 504 3772 legitur
529 3714 581 3757 tam
605 3703 632 3757 in
656 3704 736 3758 Bern.
763 3706 789 3758 A
812 3714 841 3759 et
908 3715 1062 3758 exaestuare
1088 3723 1187 3775 semper
1203 3705 1319 3775 fretum]
1363 3703 1476 3756 Addunt

240 3769 321 3836 (sicut
343 3786 358 3822 e
382 3769 485 3825 silentio
503 3771 697 3842 snakenburgii
715 3773 838 3841 coniicio)
873 3772 954 3842 mlgo
972 3782 1004 3826 et.
1040 3773 1094 3826 Sed
1117 3781 1206 3827 ortum
1225 3773 1276 3826 hoc
1293 3789 1326 3825 ex
1345 3769 1477 3844 praeposi-

239 3836 267 3890 in
285 3838 362 3891 Voss.
383 3845 405 3891 l.
873 3839 946 3894 tione
963 3839 1037 3894 verbi
1055 3840 1200 3910 compositi,
1219 3857 1281 3894 nam
1291 3839 1393 3910 aliquot
1402 3837 1475 3892 oodd.

275 3905 342 3974 Cap.
371 3914 417 3974 10,
444 3910 468 3975 ξ.
493 3915 534 3962 1s.
569 3911 709 3962 continenti
738 3911 838 3990 urban]
874 3925 932 3960 oum
950 3908 1014 3961 edit.
1032 3925 1073 3978 pr.
1092 3919 1115 3961 et
1129 3919 1250 3962 aestuare
1265 3909 1393 3976 (estuare)
1403 3905 1474 3958 Flor.

238 3973 299 4026 Hoc
316 3973 407 4027 ordine
424 3977 662 4030 verborumomues
671 3977 745 4030 codd.
755 3987 839 4032 nostri
874 3975 950 4029 ΟΕΗ
967 3977 1047 4030 Bern.
1065 3977 1099 4043 B,
1117 3975 1238 4046 plerique
1255 3992 1318 4029 uero
1335 3974 1402 4028 sieut
1419 3971 1475 4026 edi-

238 4040 358 4160 {me‘lue
375 4059 391 4094 a
408 4043 489 4096 Snalr.
507 4043 597 4098 collati
621 4062 680 4099 cum
697 4045 760 4099 edit.
778 4045 838 4100 Mo·
873 4043 1254 4165 dimusffiteaagstuarctquod
1263 4043 1347 4096 Aldus
1359 4040 1474 4110 invexit)

268 4125 327 4162 aua.
875 4129 942 4165 unus
992 4129 1030 4166 or.
1076 4151 1081 4164 .

274 4178 443 4249 cernentium]
482 4179 528 4233 sio
547 4180 652 4250 quidem
670 4180 841 4250 participium
910 4184 933 4249 ξ.
953 4189 992 4234 rt.
1015 4181 1199 4248 pertractandi
1216 4181 1344 4233 militares
1362 4179 1474 4246 animos]

240 4245 363 4298 cohaeret
378 4262 437 4299 cum
448 4265 603 4317 praegresso
611 4251 730 4314 miiitum,
750 4267 841 4302 verum
874 4249 1062 4302 Penraetaadi
1079 4247 1139 4301 libri
1157 4265 1233 4314 msa,
1251 4246 1316 4300 editi
1334 4247 1475 4300 tractandi.

239 4311 321 4365 lectio
339 4313 442 4367 incerta
459 4324 508 4380 est,
528 4333 589 4368 nam
605 4316 676 4368 Flor.
691 4316 741 4368 AB
760 4317 840 4370 Bern.
874 4317 1042 4370 Pertractarc
1063 4317 1165 4370 animos
1191 4317 1321 4368 hosuiaum
1345 4332 1398 4367 non
1414 4330 1475 4366 rano

238 4385 265 4435 A
282 4379 356 4433 Laid.
374 4381 450 4435 Voss.
471 4391 482 4435 1
508 4383 600 4453 fragm.
619 4383 769 4438 Darmsted.
787 4402 840 4437 non
875 4383 970 4438 Oicero
988 4382 1073 4450 dixit,
1097 4399 1257 4453 quamquam
1274 4383 1343 4436 idem
1361 4381 1388 4434 in
1406 4388 1476 4433 orat.

240 4451 397 4502 cernentium
440 4451 487 4504 sed
530 4453 691 4506 sementibus
732 4453 839 4506 habeut.
874 4459 907 4506 28
926 4450 1093 4522 eloquentiae
1110 4467 1166 4506 esse
1183 4450 1221 4504 ait
1236 4460 1350 4505 tractare
1365 4449 1476 4503 animos.
