3238 5296
197 381 272 453 378
685 403 718 466 o.
738 401 861 454 cuam
886 405 971 457 aun

196 585 305 658 monii
330 586 407 660 iure
432 585 524 658 velle
550 585 658 684 iungi.
709 585 897 686 Insperato
928 587 1061 688 gaudio
1089 589 1205 662 lactus
1231 601 1335 688 pater
1360 615 1432 664 ser·
1450 610 1482 660 2⁷

196 720 339 772 monem
376 697 452 769 eius
491 696 639 794 excipit:
675 708 712 771 et
742 724 808 774 rex
841 700 879 772 in
910 699 1027 773 medio
1065 699 1268 799 cupiditatis
1303 701 1433 776 ardore

195 809 299 882 iussit
325 809 443 882 afferri
469 808 585 906 patrio
617 835 716 884 more
748 836 887 909 panem.
939 810 1019 883 Hoc
1045 823 1122 885 erat
1147 811 1242 911 apud
1269 812 1433 887 Macedo·

196 945 260 993 nes
287 920 549 994 sanctissimum
575 923 778 995 coeuntium
803 923 951 1022 pignus,
986 946 1092 1020 quem
1126 923 1280 996 divisum
1311 923 1431 1023 gladio

196 1041 346 1130 uterque
372 1032 516 1105 libabat.
570 1029 686 1106 Credo
713 1058 785 1124 eos,
812 1035 872 1131 qui
897 1035 1013 1133 gentis
1039 1059 1157 1108 mores
1184 1034 1431 1126 condiderunt,
1449 1054 1485 1103 aa

194 1167 303 1242 parco
331 1155 368 1218 et
392 1144 542 1243 parabili
567 1145 665 1218 victu
691 1143 880 1219 ostendere
906 1147 1062 1220 voluisse
1083 1147 1311 1244 iungentibus
1333 1171 1432 1244 opes,

196 1257 368 1352 quantulo
394 1257 552 1330 contenti
578 1281 657 1330 esse
684 1255 865 1331 deberent.
917 1257 996 1330 Hoc
1027 1258 1135 1330 modo
1168 1281 1235 1331 rex
1261 1257 1368 1330 Asiae
1395 1267 1434 1330 et
1450 1277 1485 1324 as

196 1365 361 1466 Europae
400 1367 640 1442 introductam
678 1369 771 1442 inter
815 1371 1019 1444 convivales
1057 1368 1161 1442 ludos
1206 1367 1433 1441 matrimonio

197 1479 263 1553 sibi
289 1477 462 1568 adiumrit,
489 1504 509 1552 a
536 1479 678 1578 captiva
702 1481 898 1578 geniturus,
925 1483 984 1579 qui
1009 1481 1204 1554 victoribus
1230 1480 1433 1577 imperaret

195 1588 361 1664 Pudebat
386 1589 529 1681 amicos,
556 1614 664 1688 super
689 1591 812 1664 vinum
833 1602 870 1665 et
891 1593 1014 1690 epulas
1041 1615 1203 1664 socerum
1229 1615 1276 1663 ex
1302 1589 1486 1666 deditisne

195 1725 274 1774 csse
292 1700 488 1774 delectum:
515 1700 579 1775 scd
597 1713 680 1800 post
698 1699 778 1776 Cliti
797 1702 942 1776 caedem
959 1703 1123 1776 libertate
1140 1701 1290 1793 sublata,
1317 1703 1433 1794 vultu,

195 1813 256 1909 qui
281 1813 436 1887 maxime
462 1815 582 1903 servit,
609 1815 904 1888 assentiebantur.

148 1925 194 1995 lt
299 1921 466 1997 Ceterum
491 1924 630 1998 Indiam
657 1925 800 1999 atinde
827 1924 1012 2001 Oceanum
1043 1925 1238 2023 petiturus,
1272 1947 1319 1997 ne
1345 1922 1433 2022 quid
1452 1943 1485 1991 v.

196 2046 364 2134 atergo,
400 2036 496 2134 quod
529 2036 706 2110 destinata
736 2037 908 2136 impedire
940 2045 1081 2135 posset,
1119 2043 1344 2126 moveretur,
1384 2059 1433 2108 ex

195 2146 577 2245 omnibus'provinciis
603 2172 683 2221 xiix
708 2150 804 2222 milia
829 2149 1007 2222 iuniorum
1031 2147 1102 2246 legi
1126 2146 1230 2220 iussit
1255 2157 1292 2220 et
1318 2145 1365 2219 ad
1392 2171 1432 2220 se

194 2268 333 2331 anneta
357 2258 514 2356 perduci,
545 2259 688 2333 obsides
714 2262 819 2333 simul
843 2261 1030 2334 habiturus
1057 2269 1093 2334 et
1117 2257 1258 2330 milites.
1310 2255 1465 2332 Orate-a

194 2391 275 2442 rum
306 2377 427 2442 autem
458 2369 504 2442 ad
535 2370 801 2469 persequendos
832 2370 1055 2446 Haustanem
1086 2381 1123 2443 et
1149 2365 1335 2460 Oatenem,
1371 2371 1433 2467 qui

194 2602 329 2670 Acidalio,
356 2603 429 2657 cuius
446 2603 598 2658 coniectura
613 2612 645 2658 ut
665 2607 715 2659 rite
732 2605 795 2660 scri·
882 2613 941 2662 .80.
969 2623 1024 2662 esse
1042 2609 1174 2676 delectum]
1202 2605 1246 2662 Sic
1263 2622 1353 2660 omnes
1369 2622 1433 2660 mss.

194 2673 273 2726 batur
289 2690 343 2753 non
360 2671 483 2744 equidem
497 2672 633 2753 displicet,
656 2675 701 2728 sed
719 2692 795 2745 prae·
829 2611 880 2729 sed
883 2676 1005 2737 ediderat
1013 2695 1079 2731 unus
1088 2675 1203 2742 Medius,
1212 2674 1308 2746 reliqui
1317 2677 1424 2728 elcanan

193 2741 796 2882 ttt.⁰t;ttttltlttl²tt³tttttt
829 2743 1354 2934 ...⁰:ttttttfptfttttttt
1373 2743 1434 2863 Al.

193 2895 251 2933 earu
272 2879 307 2933 ob
328 2896 398 2946 rem,
426 2879 496 2962 quod
523 2879 549 2933 in
573 2879 651 2952 plena
676 2881 795 2935 oratioue
828 2881 924 2952 risque,
941 2881 1047 2935 additur
1065 2883 1098 2934 ab
1142 2881 1194 2948 ido,
1217 2880 1303 2946 Iunio,
1326 2878 1355 2931 M
1394 2877 1429 2946 ⁸,
1469 2889 1480 2910 ⁸

193 2955 235 3002 est
256 2950 349 3018 itaque.
384 2948 486 3017 Attrgit
514 2965 572 3002 eam
593 2965 650 3002 rem
673 2949 795 3004 Handius
828 2951 971 3003 secuudum
985 2949 1156 3004 Flor.DFGl
1173 2948 1340 3020 (quibuscum
1350 2947 1429 3000 Patr

193 3016 221 3070 in
239 3015 388 3071 'lbrselliuo
404 3017 457 3071 vol.
471 3031 514 3085 ω,
531 3023 630 3098 ρ.,480,
649 3019 694 3099 sed
711 3035 794 3098 uuum
828 3017 912 3098 facit).
946 3021 1042 3089 Itaque
1065 3018 1091 3071 in
1113 3017 1200 3088 priore
1216 3017 1280 3070 edit.
1299 3034 1352 3071 nou
1365 3015 1434 3096 'sine

193 3086 795 3224 mussemutinae
828 3087 1433 3234 ..nummu

189 3225 305 3293 parcite,
332 3224 401 3276 diui:
426 3225 468 3276 sin
485 3224 584 3291 minus,
615 3227 671 3276 alta
698 3227 795 3277 cudens
829 3239 878 3276 uec
893 3224 1040 3304 emendatio
1049 3222 1178 3277 Curtiana
1192 3221 1296 3302 illorum
1313 3222 1434 3301 codrqum

194 3291 286 3344 obruor
303 3293 375 3343 undo
393 3301 478 3370 ceput.
604 3362 609 3372 Ι
716 3360 721 3372 ¹
830 3299 990 3372 auctcntate
998 3307 1088 3372 carere
1100 3289 1433 3370 potem-Suspicoretram

194 3362 454 3496 ..tunnul-
471 3368 582 3506 unt
600 3361 796 3496 aman
830 3361 945 3481 asts
961 3359 1139 3482 ululatu
1155 3437 1436 3481 ...

194 3511 264 3559 mus,
297 3510 455 3564 quamquam
481 3502 601 3574 sequntur
625 3495 795 3574 praetentum
831 3495 994 3550 scriberetur.

194 3563 289 3615 iussit.-
306 3579 348 3614 ars
366 3562 431 3615 haec
448 3569 489 3614 cst
505 3564 646 3615 narrandae
662 3572 794 3630 oratroms,
864 3565 1029 3618 Hecatonem
1048 3574 1072 3617 et
1087 3563 1207 3617 Ualentem
1247 3562 1381 3616 Suskeub.
1398 3577 1434 3615 ex

194 3630 267 3684 cuius
284 3630 368 3711 multa
384 3630 505 3701 exempla
522 3647 580 3684 eum
596 3631 640 3684 alii
654 3631 796 3712 scriptores
830 3649 907 3712 more·
920 3651 967 3714 suo
985 3635 1140 3714 Haustanen
1158 3641 1201 3712 et·
1220 3633 1319 3684 ’stenen
1338 3647 1436 3711 grpees
1523 3689 1528 3700 ,

194 3707 251 3751 tum
279 3698 387 3753 Curtius
413 3701 530 3770 praebet.
571 3699 629 3754 Nec
657 3717 796 3770 quicquam
830 3709 1025 3763 terminatione,
1043 3709 1071 3754 et
1087 3717 1123 3754 stc
1141 3700 1350 3765 astutorum,
1369 3707 1435 3752 rtem

194 3766 247 3820 tl.
265 3765 292 3848 ip
310 3783 339 3820 re
356 3767 496 3838 improvisa
512 3767 683 3822 describenda
700 3769 796 3840 aptius.
832 3771 988 3822 Haustanen
1006 3769 1076 3823 Flor.
1094 3767 1198 3835 DFGI,
1221 3768 1343 3848 ‘Cutenen
1360 3767 1434 3820 Flor.

195 3834 288 3916 Secun
304 3843 392 3889 autern
410 3855 497 3890 sumus
515 3855 570 3891 non
587 3855 668 3890 unum
685 3847 713 3890 et
730 3837 796 3890 alte-
830 3837 983 3904 ABOFGI‚
1011 3839 1057 3890 sed
1078 3853 1157 3906 supra
1184 3838 1228 3890 ubr
1249 3835 1313 3890 illud
1335 3851 1435 3916 pomeri

194 3921 253 3958 rum
270 3903 365 3957 librum
382 3923 430 3958 ms.
447 3907 493 3958 sed
510 3915 616 3976 praeter
632 3906 706 3959 Leid.
716 3905 796 3958 Voss.
831 3906 969 3976 legebatur
986 3920 1038 3971 vn,
1057 3911 1127 3958 met
1141 3910 1174 3958 28
1195 3905 1317 3958 Carenem
1334 3921 1361 3957 m
1395 3903 1435 3956 le-

197 3979 208 4025 1
230 3973 395 4052 omnesufere
413 3983 532 4052 npstros,
551 3975 680 4054 'quoniam
698 3975 797 4043 excepit
831 3975 919 4045 risque
936 3982 1002 4040 erat,
1022 3972 1148 4054 imprimis
1166 3972 1193 4054 ip
1211 3973 1282 4026 Flor.
1293 3972 1350 4025 AB.
1405 3989 1435 4025 e-

196 4042 265 4112 quod
271 4041 385 4120 'Alcimus
394 4042 480 4098 editor
497 4043 571 4095 dedit
588 4060 643 4095 non
660 4043 796 4096 inventum
832 4059 884 4113 que
901 4051 1078 4096 constantiam
1095 4059 1122 4121 m
1139 4041 1237 4094 talibus
1253 4041 1333 4120 rebus
1374 4057 1436 4094 rse-

195 4117 237 4162 est
250 4127 302 4190 mer
315 4127 343 4188 ru
352 4108 423 4162 Flor.
434 4109 505 4163 DFI.
530 4109 571 4163 Cf.
585 4109 693 4164 similem
709 4127 796 4192 emep·
832 4111 914 4192 stsbie
932 4111 981 4164 nisi
998 4110 1051 4162 vim
1064 4110 1124 4162 burc
1138 4117 1185 4162 aut
1199 4109 1236 4192 illi
1253 4117 1322 4180 parti
1331 4057 1436 4198 adens.

195 4177 279 4299 itt
292 4179 797 4315 tltttnt.tt.¹tlt.tllttt
831 4182 1438 4313 lt't‘t.¹tn?tttttt⁰t.nttft

195 4330 257 4366 uam
278 4313 499 4384 praepositionem
521 4331 610 4368 omnes
632 4315 691 4369 libri
712 4313 796 4368 nostri
832 4314 865 4382 dr)
878 4316 965 4385 μόνοι
978 4319 1019 4368 ἔτι
1030 4313 1219 4366 ὑπελείποντο
1233 4319 1265 4366 ἐν
1277 4321 1312 4385 τῇ
1324 4319 1436 4384 Παραι-

196 4391 225 4436 et
242 4381 323 4436 Snelr.
341 4399 395 4462 uno
411 4382 482 4437 Flor.
500 4382 514 4435 I
530 4392 642 4454 excepto
660 4383 796 4450 exhibent,
830 4389 963 4450 τακηνῶν
979 4380 1090 4455 χώρᾳά
1116 4381 1270 4464 emundare.
1305 4379 1360 4435 Sed
1381 4381 1437 4434 Ca-

195 4451 295 4505 habent
311 4459 391 4504 atram
408 4451 499 4506 lunius
515 4453 543 4506 in
560 4451 678 4523 margine
694 4461 723 4506 et
735 4451 796 4506 Mo·
831 4463 900 4507 tenes
920 4461 1010 4506 tamen
1031 4468 1082 4520 spu
1123 4449 1245 4528 Curtium
1266 4467 1371 4519 semper
1392 4458 1437 4504 cst

196 4521 256 4574 dius
271 4519 299 4574 in
315 4525 402 4574 textu
894 4539 908 4575 e
924 4519 1056 4587 vocalem,
1078 4519 1106 4572 iu
1247 4527 1337 4572 eutem
1358 4519 1437 4572 lrbns

829 4538 878 4592 rer
1127 4517 1228 4590 aqua
1370 4518 1377 4532 '
1413 4518 1421 4530 '
