3268 5286
557 939 605 1048 Q.
643 939 871 1030 OURTII
909 941 1065 1029 RUFI

786 1155 835 1209 nn

690 1311 942 1384 GESTIS

308 1529 917 1653 annxnunnr
972 1525 1304 1651 senene

593 1777 722 1834 REGIS
748 1775 1031 1835 MACEDONUM

692 1967 835 2036 LIBER
852 1963 933 2044 VH·,

736 2215 890 2225 .-....-.

649 2445 971 2508 aueenfflNTUM.

263 2601 304 2663 (1)
322 2594 528 2662 Quaesumus
556 2595 638 2650 seme
660 2595 798 2665 memes,
823 2613 871 2651 rex
892 2557 971 2652 mem
994 2595 1190 2664 Alexandrum,
1214 2595 1314 2668 aesopi
1337 2596 1427 2668 erres,

192 2671 354 2744 Lyncestem,
372 2689 451 2745 quem
468 2680 530 2726 ante
547 2671 688 2726 mienninm
706 2672 757 2728 sibi
774 2671 926 2727 insidiatum
936 2671 1070 2745 Antipatri
1087 2672 1171 2727 soceri
1187 2673 1310 2743 precibus
1327 2677 1428 2730 condo-

193 2757 312 2818 naverat,
330 2767 345 2803 e
363 2763 467 2805 earcere
482 2757 645 2822 montetum
662 2750 690 2804 in
707 2749 833 2806 contione
850 2767 954 2806 causam
971 2751 1059 2806 dicere
1081 2750 1163 2806 iussit
1199 2751 1279 2816 Quod
1297 2769 1356 2805 cum
1372 2769 1429 2806 non
1486 2751 1489 2759 '

193 2833 292 2896 posset,
310 2825 438 2899 supplicio
456 2827 563 2882 affectus
581 2835 629 2881 est.
657 2828 777 2896 (milium
793 2829 974 2900 producuntur
989 2830 1119 2898 Amyntas
1137 2833 1166 2880 et
1183 2823 1304 2881 Simmiae
1321 2828 1426 2899 nana,

192 2901 252 2972 regi
273 2902 386 2976 suspecti
410 2913 520 2976 propter
542 2904 682 2960 amicitiem
704 2921 763 2959 cunr
779 2903 889 2958 Philota
905 2913 934 2958 et
949 2904 1002 2958 alia
1023 2903 1120 2958 indicia
1142 2901 1222 2957 animi
1244 2903 1323 2958 elieni
1344 2921 1428 2959 nova·

194 2996 305 3051 rumque
325 2997 414 3036 retum
434 2981 529 3054 cupidi.
574 2983 616 3052 (11)
639 2981 693 3036 Sed
715 2982 845 3052 Amyntas
866 2981 977 3038 vinculis
998 2981 1099 3036 solutus
1119 2977 1226 3034 sortiter
1246 2997 1275 3034 se
1296 2980 1426 3049 defendit,

193 3063 222 3108 et
243 3055 358 3126 primum
377 3077 471 3114 vocum
492 3066 592 3113 temere
610 3058 736 3114 iactatum
762 3058 930 3114 insolentiam
951 3065 1075 3126 excusat,
1102 3057 1145 3130 (4)
1168 3056 1266 3112 deinde
1287 3056 1428 3112 amicitiam

192 3131 318 3188 Philotae
335 3151 364 3189 se
382 3144 530 3192 ceterorum
552 3137 674 3207 exemplo
698 3143 727 3190 et
747 3135 829 3208 ipsius
850 3135 921 3207 regis
939 3135 1012 3206 qussi
1031 3135 1102 3190 iussu
1119 3133 1279 3208 expetivisse
1297 3135 1426 3204 defendit,

194 3209 237 3279 (t)
255 3217 310 3264 turn
326 3213 436 3268 emmim
451 3213 519 3286 regii
538 3214 640 3269 sertae
657 3214 768 3283 multat,
790 3219 819 3267 et
834 3229 924 3267 veram
941 3227 1045 3268 esum
1062 3211 1193 3281 ostendit,
1216 3229 1263 3266 eir
1279 3211 1426 3284 Olympius,

192 3287 264 3359 regis
284 3298 383 3358 mater,
405 3289 489 3362 ipsum
509 3289 565 3345 filio
587 3307 637 3362 per
662 3289 765 3345 litteras
794 3289 906 3344 invisum
927 3289 1081 3344 reddiderit
1124 3291 1166 3362 (d)
1187 3288 1259 3342 Dum
1280 3289 1347 3345 haec
1370 3289 1428 3362 agit

191 3365 330 3435 Amyntas,
348 3367 432 3421 frater
448 3365 505 3422 eius
522 3365 654 3422 Polemon
671 3385 706 3422 ex
723 3368 787 3438 fuga
803 3373 930 3422 retractas
948 3367 1095 3437 adducitur,
1113 3365 1159 3438 qui
1176 3383 1235 3422 cunr
1252 3375 1336 3422 semet
1352 3385 1427 3423 ecer-

191 3449 271 3511 saret,
289 3443 386 3498 frenes
404 3442 559 3500 innoeentes
575 3459 633 3499 esse
649 3452 801 3513 testaretur,
819 3452 968 3500 detererem
984 3444 1077 3501 emmiu
1093 3443 1181 3513 motis,
1200 3444 1234 3498 ab
1248 3463 1302 3500 uno
1311 3446 1428 3516 Amynta

191 3517 308 3588 graviter
324 3520 483 3591 inceptum.
518 3521 588 3575 Tum
606 3538 655 3576 rex
672 3539 689 3576 a
705 3529 763 3576 tote
779 3521 905 3578 condoce
922 3531 1063 3593 moratu,
1079 3531 1134 3578 tres
1151 3522 1248 3577 frenes
1265 3521 1349 3577 mrrlto
1368 3537 1427 3577 cum

191 3593 295 3649 honore
311 3597 455 3651 uerborum
471 3598 594 3653 absolvit
1516 3636 1520 3641 ·

260 3674 302 3740 (7)
328 3673 483 3730 Alexander
502 3677 538 3730 ad
557 3675 767 3732 interficiendum
788 3675 1004 3745 Parmenionem,
1031 3683 1087 3731 tam
1109 3675 1137 3731 in
1157 3675 1250 3732 Media
1271 3691 1330 3730 eram
1350 3682 1427 3748 perte

191 3747 323 3802 exercitius
340 3759 503 3821 uersantem
526 3753 721 3824 Polydamanta
740 3751 829 3808 mittit.
865 3755 908 3824 (8)
926 3753 980 3820 Qui
997 3769 1056 3808 eum
1079 3752 1235 3808 brevissimo
1254 3759 1375 3824 tempore
1393 3769 1427 3806 so

190 3823 371 3896 pervenisset,
390 3827 537 3889 deliberata
554 3846 583 3885 re
601 3847 659 3884 cum
676 3829 817 3902 praefectis
835 3829 929 3901 regiis,
947 3829 1148 3886 Parmenionem
1166 3829 1238 3885 domi
1256 3845 1319 3883 eune
1338 3828 1428 3900 oppri-

189 3900 246 3956 mit.
273 3904 316 3974 (9)
335 3902 540 3962 fermentantur
556 3907 662 3975 milites,
680 3907 728 3961 sed
744 3907 860 3963 recitatis
876 3907 947 3978 regis
964 3905 1059 3962 litteris
1077 3906 1222 3978 quiescunt
1249 3906 1292 3961 De
1308 3906 1426 3960 moribus

189 3977 376 4036 Parmenionis
394 3989 423 4036 et
439 3981 516 4054 culpa
533 3983 614 4038 dubis
631 3983 779 4038 disseritur.
812 3987 869 4053 (10)
891 3983 992 4038 Milites
1014 4000 1110 4040 necem
1131 3985 1230 4040 veteris
1252 3983 1325 4040 ducis
1342 3984 1427 4038 hirene

188 4057 328 4144 conquesti
346 4065 376 4112 et
392 4059 543 4114 continuum
560 4061 680 4117 laborem
698 4076 778 4132 aegre
795 4061 920 4130 ferentes,
937 4059 966 4114 in
982 4077 1062 4115 unam
1079 4061 1338 4118 cohortemaeetero
1351 4077 1427 4116 exer·

188 4142 241 4188 citu
259 4145 441 4207 segregantur.

257 4212 318 4284 (11)
335 4213 491 4267 Alexander
507 4231 524 4268 a
541 4213 658 4288 Drangis
676 4215 704 4270 in
720 4213 859 4286 regionem
871 4214 1067 4288 Arimaspomm
1085 4214 1141 4271 sire
1157 4215 1350 4289 Euergetarum
1366 4231 1428 4287 per-

187 4287 271 4358 uenit,
289 4289 353 4344 inde
372 4289 478 4344 carano
497 4300 525 4345 et
541 4291 651 4364 Erigyio
670 4311 728 4348 cum
745 4299 821 4365 parte
838 4292 969 4349 exerdtns
992 4293 1116 4347 adversus
1132 4291 1332 4348 §sulmonem
1348 4292 1428 4347 Arios

190 4363 278 4419 denuo
299 4365 479 4421 concitantem
506 4365 634 4436 dimissis,
662 4370 697 4423 ad
718 4368 878 4424 Arachosios
903 4369 1030 4442 perrexit.
1071 4370 1131 4438 (12.
1152 4375 1192 4424 le.
1212 4375 1266 4440 14.)
1285 4370 1357 4424 Hinc
1378 4385 1428 4440 per

188 4440 327 4513 regionem
340 4441 616 4515 Parepnmissdarum,
634 4459 755 4516 asperam
771 4452 801 4499 et
817 4445 872 4499 alte
887 4448 949 4502 niue
966 4451 1122 4514 conmotam,
1141 4461 1242 4499 summo
1259 4462 1318 4500 cum
1334 4443 1428 4497 labore

189 4519 225 4571 sd
242 4517 388 4576 tanmem
405 4521 546 4593 processit,
564 4521 636 4577 coins
652 4521 681 4576 in
698 4520 830 4578 radicibus
853 4525 904 4593 (ed
918 4525 1051 4579 meridien
1066 4539 1170 4591 eene,
1187 4522 1291 4590 sifides
1308 4523 1427 4574 Arsene
