3268 5286
504 413 553 464 cc
579 411 706 465 eusms
737 411 846 465 mcx.
872 413 922 485 vr,
948 411 991 466 ετ.
1311 389 1383 469 273

113 596 354 690 scarmittam,
378 609 416 671 ut
440 597 618 672 damnmue
644 597 742 671 etiam
767 621 841 672 τηεα
866 598 1024 674 sinemur
1048 598 1174 674 ridear.
1214 599 1382 700 Equidem

149 707 244 782 cuius
268 707 418 783 comicis
442 734 519 783 reus
544 709 618 802 sim,
643 735 709 784 ηεη
733 709 838 784 uideo.
883 709 974 784 Inter
999 711 1187 786 coniuratas
1211 737 1306 786 ττετηε
1333 737 1385 786 τηε

147 821 315 912 uamiuut;
341 820 383 894 de
407 843 460 893 τηε
484 819 709 895 Ντεετηηεήτη
734 819 819 894 titt
842 822 945 914 diuit-
980 820 1156 898 Cebalinus
1175 823 1257 922 plus
1283 849 1385 924 quam

113 934 301 1009 taudierat
324 934 408 1007 seire
433 951 500 1008 ττεττ
517 934 635 1031 potuit.
689 932 797 1034 Atqui
820 933 1055 1010 coniurationis
1080 947 1180 1033 caput
1204 959 1256 1009 τττε
1271 936 1384 1037 fuisse

148 1046 251 1121 credit
273 1047 356 1121 ree!
382 1045 494 1122 Potuit
517 1057 594 1144 erqo
619 1043 771 1119 Daunus
796 1069 870 1120 eum
891 1044 1084 1145 praeterire,
1111 1070 1207 1145 quem
1232 1046 1384 1147 sequeba-

149 1156 236 1255 tur?
245 1156 446 1257 praesertim
471 1180 547 1230 eum
572 1157 855 1256 quaeretisecias
880 1157 933 1233 uei
946 1157 1041 1260 falsa
1056 1157 1188 1258 fuerim
1212 1158 1384 1232 uomicae·

117 1270 230 1362 idm,
262 1295 325 1369 que
350 1267 493 1370 facilius
524 1269 583 1368 qui
616 1269 832 1368 temptabatur
860 1281 975 1368 posset
998 1269 1133 1368 impelii.
1186 1267 1270 1344 Non
1294 1271 1382 1343 euim

151 1381 268 1454 detecto
293 1379 449 1481 faeiem
473 1403 592 1454 ηετττεη
616 1405 726 1453 meum
748 1381 938 1479 praeteriit,
972 1392 1010 1454 ut
1027 1393 1141 1478 posset
1165 1379 1274 1454 uideri
1298 1382 1385 1457 socio

141 1491 349 1590 pepercisse:
382 1489 623 1584 Nicomachus,
658 1516 771 1591 quem.
788 1494 964 1567 tuce'tmurn
989 1515 1116 1566 arcaea
1141 1492 1182 1565 de
1207 1493 1379 1592 sereopsa

149 1602 311 1694 eretum,
354 1606 537 1706 coufeemts,
587 1602 664 1677 uite
702 1603 896 1697 marineus,
937 1629 988 1678 τηε
1031 1629 1137 1678 ηητττη
1174 1603 1387 1680 caecuba.

116 1733 132 1780 8
154 1711 292 1808 Quaest,
319 1714 560 1805 commutem,
585 1713 618 1787 si
636 1709 812 1790 Cebalinus
837 1741 889 1789 τηε
914 1740 981 1790 uem
1006 1716 1138 1807 adisset,
1162 1715 1248 1789 redut
1271 1743 1323 1792 me
1349 1719 1390 1792 de

152 1826 337 1900 coniuratus.
356 1829 439 1900 seire
464 1824 625 1916 uoluisset,
650 1851 733 1898 ητττη
758 1826 852 1900 hodie
879 1826 1021 1900 dicerem
1046 1851 1193 1919 causam,
1219 1827 1308 1903 nulia
1334 1853 1386 1902 τηε

117 1927 374 2012 sumtiriartei'
393 1936 544 2012 Dicaeus
578 1960 659 2010 saue
685 1949 715 2010 et
738 1937 860 2012 uiueret
884 1938 1010 2031 adteu,
1037 1952 1067 2012 et
1090 1937 1178 2012 uelut
1201 1937 1286 2012 nerii
1304 1963 1387 2038 par-

152 2063 253 2124 ceret:
280 2050 363 2150 quid
387 2045 505 2123 cetam?
539 2048 598 2147 qui
622 2047 663 2122 de
688 2072 723 2122 se
749 2048 988 2146 carpitebuutur,
1014 2075 1067 2124 τηε
1092 2049 1240 2124 videlicet
1263 2051 1389 2124 ετώττη-

151 2159 247 2234 iteret!
273 2161 429 2261 Matique
454 2172 502 2234 est
526 2158 707 2251 caiumdas,
733 2163 856 2260 etsere
880 2159 1010 2254 nucius,
1036 2187 1113 2236 cum
1138 2185 1199 2236 ute
1223 2160 1388 2260 supplicio

103 2271 334 2364 muneretur,
370 2268 545 2372 acquiescit
574 2270 689 2346 εἰτἐττε.
749 2271 815 2348 Tot
845 2274 967 2348 emat
996 2300 1037 2349 ue
1062 2273 1100 2347 iu
1125 2272 1297 2374 equuleum
1322 2273 1393 2374 qui·

156 2383 232 2456 dem
258 2381 405 2482 imposui
433 2409 547 2461 uerum
569 2382 787 2483 fatebuntur?
821 2384 927 2484 Atqui
959 2409 1054 2461 ττεητε
1081 2384 1197 2485 parcet
1226 2384 1393 2477 moenio,

156 2517 216 2568 ηεε
241 2495 397 2596 cuiquam
421 2498 612 2590 mataras
637 2509 674 2570 ut
698 2496 825 2595 opinor.

191 2681 213 2747 §.
233 2685 257 2734 t.
292 2689 370 2749 caput
387 2697 426 2734 me
438 2681 539 2750 fuisse]
565 2682 669 2735 Fecisse
686 2697 760 2735 men·
829 2692 918 2736 rceret.
955 2682 1031 2746 Quae
1049 2699 1119 2736 nuuc
1135 2681 1250 2752 vulgaris
1267 2685 1337 2738 fectu
1354 2689 1395 2736 cst

158 2747 222 2800 dose
239 2748 359 2818 plerique
381 2766 471 2804 omnes
493 2751 567 2804 codd.
585 2750 705 2805 Meorum
728 2767 759 2816 sp
804 2751 870 2804 ectio
888 2761 911 2804 et
924 2751 993 2804 uiuat
1002 2753 1087 2804 adhuc
1096 2761 1119 2803 et
1129 2752 1188 2803 uelit
1196 2753 1260 2804 miti
1272 2769 1394 2822 parcere,

157 2815 238 2870 Snuk.
256 2835 323 2870 unus
335 2817 523 2891 Flor.unod
537 2835 629 2874 verum
646 2817 759 2873 estsine
793 2821 827 2874 eb
844 2819 914 2872 Aldo
932 2825 973 2872 est
1004 2835 1033 2872 re
1067 2828 1110 2872 rte
1126 2819 1154 2872 in
1170 2835 1223 2873 uno
1242 2821 1332 2875 codice
1349 2839 1395 2874 no

157 2884 237 2938 dubio
256 2885 346 2952 hebet,
355 2889 454 2956 fuisse.
794 2896 850 2942 stro
867 2887 939 2942 Flor.
965 2858 998 2941 (i.
1048 2885 1115 2941 steri
1132 2887 1201 2940 sicut
1219 2895 1282 2942 ente
1296 2889 1395 2942 Aldum

192 2955 238 3022 qui
265 2957 445 3022 temptabatur.
498 2955 543 3011 Sic
576 2956 647 3010 edidi
680 2956 759 3010 miru-
794 2957 923 3010 edebatur
939 2957 1151 3010 vireret—uelut
1167 2987 1202 2996 -
1213 2974 1335 3024 parcere,
1352 2956 1395 3008 vel

157 3029 201 3075 tus
236 3039 282 3075 cur
313 3039 453 3077 consensus
489 3025 608 3079 codicum
643 3025 760 3078 omnium
789 3035 924 3096 parceret,
947 3023 990 3078 vel
1009 3034 1161 3094 parcerent,
1186 3041 1238 3095 qua
1255 3025 1394 3096 scriptura,

156 3099 212 3144 tum
236 3089 282 3142 diu
309 3090 445 3161 neglectus
473 3093 561 3147 fuerit.
601 3093 672 3148 Olim
701 3094 760 3147 edc-
794 3095 873 3147 modo
886 3101 1008 3164 parceret
1025 3109 1040 3146 e
1057 3091 1131 3145 Leid.
1145 3091 1316 3146 Flor.CDF1
1333 3111 1394 3163 pro·

157 3160 237 3213 batur
271 3161 403 3213 tenebatur
426 3179 442 3214 a
463 3161 604 3217 Vindelico
639 3169 668 3216 et
702 3162 760 3215 Me·
794 3163 886 3230 betur,
908 3161 973 3215 nihil
990 3177 1040 3232 ego
1056 3159 1162 3227 melius,
1185 3160 1251 3213 nihil
1267 3161 1392 3215 sincerius

156 3227 223 3294 ruis,
241 3235 298 3280 tum
307 3227 391 3281 Aldus
408 3231 551 3295 verebatur,
562 3231 596 3283 de
612 3230 762 3286 con'ecturn
795 3231 889 3285 iudico.
924 3229 997 3284 Dicit
1018 3229 1100 3297 enim,
1127 3227 1277 3283 siDimnus
1294 3229 1397 3284 viveret

157 3296 258 3367 opinor,
276 3313 329 3351 non
346 3314 362 3350 e
379 3297 452 3352 libris
468 3300 610 3353 veteribus.
646 3251 759 3364 duodu
793 3308 822 3353 et
840 3299 914 3370 quusi
930 3297 993 3352 mihi
1010 3305 1138 3370 parceret,
1156 3297 1330 3369 quidceteros
1347 3316 1396 3370 pu-

157 3383 185 3418 sc
207 3373 341 3418 retentum
362 3365 553 3422 Freinshemius
576 3376 604 3420 et
625 3367 759 3422 Snukcnb.
794 3368 857 3422 tatis
879 3369 997 3422 facturos
1019 3367 1092 3420 esse?
1134 3365 1254 3438 Cumque
1275 3367 1319 3420 ille
1343 3385 1397 3420 non

156 3435 310 3488 defendunt.
333 3433 386 3488 Sed
404 3437 551 3491 abutuntur
569 3455 586 3490 ο
619 3453 658 3490 rs.
680 3437 760 3491 Cetc-
795 3436 907 3507 amplius
924 3436 1038 3503 viveret,
1056 3453 1108 3507 quo
1125 3435 1153 3488 id
1170 3433 1221 3489 clio
1238 3436 1312 3490 verbi
1329 3443 1396 3488 tem-

156 3521 214 3556 rum
232 3503 308 3556 codd.
317 3503 400 3558 nostri
418 3504 469 3560 hoc
479 3505 586 3577 quidem
604 3522 760 3571 ocoomnes,
795 3521 860 3577 pore
886 3523 964 3577 quum
982 3505 1143 3585 Imperfecto
1169 3512 1276 3575 poterut
1298 3503 1397 3573 signifi·

156 3571 219 3626 alibi
241 3570 361 3626 meliores
379 3571 499 3627 scribunt
516 3575 701 3643 temptabatur,
727 3574 762 3626 de
796 3575 873 3628 cere?
895 3574 1014 3628 Accedat
1031 3573 1113 3644 igitur
1129 3573 1179 3626 hoc
1196 3573 1344 3642 exemplum
1363 3573 1397 3624 nd
1452 3631 1454 3637 ¹

157 3657 211 3710 quc
224 3637 353 3692 scribendi
366 3641 471 3695 ratione
484 3641 612 3696 videndus
626 3641 762 3696 Bentleius
797 3642 884 3696 Taciti
893 3643 980 3696 locum
989 3641 1058 3694 Ann.
1068 3655 1112 3708 111,
1124 3647 1165 3708 11,
1184 3658 1237 3712 quo
1247 3641 1274 3694 in
1286 3658 1397 3712 gramm

156 3709 191 3761 ud
211 3707 321 3760 Terent.
338 3707 446 3762 Phorm.
464 3717 490 3777 8,
508 3717 534 3778 3,
556 3718 594 3765 19.
799 3714 822 3780 ξ.
841 3717 891 3764 529
909 3711 944 3765 ad
961 3710 1004 3763 fin.
1022 3727 1083 3763 usus
1100 3727 1165 3762 sum.

194 3779 217 3844 ξ.
237 3783 260 3828 t.
278 3776 655 3848 Nicomachus-consessus}
673 3777 763 3848 Vulgo
833 3781 856 3847 ξ.
876 3785 916 3832 10.
951 3797 983 3831 ττε
1001 3779 1029 3830 in
1046 3780 1130 3847 equui.
1149 3779 1251 3856 quidem
1275 3779 1397 3846 impositi.

158 3846 191 3897 de
210 3841 364 3898 coniectum
381 3844 494 3898 Acidulii
510 3847 597 3900 editur
614 3850 662 3901 sed
678 3847 764 3900 Nico·
797 3847 883 3901 Miror
900 3848 925 3900 h.
944 3846 960 3898 l.
979 3863 1037 3899 cum
1055 3845 1083 3899 in
1100 3845 1173 3899 libris
1190 3863 1250 3900 mss.
1269 3854 1397 3916 quantum

156 3915 248 3967 macic
267 3930 325 3968 cum
343 3912 370 3965 in
388 3912 461 3966 libris
478 3933 539 3968 mss.
558 3923 588 3968 et
605 3915 668 3970 olim
685 3915 763 3969 editis
798 3917 851 3970 scio
868 3915 989 3968 omnibus
1007 3913 1042 3966 sit
1054 3915 1264 3984 nec-quidem,
1283 3914 1398 3968 editores

157 3981 278 4035 omnibus
295 3981 597 4052 legaturNicomacitus.
628 3983 698 4037 Illud
715 3986 764 4038 sed
797 3993 900 4038 veteres
921 3982 967 4054 qui
988 3999 1046 4035 eum
1067 3981 1227 4036 locutionem
1244 4000 1297 4036 nou
1315 3983 1398 4036 refor-

157 4067 264 4131 prorsus
282 4049 374 4104 inutile
392 4058 442 4118 est,
461 4069 520 4106 cum
537 4053 685 4106 sexcenties
700 4053 762 4106 sub·
796 4052 906 4120 mident,
924 4059 1014 4105 tumen
1032 4059 1187 4105 constanter
1203 4067 1278 4104 ηε-
1295 4053 1399 4121 quidem

158 4119 322 4189 intelligutur
349 4119 394 4172 ubi
421 4119 552 4174 contraria
582 4129 760 4192 opponuntur.
814 4123 928 4176 robuste.
963 4119 1048 4173 Recte
1056 4137 1127 4185 vem,
1142 4117 1265 4190 quonium
1274 4137 1327 4172 non
1337 4126 1399 4172 sunt

157 4189 319 4241 Nicomacho
345 4203 408 4252 vcro
434 4205 504 4243 nuno
531 4197 559 4242 et
585 4205 635 4260 ego
662 4189 761 4258 recepi,
796 4139 850 4244 1duo
867 4190 933 4257 cole,
952 4205 982 4242 cc
999 4188 1021 4240 si
1038 4195 1135 4254 essem,
1153 4195 1243 4242 tumen
1260 4187 1297 4242 sic
1311 4187 1398 4258 potius

159 4273 218 4310 oum
235 4256 263 4309 in
279 4257 368 4326 priore
385 4257 500 4311 editione
518 4257 637 4312 codicum
649 4257 762 4326 scriptu·
797 4263 883 4312 cretio
896 4257 1066 4339 procederet:
1085 4263 1126 4310 tot
1143 4255 1239 4310 conscii
1252 4256 1397 4326 negabunt,

159 4343 216 4404 pum
234 4341 385 4393 servassem,
404 4335 537 4406 tamquam
546 4324 677 4447 oppositio
685 4325 762 4378 ficret
796 4345 829 4380 ce
845 4345 877 4380 oe
895 4345 922 4381 1n
937 4324 1137 4405 equulquidem
1154 4325 1189 4377 im
1238 4324 1268 4378 iti
1278 4325 1399 4378 istebun-

158 4401 230 4447 mter
246 4393 371 4448 Dimnum
389 4403 418 4448 et
434 4394 564 4448 Nicomsc
584 4413 636 4447 um.
662 4392 762 4447 Verum
796 4402 849 4447 tur.
884 4395 928 4449 Sic
949 4411 1018 4448 emm
1044 4401 1138 4447 nector
1161 4401 1236 4446 scet.
1272 4393 1400 4447 Ceterum

158 4477 191 4515 es
204 4461 225 4516 si
239 4471 308 4516 esset
318 4463 394 4516 aliter
403 4463 592 4516 conformanda
602 4460 761 4516 erctomtio.
796 4462 902 4516 Medius
919 4481 951 4517 ηε
960 4465 1010 4516 ine
1029 4464 1103 4516 uideo
1117 4463 1220 4532 quidem
1223 4463 1308 4532 positi
1316 4460 1398 4525 dedit,

194 4535 219 4598 s.
237 4539 260 4585 9.
296 4541 319 4585 et
340 4533 434 4585 uiueret
454 4533 541 4586 adduc
564 4540 587 4584 et
610 4533 677 4584 uelut
698 4531 762 4584 miti
797 4529 864 4586 sicut
886 4549 953 4586 unus
976 4532 1010 4584 he
1044 4529 1149 4585 tFlor.
1168 4528 1206 4598 Ως
1233 4528 1289 4600 ipse
1310 4536 1399 4582 cutem

1158 4617 1190 4666 18
