3158 5294
243 275 315 347 512
710 295 743 358 Q.
767 295 889 352 eanrn
913 293 997 348 eurr

241 478 335 552 dum.
380 477 475 552 Nulli
502 479 665 576 placebat
690 479 814 554 oratio.
862 479 987 577 ltaque
1013 504 1079 553 sno
1105 481 1215 554 more‘
1230 480 1350 552 hastis
1380 492 1493 552 scuta
1510 501 1526 542 1:

240 591 438 687 quatientes
465 590 672 687 obstrepere
697 591 985 690 perseverabant
1036 588 1182 688 Iamque
1208 616 1324 688 prope
1352 591 1409 662 ad
1440 617 1493 663 se
1532 619 1533 672 ι

240 701 411 773 ditionem
441 711 695 798 pervenerant,
728 698 891 774 Nearcho
923 701 1142 799 pervicacius
1175 713 1300 776 tuente
1336 713 1493 776 senten·

238 813 335 884 tiam.
389 811 481 884 Tum
505 810 748 901 Ptolemaeus,
778 811 898 910 Dona
924 839 1067 910 prorsam
1098 827 1146 888 eat
1175 813 1312 903 soboles,
1353 813 1492 908 inquit,
1509 809 1533 882 al

239 948 323 1023 qaae
349 923 572 997 Macedonum
602 924 741 1020 imperet
765 922 869 1022 penti,
903 923 1061 998 Boaones
1086 924 1139 998 vel
1161 923 1338 999 Barcinae
1354 924 1490 1020 filias!

238 1035 334 1109 caim
358 1059 476 1109 nonen
501 1059 628 1134 qaoque
652 1035 828 1133 Boropam
854 1035 962 1108 dicem
990 1036 1125 1134 pipebit,
1157 1035 1355 1109 maroneae
1381 1049 1493 1133 pane
1532 1025 1533 1106 l

239 1146 370 1243 captivi.
423 1145 486 1220 aa
510 1145 706 1220 crarPersas
730 1145 916 1234 anaema,
942 1159 980 1218 at
1002 1146 1102 1244 strepi
1125 1169 1239 1218 eoram
1263 1147 1491 1220 ammanus!
1510 1167 1528 1207 1²

239 1257 328 1356 quod
361 1257 441 1330 insti
473 1257 524 1329 itti
551 1281 643 1354 repes
669 1255 807 1330 Dareus
839 1268 870 1329 et
893 1256 1023 1329 Xerses
1053 1269 1096 1330 tot
1125 1255 1255 1328 maliem
1288 1258 1493 1354 apnamsbus

240 1367 585 1465 anonomastos
609 1367 826 1468 nequaqnam
854 1366 1050 1464 petiverant.
1103 1366 1184 1440 Mea
1209 1368 1379 1440 scamna
1405 1368 1492 1440 aaa
1508 1388 1525 1428 1-

239 1491 295 1567 est,
321 1490 358 1549 nt
381 1478 458 1552 sede
483 1477 674 1551 Alexandri
698 1477 734 1550 in
758 1477 852 1575 reple
870 1479 993 1575 posim,
1028 1477 1088 1576 qni
1111 1477 1257 1551 emmelina
1283 1477 1363 1551 eiras
1391 1479 1491 1552 aare

240 1587 409 1679 oronam,
444 1601 569 1678 coeant,
604 1590 749 1687 quotiens
783 1589 819 1661 in
853 1613 1022 1661 commune
1058 1587 1202 1662 eonstrlto
1236 1612 1324 1684 optes
1351 1591 1491 1689 saera:

239 1723 352 1798 eoque,
385 1700 474 1798 qaod
497 1701 605 1772 nmior
634 1724 719 1796 pars
744 1723 857 1772 eornm
882 1697 1074 1791 aanor,
1105 1710 1218 1788 stetur,
1251 1697 1359 1774 duces
1381 1725 1491 1798 prae-

228 1810 375 1911 fectique
400 1811 573 1908 copiosam
598 1810 650 1883 bre
672 1821 823 1907 pareant.
876 1808 1082 1916 Ptolemaeo
1108 1805 1261 1905 quidam,
1288 1811 1488 1905 pauciores
1506 1831 1520 1872 ι·

238 1919 429 1995 Perdiccae
455 1921 750 1994 assentiebantur.
799 1919 891 1992 Tum
916 1919 1107 1994 Aristonus
1134 1944 1236 1994 orsus
1263 1930 1323 1994 est-
1350 1919 1487 1996 dicere.

238 2122 520 2269 trimme
561 2121 839 2268 „sets
871 2119 1349 2269 telmessenses.
1362 2121 1486 2269 tm

238 2257 303 2310 nihrl
329 2257 391 2311 abbi
419 2258 540 2323 Cestros,
571 2256 700 2310 Artabazi
729 2256 784 2310 liba
810 2264 838 2310 et
871 2258 898 2310 A
923 2264 1007 2324 reete,
1055 2259 1107 2311 uod
1131 2257 1222 2310 Iunius
1249 2257 1351 2326 edrdrt,
1387 2258 1484 2328 requm

237 2325 388 2379 Memnonis
404 2324 502 2379 Rhodii
527 2325 589 2380 olim
610 2342 690 2392 uxor,
717 2324 838 2378 Damasei
871 2332 959 2378 autem
985 2275 1060 2378 codd.
1087 2333 1114 2379 et
1139 2325 1198 2378 edd.
1225 2325 1329 2397 primae
1355 2326 1483 2380 Ηοῑαιιιι

238 2409 298 2446 eum
315 2391 411 2446 ceteris
424 2393 553 2447 nobilibus
567 2393 764 2464 seminiscapta,
781 2410 837 2446 rem
872 2393 945 2460 (Ald.
962 2393 1120 2460 Rhenanis).
1160 2395 1207 2448 Vel
1228 2395 1371 2447 Barcinae
1394 2395 1482 2464 murm

238 2461 368 2514 habuerat
384 2479 442 2514 eum
460 2461 627 2528 Alexandro,
646 2470 714 2514 teste
731 2459 837 2514 Plutar-
871 2461 984 2528 babent,
1009 2462 1056 2515 sed
1078 2473 1101 2515 et
1118 2462 1234 2515 Barsine
1256 2467 1311 2528 (ae)
1334 2461 1413 2516 Flor.
1431 2463 1482 2516 Eli

239 2530 290 2583 eho
309 2529 338 2582 in
358 2529 405 2582 rit.
420 2530 497 2585 Alex,
519 2546 541 2582 e.
556 2536 586 2583 21
606 2527 665 2584 coll.
683 2547 742 2584 eum
761 2529 837 2583 Curt.
871 2529 950 2582 Bern.
961 2528 994 2596 B,
1013 2547 1043 2582 ec
1060 2530 1176 2583 Barsine
1192 2529 1307 2583 aloes.
1332 2532 1385 2584 Vel
1404 2534 1480 2584 Arsi-

237 2612 281 2665 111,
299 2605 346 2664 35,
368 2599 413 2652 sed
431 2597 455 2651 ei
473 2597 578 2668 quidem
595 2597 692 2669 nuptiis
713 2597 838 2670 legitimis
872 2615 922 2651 nae
939 2596 1022 2650 edidit
1038 2597 1139 2660 Aldus,
1167 2599 1206 2651 ael
1227 2599 1364 2652 Barsines
1390 2597 1480 2652 Ianira

238 2666 360 2738 copulata
385 2685 438 2720 non
463 2667 522 2720 fuit
563 2666 634 2720 Nam
660 2666 705 2719 ills
733 2665 838 2736 quidem
872 2682 984 2737 eumque
1000 2674 1104 2720 secutus
1112 2665 1226 2733 lllodius,
1245 2666 1302 2720 sine
1322 2666 1403 2720 libris
1421 2687 1479 2720 mm

238 2735 357 2802 Barsine,
376 2753 453 2856 {uam
463 2738 590 2788 Arrianus
607 2749 659 2802 vrr,
678 2742 695 2788 4
712 2735 838 2814 appellat,
907 2742 929 2802 ᾗ.
940 2741 980 2788 14.
1015 2735 1065 2788 Est
1083 2753 1129 2788 ear
1146 2739 1243 2788 Persas
1261 2736 1419 2804 vicerimus]
1438 2737 1478 2789 Sic

237 2821 368 2925 ttttt
389 2801 838 2926 Jtlttttttbttttffilltt
871 2801 1395 2926 lttltfflstltlntttttlttt‘
1410 2806 1478 2874 ‘³⁰⁰³

239 2941 355 2995 monium
366 2957 423 2994 esse
436 2941 550 3007 ductam,
565 2939 586 2993 si
603 2948 677 2994 reete
695 2931 849 3019 appellavit
870 2938 899 2993 in
915 2957 975 2992 mss.
993 2938 1112 2992 omnibus
1129 2947 1206 3006 esset,
1243 2947 1356 2992 uantum
1371 2891 1476 3012 ‹fraillbbll

237 3009 380 3075 Barsinen,
400 3027 458 3064 eum
476 3008 518 3062 alii
541 3025 631 3062 omnes
648 3007 773 3062 Statiram
791 3025 838 3062 vo·
871 3007 975 3062 eFlor.
993 3007 1202 3060 etBernensium
1219 3007 1239 3060 lr
1257 3025 1351 3062 rorum
1369 3017 1399 3061 et
1414 3028 1476 3089 quos

238 3084 308 3144 eant,
331 3085 404 3130 certe
421 3077 454 3130 ab
473 3077 522 3129 hac
539 3077 650 3130 Barsine
668 3076 771 3130 diversa
788 3085 836 3130 est
871 3075 952 3130 Snalr.
979 3083 1164 3130 commemorat
1194 3075 1270 3130 leid.
1297 3076 1382 3130 Vossi

237 3143 364 3199 Notabile
381 3153 479 3210 autem,
497 3145 593 3198 inillis
610 3143 708 3214 nuptiis
720 3143 836 3198 Susianis
870 3143 965 3213 prioris
983 3143 1181 3214 principumque
1191 3145 1250 3197 edd.
1260 3161 1398 3198 consensu
1411 3146 1439 3198 ia
1458 3147 1464 3156 '

236 3212 383 3267 Alexandri
400 3213 472 3266 iussu
480 3213 602 3267 Nearcho
611 3212 753 3281 contigisse
769 3229 835 3266 uxo-
871 3228 930 3266 eare
947 3211 1018 3264 licet.
1054 3213 1108 3266 sed
1124 3213 1279 3266 adhaeserat
1291 3212 1383 3266 verbis
1401 3231 1475 3284 prae-

236 3298 293 3334 rem
317 3281 371 3346 τὴν
394 3286 533 3350 Βαρσίνης
559 3302 589 3333 τι
619 3285 665 3332 καὶ
691 3286 837 3352 Μέντορος
870 3279 1008 3350 gressiaco
1027 3281 1125 3343 tioiest,
1138 3281 1251 3334 maxima
1259 3279 1475 3350 interpunctione

237 3345 339 3414 παῖδα,
364 3346 477 3400 Arriano
494 3355 562 3401 teste
579 3346 596 3400 l.
605 3348 623 3401 1.
658 3347 709 3400 Illa
730 3356 759 3401 st
781 3347 837 3419 ipsu
871 3348 1008 3428 apartieu
1052 3367 1099 3402 cer
1112 3348 1281 3419 diremptrun.
1303 3349 1473 3404 EtFreinsla

237 3415 340 3468 diversa
365 3423 407 3468 est
429 3416 463 3468 ab
486 3416 536 3469 lrao
557 3415 682 3481 Barsine,
708 3417 754 3468 sed
777 3433 837 3469 eum
870 3417 976 3486 quadem
992 3434 1058 3470 unus
1077 3417 1213 3486 vulgatam
1230 3417 1376 3472 lectionem
1394 3436 1473 3490 aegre

237 3483 346 3537 Mentor
365 3483 447 3536 frater
468 3483 549 3550 faerit
570 3482 733 3550 Memnonis,
761 3483 837 3538 facile
871 3484 942 3551 tulit,
964 3485 1071 3538 modum
1087 3485 1258 3555 potentialem
1275 3485 1366 3540 minus
1383 3499 1472 3556 aptum

236 3551 402 3622 intelligitur,
440 3569 499 3604 uam
517 3570 564 3622 pro
584 3551 651 3604 riam
669 3568 773 3606 causam
791 3553 837 3606 ba-
871 3569 927 3606 esse
944 3551 1106 3623 intelligens,
1134 3573 1180 3608 cnr
1197 3555 1357 3606 eiecimus!
1385 3553 1471 3626 itaque

235 3619 323 3673 buerit
340 3619 367 3673 N
447 3639 485 3687 us,
504 3638 551 3674 eur
596 3620 709 3674 arealem
718 3620 835 3674 Alexan·
869 3623 976 3674 vicimus
993 3622 1175 3702 corrigendum
1193 3621 1304 3676 censuit
1329 3621 1470 3694 lampulo

236 3688 277 3740 dri
294 3688 375 3742 filiurn
398 3705 432 3742 ex
448 3689 574 3756 Barsine,
601 3689 751 3744 Memnonis
773 3689 835 3742 clim
869 3689 979 3743 acerbae
1001 3690 1127 3744 orationis
1149 3689 1308 3760 elegantiam
1330 3707 1468 3768 apparere,

236 3757 480 3827 uxors,adregium
488 3756 834 3828 fastigiumevehivolnerit.
869 3757 934 3811 dicit
950 3756 1021 3810 enim
1038 3757 1089 3813 hoc
1106 3759 1172 3812 fere:
1207 3757 1268 3812 Hoc
1290 3757 1393 3812 ediscet
1410 3777 1468 3830 ope-

271 3829 295 3890 s.
310 3832 350 3878 12.
379 3843 466 3894 prope
490 3829 526 3880 ad
543 3829 693 3880 seditionem
710 3842 834 3895 pervene-
868 3843 914 3878 rae
931 3825 1047 3895 pretium
1064 3835 1114 3893 est,
1133 3825 1185 3879 iam
1203 3825 1299 3880 sumus
1317 3844 1366 3880 cur
1382 3837 1467 3880 tantos

236 3894 307 3959 rant]
348 3893 437 3946 Vulo
463 3912 548 3963 prope
578 3897 736 3948 seditionem.
781 3893 835 3946 Sed
868 3893 973 3947 labores
995 3893 1023 3948 in
1045 3893 1213 3948 devincendis
1234 3893 1325 3948 Persis
1351 3913 1466 3966 sarseepe-

235 3960 326 4014 Iunius
343 3968 371 4012 et
418 3961 493 4015 odius
511 3962 557 4032 qui
573 3963 649 4032 primi
666 3961 834 4032 praepositio-
869 3961 958 4028 rimus,
977 3971 1007 4016 ut
1023 3961 1129 4016 illorum
1145 3963 1261 4033 ipsorum
1277 3964 1393 4034 posteris
1406 3965 1465 4018 obe·

235 4045 296 4082 nem
313 4028 455 4096 eiecerunt,
473 4029 552 4083 libros
569 4048 629 4084 mss.
648 4029 675 4082 in
691 4047 724 4082 ea
741 4047 770 4082 re
788 4048 835 4100 pa·
870 4029 981 4084 diamur!

235 4115 295 4150 rum
312 4105 453 4164 curarunt,
477 4115 537 4150 nam
555 4096 638 4151 nostri
656 4107 684 4151 et
702 4097 834 4151 Snakenb.
904 4101 926 4166 §-
938 4106 977 4152 16.
1000 4099 1227 4168 paucioresPerd
1245 4101 1463 4154 assentiebantur*

236 4181 325 4219 omnes
342 4165 475 4218 adiiciunt.
501 4165 633 4232 Limum,
651 4173 682 4220 29
697 4184 781 4235 prope
799 4168 836 4218 ad
869 4163 962 4220 Sentio
979 4185 1058 4236 quam
1074 4165 1180 4220 difficile
1191 4165 1227 4220 sit
1239 4165 1417 4221 lectionemse

235 4235 352 4286 sdtimum
378 4235 553 4287 dimicationis
579 4243 680 4287 ventam
706 4244 752 4288 est.
792 4233 834 4287 Cf.
868 4245 1000 4304 receptam
1014 4235 1070 4289 loeo
1084 4234 1224 4305 depellere,
1242 4235 1364 4306 sedquid
1379 4237 1460 4302 sarias

236 4319 316 4372 supra
333 4303 367 4355 ad
384 4301 430 4355 lib.
448 4316 499 4368 vn,
520 4309 561 4368 17,
579 4308 621 4355 22.
868 4303 913 4356 ubi
930 4310 959 4356 et
976 4302 1036 4356 libri
1053 4321 1142 4357 omnes
1160 4305 1334 4358 adversentur
1346 4323 1395 4358 nec
1410 4303 1418 4356 i

271 4376 359 4441 3218„
387 4371 453 4424 Tam
472 4371 648 4441 Ptolemaeus]
683 4369 833 4426 Flor.BDl
867 4388 909 4426 res
927 4371 1117 4428 dubitationem
1135 4389 1240 4428 omnem
1256 4371 1353 4429 tollat?
1383 4372 1417 4427 Al
