3214 5288
514 415 563 464 nn
591 412 717 465 crsrrs
743 411 853 464 Anax.
880 413 931 482 rv,
972 411 997 463 1.
1336 395 1384 466 63

140 596 352 696 Euphraten
387 595 588 688 contendit,
619 596 658 669 id
683 593 829 670 demum
860 595 1009 670 credens
1033 595 1110 670 fore
1135 596 1262 694 ipsius,
1289 597 1387 696 quod

141 709 324 784 celeritate
351 708 555 807 praecipere
581 709 767 806 potuisset.

105 859 124 905 4
248 823 301 894 At
318 817 526 892 Alexander
545 817 828 910 Parmenionem,
846 843 912 918 per
930 841 1037 916 quem
1055 815 1152 916 apud
1170 817 1387 892 Damascum

137 943 290 1030 recepta
316 939 394 1005 erat
419 927 563 1028 praeda,
581 930 718 1004 iussum
743 957 823 1005 earn
848 931 963 1028 ipsam
983 939 1020 1002 et
1038 929 1200 1027 captivos
1226 927 1387 1028 diligenti

142 1067 330 1120 asservare
356 1040 535 1131 custodia,
568 1039 708 1141 Syriae,
744 1067 852 1139 quam
878 1039 1011 1115 Coelen
1037 1049 1180 1131 vocant,
1206 1044 1386 1139 praefecit.
1417 1040 1425 1052 '

107 1154 288 1229 sNovum
313 1152 501 1251 imperium
528 1149 628 1252 Syri,
654 1152 816 1226 nondum
841 1153 925 1227 belli
950 1149 1111 1225 cladibus
1138 1153 1224 1226 satis
1250 1152 1387 1246 domiti,

143 1264 446 1364 aspernabantur:
488 1262 552 1336 sed
594 1264 756 1338 celeriter
793 1264 933 1338 subacti
970 1260 1179 1336 obedienter
1212 1263 1387 1362 imperata

108 1378 315 1450 ssecerrmt.
367 1372 513 1448 Aradus
547 1399 689 1472 quoque
723 1376 840 1449 insula
866 1373 1009 1448 deditur
1034 1375 1119 1472 regi.
1171 1372 1387 1448 Maritimam

142 1498 223 1561 tum
249 1511 349 1559 oram
375 1494 413 1558 et
437 1485 606 1582 pleraque
631 1487 772 1584 longius
798 1486 907 1560 etiam
928 1511 951 1558 a
975 1486 1066 1558 mari
1090 1485 1296 1559 recedentia
1320 1512 1387 1560 rex

141 1599 219 1672 eius
244 1598 382 1670 insulae
395 1592 517 1671 Strato
543 1593 767 1694 possidebat:
794 1622 865 1694 quo
890 1597 928 1668 in
953 1594 1063 1670 fidem
1089 1606 1249 1696 acceptn,
1269 1608 1387 1672 castra

142 1709 259 1782 movit
283 1707 331 1780 ad
355 1707 483 1782 urbem
507 1703 709 1780 Marathon.

109 1847 123 1892 r
246 1817 302 1892 Ibi
326 1817 377 1891 illi
402 1819 542 1891 litterae
569 1844 591 1891 a
616 1816 736 1892 Dareo
761 1818 978 1907 redduntur,
1011 1819 1140 1915 quibus
1165 1827 1208 1890 ut
1233 1820 1387 1917 superbe
1415 1820 1437 1889 2

142 1931 295 2028 scriptis·
322 1930 555 2003 vehementer
595 1930 752 2003 offensus
793 1939 858 2002 est.
917 1927 1112 2026 Praecipue
1151 1951 1234 2000 eum
1263 1930 1388 2020 movit,

142 2039 242 2138 quod
267 2038 407 2113 Dareus
433 2039 501 2114 sibi
525 2041 619 2138 regis
645 2041 799 2128 titulum,
829 2063 897 2112 nec
922 2035 1077 2111 eundem
1102 2037 1302 2111 Alexandri
1326 2065 1388 2112 no·

108 2151 231 2224 smini
263 2149 511 2249 adscripscrat.
563 2150 777 2224 Postulabat
811 2159 932 2222 autem
957 2149 1071 2247 magis
1097 2174 1205 2246 quam
1230 2151 1388 2247 petebat,

141 2272 187 2334 ut
212 2273 358 2360 accepta
382 2262 550 2366 pecunia,x
564 2272 875 2359 quantamcunque
900 2269 979 2334 tota
996 2258 1207 2333 Macedonia
1233 2271 1387 2359 caperet,

142 2382 296 2446 matrem
327 2373 458 2446 sibiet
493 2373 680 2470 coniugem
713 2372 915 2470 liberosque
941 2373 1163 2446 restitueret:
1201 2370 1249 2447 de
1274 2397 1387 2470 regno

107 2507 275 2580 sasquo,
314 2483 344 2556 si
377 2483 504 2573 vellet,
538 2481 655 2558 Marte
689 2483 931 2558 contenderet
994 2480 1033 2557 si
1064 2483 1207 2556 saniora
1242 2482 1389 2556 consilia

140 2593 290 2667 taudem
336 2595 412 2691 pati
450 2595 645 2694 potuisset,
692 2603 883 2670 contentus
920 2595 1058 2694 patric,
1098 2592 1241 2668 cederet
1280 2593 1387 2668 alieni

138 2704 280 2801 imperii
305 2704 454 2778 finibus:
481 2705 598 2780 socius
624 2705 828 2804 amicusque
855 2717 960 2782 esset.
1012 2703 1055 2777 In
1081 2729 1125 2778 ea
1150 2729 1189 2778 se
1214 2703 1323 2778 fidem
1349 2714 1388 2776 et
1446 2745 1450 2752 ‚

139 2812 230 2887 dare
255 2825 422 2911 paratum
448 2825 486 2890 et
510 2817 679 2914 accipere.

88 2939 122 2987 10
247 2922 382 2999 Contra
406 2925 615 3000 Alexander
646 2927 684 3000 in
709 2926 806 2998 hunc
831 2927 987 3000 maxime
1013 2924 1161 2998 modum
1186 2924 1385 3020 rescripsit:

139 3035 220 3110 Rac
244 3035 440 3110 Alexander
463 3035 591 3113 Dareo.
630 3033 737 3113 Cuius
761 3059 881 3111 nomen
904 3035 1086 3134 sumpsisti,
1111 3035 1251 3110 Dareus
1280 3033 1386 3109 arae-

141 3271 318 3326 cumomittit.
336 3271 417 3325 Haud
435 3271 514 3326 dubie
531 3279 620 3325 tamen
637 3271 744 3342 quibus·
813 3271 837 3339 ᾖ.
855 3275 880 3323 4.
923 3270 1124 3324 Parmenionem
1149 3271 1293 3393 pionem]
1338 3271 1382 3324 Ad

140 3358 200 3394 αιηι
217 3340 326 3410 propius
343 3339 444 3420 aceedit
461 3341 621 3420 adyetemm
630 3339 744 3422 scriptu-
778 3346 883 3420 tempus
908 3337 1045 3419 nimirum,
1063 3356 1133 3419 'nam
1186 3353 1299 3419 cuonem
1317 3337 1382 3393 Cer·

140 3409 547 3530 sarmarum
562 3408 744 3558 aaran
779 3407 885 3546 sn:
902 3407 1384 3557 catecumina:

140 3545 189 3598 sed
205 3545 328 3616 drsphcet
344 3553 430 3625 oratio
455 3546 622 3598 membratim
648 3547 745 3598 drscer·
779 3545 900 3597 maehum
926 3561 943 3597 a
968 3543 1142 3598 Parmamonc
1167 3543 1289 3598 rebctum
1313 3545 1385 3598 rnfra

140 3621 201 3692 pta
220 3613 288 3666 Earn
305 3613 474 3668 offensionem
492 3631 544 3667 non
562 3614 644 3668 babet
659 3611 744 3667 Fosni
780 3611 889 3692 Curtius
898 3629 928 3692 .⁰·
947 3618 990 3680 22,
1016 3622 1045 3666 et
1071 3631 1129 3667 cum
1150 3613 1350 3666 Andromachus
1367 3629 1385 3666 a

140 3689 292 3736 comestura
317 3682 346 3735 in
371 3699 503 3752 program.
530 3699 611 3735 sura
636 3681 745 3734 laudato
780 3679 918 3734 Samarrtrs
944 3689 1074 3734 namatus
1100 3689 1182 3747 esset,
1213 3681 1384 3735 Memnonem

141 3751 197 3803 iam
223 3751 311 3820 repta:
337 3753 465 3804 exercitus
492 3750 542 3822 (qu
594 3749 628 3803 ad
648 3751 743 3804 Graec.
780 3748 932 3802 institutum
941 3765 963 3802 c.
972 3756 1014 3803 84.
1033 3749 1083 3802 Est
1099 3747 1182 3820 igitur
1199 3749 1241 3803 hic
1254 3749 1383 3803 Memnon

140 3833 175 3871 rv
186 3819 261 3872 milia
278 3817 431 3885 referatur).
443 3819 525 3888 Tum,
543 3819 745 3889 modospatium
781 3817 871 3872 Curtii
885 3816 954 3870 idam
973 3817 1020 3888 qui
1027 3817 1128 3870 Menon
1146 3817 1218 3886 apud
1231 3817 1382 3871 arrianum.

140 3885 170 3940 in
200 3885 332 3940 codicibus
366 3886 498 3940 nonnullis
531 3885 653 3942 relictum
681 3887 745 3968 'loco
816 3885 882 3955 Cap.
901 3891 927 3950 2,
945 3887 968 3954 5.
987 3891 1010 3938 8.
1029 3895 1053 3938 et
1071 3885 1215 3966 coniugem]
1235 3885 1324 3956 Vulgo
1339 3903 1381 3954 ac,

139 3955 596 4102 tattfflttltltt‘tlttd
608 3963 744 4093 {lllllg'o’
779 3955 836 4090 ΜΞ.
844 3963 902 4075 ⁶1²0?
902 3969 982 4074 {tt
993 3953 1101 4102 llll
1102 3959 1245 4092 ‘lilaea
1261 4022 1380 4102 natat]

138 4091 207 4144 adrtr
224 4091 394 4172 Eqpbratem.
639 4160 644 4171 Ι
779 4090 869 4162 Vulgo
899 4089 1002 4153 Gales,
1018 4108 1104 4169 'curus
1125 4107 1217 4144 nomen
1234 4091 1381 4172 rumpenti,

169 4161 339 4280 ΜΨ]
373 4159 418 4214 ⁸¹⁰
435 4159 570 4214 ⁸⁰⁸¹¹⁰²¹l
586 4159 744 4283 ildffirull
778 4157 1381 4282 ambulaturam:

137 4227 609 4378 Mellnqdiebtimoredillllblubxriyidre
634 4295 743 4351 habent.
777 4295 874 4376 rectius
900 4293 1017 4349 omiseris
1043 4245 1194 4376 auclbribus
1219 4311 1281 4349 usus
1307 4265 1381 4350 libriri

136 4363 744 4514 Mllct'lsltl‘llt'tlltls‘l’lla
778 4361 1381 4513 ⁰ttttltf·rtli1t¹bl‘3⁵t0t.tt

136 4517 198 4555 cum
214 4519 242 4554 rr
259 4509 289 4554 et
305 4519 399 4555 rmurro
416 4501 527 4556 chorum
544 4502 592 4556 fit?
824 4519 865 4554 rso
893 4517 947 4554 sire
968 4501 1059 4555 Dareo
1084 4499 1177 4574 legunt
1193 4503 1301 4554 Dareus
1326 4515 1380 4552 uon
