3268 5286
250 374 323 449 302
736 394 770 458 o,
795 392 920 446 curru
935 393 1020 445 surr

247 577 367 675 gravis
394 587 482 668 erat,
508 577 686 676 plerisque
711 602 785 651 non
810 579 951 676 ingrata
976 575 1109 649 militia
1158 573 1215 647 Ita
1240 585 1278 648 et
1304 571 1488 671 agentium
1508 589 1544 640 ar

246 689 379 785 gratias
406 699 443 761 et
469 690 694 786 querentium
718 689 859 762 litterae
885 698 1059 786 exceptae
1086 697 1180 760 sunt
1232 683 1281 758 Et
1307 685 1367 784 qui
1392 684 1487 756 forte
1620 683 1621 774 i

246 797 404 872 taedium
428 800 561 874 laboris
587 825 652 900 per
677 801 814 874 litteras
840 811 945 873 erant
970 799 1106 897 questi,
1141 798 1234 870 hanc
1260 819 1403 870 seorsus
1430 819 1488 868 co-

245 908 387 983 hortem
406 912 568 986 testeris
594 911 742 986 tendere
768 912 982 1010 ignominiae
1008 899 1117 984 causa
1140 908 1251 999 iubet,
1278 903 1489 981 fortitudine

247 1045 378 1094 usurus
403 1021 440 1093 in
466 1023 576 1114 bello,
610 1022 814 1096 libertatem
839 1021 982 1120 linguae
1008 1023 1054 1095 ab
1082 1020 1227 1094 auribus
1255 1017 1407 1094 credulis
1433 1040 1488 1088 re-

248 1143 421 1206 moturus.
473 1130 522 1205 Et
547 1133 748 1225 consilium,
785 1132 1014 1207 temerarium
1044 1131 1211 1220 forsitan,
1246 1130 1392 1230 (quippe
1418 1128 1488 1200 for·

248 1244 375 1318 tissimi
406 1245 553 1317 iuvenes
586 1245 801 1318 contumelia
831 1243 960 1317 irritati
992 1240 1121 1339 erant)
1156 1242 1249 1316 sicut
1274 1239 1393 1313 omnia
1420 1237 1491 1310 alia

247 1356 395 1430 felicitas
429 1355 524 1453 regis
555 1356 705 1453 excepit.
758 1353 853 1428 Nihil
884 1354 953 1426 illis
986 1350 1033 1426 ad
1064 1353 1159 1426 bella
1184 1349 1384 1452 promptius
1409 1349 1488 1422 nit.
1620 1415 1621 1424 2

247 1463 425 1539 Incitabat
448 1467 619 1540 virtutem
645 1477 683 1540 et
707 1465 920 1564 ignominiae
947 1462 1144 1538 demendae
1175 1461 1316 1562 cupido,
1342 1473 1380 1537 et
1405 1459 1490 1559 quia
1508 1475 1544 1525 ³8
1620 1507 1621 1558 ,

248 1578 356 1651 fortia
380 1577 475 1651 saeta
499 1577 536 1652 in
561 1573 684 1675 p'aucis
709 1579 822 1652 latere
847 1601 922 1651 non
948 1585 1126 1674 poterant.

202 1692 247 1764 11
351 1687 418 1762 His
443 1689 495 1762 ita
520 1688 735 1786 compositis,
749 1685 967 1778 Alexander,
993 1686 1209 1760 Arianorum
1235 1694 1378 1782 satrape
1405 1693 1545 1756 comm

248 1800 384 1891 stituto,
410 1799 484 1880 iter
503 1800 727 1898 pronuntiari
751 1799 853 1874 iubet
877 1799 914 1872 in
938 1797 1160 1895 Arimaspos,
1187 1821 1277 1894 quos
1304 1797 1376 1870 iarn
1400 1804 1488 1867 tuno
1620 1775 1621 1794 ¹

248 1921 387 1985 mutato
421 1911 566 1986 nomine
596 1908 794 2008 Euergetas
828 1909 1073 2007 appellabant,
1106 1931 1154 1982 ex
1179 1933 1251 2006 quo
1277 1908 1411 2006 frigore
1435 1903 1487 1976 vi·

249 2035 398 2121 ctusque
422 2022 572 2120 penmia
585 2018 670 2120 Cyri
696 2022 894 2096 exercitum
918 2020 1096 2112 affectum,
1122 2020 1226 2094 tectis
1252 2029 1290 2093 et
1316 2038 1489 2091 commea·

250 2135 345 2208 tibus
380 2134 555 2208 iuverant.
617 2129 770 2220 Quintus
805 2131 882 2206 dies
916 2141 1009 2222 erat,
1044 2142 1086 2204 ut
1117 2132 1153 2204 in
1186 2155 1267 2205 eam
1305 2129 1524 2227 regionema

249 2254 473 2342 pervenerat
526 2241 728 2340 Cognoscit,
755 2239 1032 2334 Satibarzaner'n,
1059 2243 1120 2340 qui
1145 2241 1193 2315 ad
1218 2240 1370 2316 Eessum
1395 2238 1490 2312 defe-

251 2366 364 2446 cerat,
397 2380 478 2428 cum
512 2353 672 2451 equitum
705 2378 814 2427 manu
839 2353 1008 2453 irrupisse
1034 2378 1159 2428 rursus
1184 2353 1222 2425 in
1246 2351 1364 2426 Arios.
1416 2348 1488 2422 lta·

244 2493 320 2566 que
347 2463 525 2541 Garanum
552 2475 589 2537 et
613 2463 799 2563 Erigyium
831 2489 912 2538 cum
937 2465 1121 2538 Artabazo
1153 2475 1191 2538 et
1216 2460 1424 2537 Andronico
1451 2471 1491 2534 et

251 2603 318 2652 sex
350 2576 492 2650 milibus
526 2572 744 2649 Graecorum
780 2573 942 2674 peditum
973 2597 1024 2650 nc
1063 2576 1199 2674 equites
1239 2574 1491 2670 sequebantur.

250 2689 332 2787 Ipse
356 2712 407 2764 Lx
439 2686 564 2762 diebus
596 2696 741 2784 gentem
766 2684 1027 2784 Euergetarum
1053 2685 1249 2776 ordinavit,
1274 2707 1406 2782 magna
1430 2703 1526 2781 pes

252 2801 355 2874 cunia
380 2800 427 2874 ob
454 2799 633 2898 egregiam
658 2799 695 2874 in
723 2796 857 2898 Cyrum
883 2797 991 2871 fidem
1017 2797 1161 2873 donata

353 2909 492 2984 Relicto
527 2908 672 3001 deinde,
704 2911 764 3008 qui
789 2911 831 2984 iis
856 2921 1058 3009 praeesset,
1093 2907 1269 2984 Amedine
1302 2904 1434 3008 (scriba
1459 2903 1527 2977 iss

279 3134 374 3252 &uta
396 3147 501 3186 sacrm
519 3128 750 3211 qodioasmeliores
764 3145 855 3187 omnes
938 3127 1181 3210 tAldumtvulgo·
1195 3127 1307 3207 aditur,
1325 3139 1360 3179 ex
1382 3121 1491 3176 Arriani

251 3215 277 3252 m
306 3208 378 3270 uque
395 3216 429 3252 ex
446 3199 628 3254 deterioribus.
663 3197 753 3258 Etiam
774 3217 855 3270 supra
898 3215 946 3252 ooo
964 3197 1032 3250 male
1050 3196 1113 3249 olim
1131 3204 1229 3268 scripto
1243 3195 1329 3248 fluxit.
1348 3189 1492 3262 (Traditur

251 3281 281 3335 v,
300 3275 350 3334 7,ὓ
368 3267 406 3322 sic
422 3267 590 3336 correximus,
608 3267 679 3338 quod
695 3268 855 3340 vulgabatur
888 3267 969 3321 etism
985 3265 1123 3321 invocas
1143 3280 1200 3318 esse
1213 3263 1381 3332 Annoapos.)
1399 3259 1491 3323 Quan-

252 3353 377 3390 seorsum.
888 3343 982 3406 topere
1000 3335 1028 3387 in
1045 3333 1142 3388 talibus
1159 3334 1236 3387 rebus
1261 3337 1373 3402 peccent
1390 3327 1490 3381 librarii

288 3405 451 3472 coartamelie]
470 3403 582 3456 Secutus
599 3421 656 3456 sum
673 3403 745 3459 Flor.
762 3402 854 3458 DFGI
889 3404 1074 3458 documentum
1099 3410 1140 3456 est
1164 3401 1243 3473 paulo
1268 3407 1342 3472 post,
1370 3396 1415 3450 ubi
1461 3414 1491 3450 ro

252 3471 330 3526 Voss.
350 3478 362 3524 1
382 3471 445 3524 edit
463 3471 617 3552 Modianam
643 3473 712 3552 quod
738 3473 853 3544 singula-
888 3472 963 3526 Artis
981 3471 1033 3525 iam
1046 3468 1237 3534 abundenotis,
1256 3474 1405 3523 constanter
1422 3413 1491 3518 aiios

252 3555 312 3662 iiiiii
326 3539 854 3689 qqnmqrpirplpppepphqpplqrsgroecopppppa
886 3537 1285 3664 fflqqunstfflgetqquqqifflp'
1311 3611 1339 3657 at
1362 3548 1491 3655 masidi

288 3681 312 3747 3.
330 3682 371 3731 38.
421 3685 489 3730 oneo
497 3678 587 3747 saeta.
613 3675 789 3732 Nullamne
807 3695 854 3733 cur
887 3679 1004 3743 tradunt,
1023 3675 1066 3730 hic
1081 3675 1162 3730 stiam
1179 3673 1314 3746 regionem
1327 3669 1491 3724 dafinrtdum

247 3747 366 3828 fortiora
398 3754 458 3799 octa
472 3742 585 3824 ineditis
595 3745 774 3828 appollantjm
793 3764 852 3801 cum
885 3745 1079 3826 Etymandrum
1103 3760 1206 3798 amnem
1239 3759 1289 3814 per
1320 3757 1379 3796 sam
1408 3737 1491 3792 fluere

253 3821 342 3963 ἓξὲξ.
356 3813 665 3963 ppppeaffiipehpm
678 3825 854 3939 oilbldsmssbimni
888 3816 1491 3959 msilttdv'ltdqddtdbronum-sequebcnlus.

251 3951 452 4022 Arelruqurtur
473 3968 502 4003 m
518 3967 571 4022 quo
594 3951 715 4006 udaeam
736 3953 854 4023 fortiora
886 3949 1135 4005 variator-ationem
1144 3959 1245 4018 auctor,
1263 3965 1322 4002 cum
1339 3946 1410 4002 aliud
1424 3946 1491 4000 nihil

253 4019 389 4074 inventum
406 4035 470 4073 asse.
887 4017 1000 4073 voluerit
1016 4017 1067 4072 nisi
1080 4017 1212 4073 Garanum
1228 4018 1353 4071 adremon
1371 4014 1491 4070 Satibar-

288 4089 352 4160 Gap.
373 4096 415 4154 11,
433 4093 457 4154 t
476 4094 500 4140 1.
536 4088 566 4140 ia
583 4088 748 4158 Arimaspos.
768 4087 852 4143 Codd.
887 4103 979 4142 mnam
995 4085 1101 4140 missum
1119 4103 1176 4140 esse
1192 4104 1252 4140 cum
1264 4085 1397 4156 peditibus
1406 4082 1491 4138 Grae·

253 4173 343 4212 omnes
351 4165 388 4239 'et
404 4157 446 4210 sd.
464 4154 585 4236 princeps
603 4159 631 4210 in
649 4167 772 4237 onustos.
799 4155 854 4210 Sed
886 4156 932 4222 cis,
951 4155 1041 4210 addita
1057 4155 1138 4237 etiam
1155 4155 1249 4235 idopea
1266 4153 1384 4226 equitum
1401 4169 1491 4232 marm.

253 4224 854 4365 ,r
887 4227 944 4348 3
961 4223 1491 4369 aare

252 4363 380 4417 Anianm
403 4376 448 4441 111,¹
469 4367 501 4414 at
524 4361 686 4440 Ἀρισξσπας,
718 4362 764 4414 sed
789 4361 854 4416 illud
887 4311 1040 4434 Amedinem
1053 4361 1218 4440 praeferunt,
1236 4358 1302 4414 editi
1316 4367 1425 4412 mutatu
1437 4357 1491 4426 syl·

252 4449 348 4487 nomen
375 4447 480 4510 proprus
511 4429 613 4484 accedit
642 4429 677 4482 ad
704 4437 855 4502 oonupum
886 4429 953 4484 labis
976 4429 1112 4483 Amemde
1154 4429 1280 4484 Ceterum
1302 4429 1337 4483 iis
1360 4426 1442 4482 Rern.
1464 4431 1491 4479 A

253 4499 372 4557 codicum
389 4507 555 4570 scripturam.
591 4498 757 4570 Apnbspas,
784 4499 856 4569 quod
888 4497 1018 4554 Floras
1033 4497 1114 4553 astari
1131 4500 1181 4552 bia.
