3158 5294
260 355 331 426 516
721 371 755 435 o.
791 371 915 424 cnarrr
945 373 1031 424 sorr

257 558 442 632 clamitans
481 552 668 652 suffragari
699 555 915 654 reipublicae
947 555 992 628 de
1022 579 1119 628 novo
1150 578 1236 652 rege
1271 551 1387 648 paulo
1419 562 1502 625 ante
1532 530 1537 593 Ῐ

257 679 445 767 concepto:
471 665 583 739 robur
599 665 727 738 aetatis
745 666 1009 764 experirentur3
1036 664 1144 739 modo
1162 665 1314 762 stirpem
1334 661 1503 761 Philippi
1533 674 1538 733 Ι

257 791 294 852 et
311 779 422 852 filium
439 802 481 852 ac
502 777 650 850 fratrem
673 801 800 875 regum
825 775 989 866 duorum,
1016 775 1243 876 sibimetipsis
1270 775 1505 874 potissimum

258 888 453 964 crederent.
505 887 651 962 Nullum
682 887 899 986 profundum
930 912 1045 976 mare,
1082 888 1221 962 nullum
1252 901 1407 966 vastum
1443 891 1505 962 fre
1519 909 1556 950 αἱ

257 1012 399 1075 tumet
429 1001 667 1100 procellosum
697 1009 818 1073 tantos
845 999 915 1073 ciet
940 999 1086 1088 fluctus,
1122 1009 1276 1096 quantos
1304 999 1505 1075 multitudo

257 1122 377 1185 motus
408 1112 533 1202 habet,
568 1112 690 1208 utique
726 1111 756 1184 si
790 1136 887 1184 nova
920 1119 958 1184 et
991 1108 1093 1183 brevi
1120 1111 1296 1190 duratura
1331 1113 1505 1186 libertate

256 1223 425 1297 luxuriat
482 1222 592 1296 Pauci
625 1221 817 1296 Perdiccae
851 1221 959 1295 modo
995 1220 1108 1294 electo
1115 1277 1124 1312 ,
1162 1224 1286 1322 plures
1320 1223 1531 1322 Philippei

258 1361 365 1433 quem
391 1342 617 1431 spreverant,
652 1334 838 1433 imperium
864 1332 1009 1408 dabant
1060 1331 1135 1406 Nec
1159 1336 1268 1426 velle,
1304 1361 1381 1408 nec
1414 1336 1506 1408 nolle
1555 1385 1556 1438 ι

258 1448 446 1544 quicquam
472 1442 533 1517 diu
558 1455 736 1543 poterant,
770 1442 1047 1542 poenitebatque
1072 1445 1179 1519 modo
1207 1447 1362 1538 consilii,
1398 1445 1506 1518 modo
1555 1443 1556 1450 ’

258 1555 498 1654 poenitentiae
527 1557 648 1655 ipsius.
700 1554 761 1629 Ad
787 1555 950 1630 ultimum
976 1565 1098 1630 tomen
1124 1555 1160 1628 in
1185 1556 1339 1654 stirpem
1369 1561 1506 1656 regiam

256 1668 472 1744 inclinavere
490 1666 633 1742 ¹studiis.
687 1665 853 1740 Cesserat
879 1691 926 1740 ex
952 1667 1117 1740 contione
1142 1665 1387 1760 Arrhidaeus,
1415 1671 1533 1768 prin-1-

258 1779 376 1878 cipum
409 1779 621 1853 auctoritate
654 1779 882 1868 conterritum
918 1788 956 1850 et
987 1776 1143 1851 abeunte
1179 1777 1240 1852 illo
1276 1780 1505 1853 conticuerat

258 1891 387 1989 magis,
425 1915 535 1988 quern
563 1890 765 1989 languerat,
803 1889 964 1962 militaris
990 1889 1102 1963 favor.
1153 1887 1279 1986 ltaque
1306 1905 1506 1966 revocatus

215 2031 228 2058 ι
260 2013 399 2076 vestem
424 2002 561 2092 fratris,
589 2027 669 2075 eam
693 2001 824 2099 ipsam,
850 2024 942 2097 quae
967 2001 1004 2072 in
1030 2000 1117 2072 sella
1142 2001 1261 2097 posita
1285 2002 1436 2093 firerat,
1463 2005 1506 2074 in·

259 2111 390 2186 duitur.
448 2111 497 2185 Et
527 2110 707 2211 Meleager
747 2111 894 2185 thorace
934 2120 1078 2208 sumpto
1118 2111 1213 2209 capit
1252 2137 1382 2205 arma,
1427 2113 1507 2188 nori
1520 2129 1533 2171 1⁴-

258 2224 351 2320 regis
387 2225 540 2298 satelles.
593 2221 761 2323 Sequitur
794 2224 971 2322 phalanx,
1010 2221 1123 2296 hastis
1158 2221 1292 2320 clipeos
1327 2225 1506 2321 quatiens

260 2425 319 2478 dius
337 2425 434 2494 irrepit
450 2426 478 2478 in
496 2425 595 2493 repiom
612 2424 760 2492 ediderant,
778 2425 862 2498 poeti-
896 2423 947 2478 nisi
969 2422 1021 2477 loci
1038 2440 1101 2477 vera
1117 2421 1249 2478 sententis
1265 2441 1311 2478 mc
1335 2425 1424 2505 sugit.
1460 2425 1506 2478 Dr·

261 2509 318 2546 cam
336 2493 469 2562 syntaxin,
487 2509 540 2563 qua
557 2493 676 2546 modeste
692 2493 778 2547 utitur
795 2493 863 2548 Cur·
897 2491 989 2546 scribit
1005 2501 1099 2545 auctor
1115 2491 1187 2562 vulgi
1204 2489 1440 2548 inconstantiam:
1457 2493 1507 2546 nni-
1554 2538 1555 2543 ,

261 2559 322 2627 tius,
341 2578 394 2614 nou
411 2560 535 2614 ferentes.
896 2560 965 2614 rarsi
982 2561 1062 2614 modo
1079 2559 1233 2614 Perdiccam
1255 2577 1353 2631 regem
1376 2579 1441 2617 esse
1462 2563 1507 2616 ius·

260 2629 693 2752 rttt'tttttttltt‘tt]
711 2627 863 2751 {Sillii
897 2636 1072 2751 ”titt
1108 2628 1250 2750 “iiiiii
1263 2629 1507 2754 mmihi

261 2765 298 2820 sic
315 2766 371 2820 fere
389 2717 532 2837 proceddrb
547 2715 674 2834 iimmot,
685 2714 863 2847 ’qumdbqui-
897 2715 977 2847 (priam
989 2716 1066 2836 regni
1079 2764 1238 2846 incapacem,
1256 2716 1318 2819 thid
1330 2785 1439 2838 magna
1452 2784 1505 2838 perr

261 2834 371 2888 demin
393 2834 529 2889 codicibus
550 2834 648 2888 nostris
669 2833 733 2887 nihrl
755 2851 863 2904 prorsus
897 2850 921 2886 er
943 2834 1060 2888 favebat.
1096 2833 1168 2898 Quid
1189 2832 1332 2904 Phihppus
1363 2838 1505 2904 sper-arud

260 2902 396 2957 varietatis
419 2913 460 2957 est
482 2919 550 2974 quae
573 2903 607 2956 ad
632 2919 689 2956 rem
713 2902 862 2973 pertineat:
897 2902 962 2955 nihil
980 2903 1087 2955 adrem
1104 2906 1231 2972 pertinet,
1254 2919 1287 2955 ac
1303 2919 1336 2955 re
1355 2921 1427 2958 ren
1449 2905 1506 2958 nilul

260 2987 408 3043 aequoque
422 2971 530 3025 laudare
548 2972 704 3052 acprobere
721 2969 863 3041 rempubli·
897 2979 1057 3042 speraverat,
1076 2971 1121 3042 qui
1137 2969 1287 3024 abellisin
1300 2973 1428 3026 medium
1457 2971 1504 3025 utri
1554 2980 1555 3037 t

261 3057 332 3106 cam,
355 3042 461 3095 beamm
479 3057 538 3094 eam
555 3039 721 3107 existimare,
740 3040 811 3160 puori
828 3040 862 3092 ed
896 3047 1034 3109 protnrsus
1051 3046 1128 3092 esset
1155 3038 1299 3092 Praeterea
1311 3039 1444 3113 pler-ique
1463 3041 1505 3094 'hri

260 3107 863 3248 intemeratissimae
895 3106 1506 3233 ttwtttntttttttttaffl:

260 3244 322 3316 ipsis
332 3247 471 3315 prodesset
479 3261 528 3299 rex
536 3218 654 3300 nbndum
662 3216 779 3312 adultus:
783 3246 861 3324 modo
949 3244 1011 3296 darn
1027 3245 1147 3326 conferre
1164 3261 1264 3325 censes.

260 3321 861 3448 perne
895 3313 1339 3435 emmam
1370 3317 1506 3438 ten

261 3457 398 3502 mitterent
415 3449 604 3514 Arrhidaeum,
623 3449 739 3530 Phrlrppr
756 3467 861 3520 sangru-
894 3466 955 3502 mss.
973 3457 1001 3502 et
1018 3449 1078 3502 edd.
1099 3449 1262 3520 principibus
1279 3448 1397 3520 legitur.
1428 3453 1506 3508 Cuius

261 3533 336 3582 nern,
363 3524 392 3569 et
417 3517 528 3570 duorum
553 3534 646 3598 regum
670 3535 747 3571 umus
769 3518 860 3585 filium,
895 3516 952 3571 inte
1001 3517 1072 3571 leudi
1098 3517 1262 3572 occasionem
1290 3517 1414 3574 dederat
1440 3523 1506 3593 quoi

261 3583 369 3638 alterius
390 3584 508 3639 fratrem.
542 3584 667 3639 Priorum
688 3585 862 3656 interpretum
895 3585 923 3639 in
936 3535 1052 3640 ediltliom
1065 3586 1191 3656 principe,
1209 3584 1437 3655 interpunctione
1451 3603 1506 3661 porr

261 3670 339 3707 nemo
359 3672 411 3707 non
429 3655 463 3708 de
479 3653 634 3725 corrigendo
651 3653 711 3708 loco
723 3654 860 3725 cogitavit,
895 3657 1012 3723 sequitur
1041 3655 1143 3724 posita,
1175 3671 1271 3707 nomen
1299 3657 1432 3724 pintan:
1464 3675 1506 3710 sac

262 3722 308 3774 sed
331 3739 422 3776 eorum
445 3723 584 3778 conatibus
605 3722 671 3776 nihil
691 3722 753 3776 nori
775 3722 861 3775 infeli·
895 3723 977 3776 verbo
995 3723 1109 3776 carebat.
1144 3726 1237 3793 Itaque
1247 3720 1334 3776 Aldus
1351 3728 1507 3780 minam

262 3788 332 3855 cius,
359 3801 522 3863 quapropter
547 3793 580 3846 ab
606 3791 670 3862 ipsis
695 3799 788 3862 petant
814 3791 860 3862 qui
895 3789 924 3844 iu
945 3790 998 3843 fine
1019 3790 1122 3844 addidit
1143 3799 1172 3844 et
1241 3793 1356 3844 lawarn
1381 3795 1507 3848 conexit.
1554 3804 1555 3807 ’

263 3857 365 3924 velint,
399 3876 441 3912 me
467 3859 657 3914 transscribere
682 3869 711 3913 et
736 3859 862 3926 restitere,
896 3859 1030 3926 Exegerat
1055 3859 1108 3912 iam
1133 3859 1196 3913 olim
1254 3859 1333 3913 odius
1365 3863 1507 3933 vulgum

261 3943 329 3998 quae
347 3935 446 3980 temere
463 3929 582 3982 coniecta
599 3936 669 3991 sunt,
686 3928 769 3999 piget.
897 3926 1030 3981 editorum
1050 3927 1178 3982 librorum
1201 3928 1249 3982 seri
1270 3936 1361 3981 turam
1381 3932 1421 3984 ad
1438 3931 1507 3986 cosli

297 3997 319 4064 ξ.
336 4002 376 4048 11.
411 3999 498 4067 utique
515 3999 550 4064 ar]
585 3995 684 4050 Nescio
708 4014 761 4067 quo
782 3995 863 4075 perti·
897 4012 940 4050 ees
958 4014 1018 4052 mss.
1048 3997 1095 4050 sed
1112 3997 1240 4049 emendari
1261 3995 1370 4051 'studio
1379 4000 1506 4071 abreptis

262 4072 325 4117 neat
360 4064 412 4116 uod
436 4063 464 4118 iu
486 4065 608 4119 omnibus
625 4081 685 4118 mss.
703 4073 731 4118 et
751 4082 865 4134 primum
898 4073 927 4118 et
943 4064 964 4118 si
1030 4064 1069 4118 ari
1090 4065 1213 4134 opinione
1235 4065 1268 4117 dc
1291 4065 1432 4122 brevitate
1450 4086 1506 4122 ora·

262 4131 341 4186 editis
368 4131 455 4202 egitur
471 4135 559 4204 ratique
576 4143 600 4187 ct
616 4135 648 4187 si
684 4131 795 4187 Sustulit
813 4133 861 4186 im·
896 4132 975 4187 tionis
997 4133 1141 4187 indirecteo
1162 4134 1255 4187 ductus
1278 4135 1326 4201 (cf.
1346 4135 1384 4188 td
1408 4151 1452 4199 nt,
1465 4145 1504 4192 it.

261 4209 404 4272 portunam
421 4199 578 4270 particulam
594 4200 687 4254 Aldus.
896 4205 943 4269 28>
961 4200 1042 4255 etism
1056 4203 1206 4272 pandebant
1222 4210 1319 4256 contra
1336 4203 1424 4258 fidem
1438 4207 1505 4260 cinii-

297 4271 320 4338 ξ.
340 4275 380 4322 12.
432 4287 489 4322 ueni
511 4270 674 4340 spreverunt]
709 4268 754 4324 sie
774 4287 862 4324 emen·
897 4270 970 4324 cibus
998 4287 1058 4324 mss.
1084 4270 1200 4323 debitam
1227 4269 1335 4323 delerit.
1380 4271 1505 4344 Denique

262 4338 335 4391 davit
360 4287 494 4392 nudatus
520 4355 579 4392 cum
604 4337 741 4416 legeretur·
756 4337 784 4391 in
801 4339 862 4392 Ald.
897 4349 1016 4394 arrectos
1033 4355 1088 4393 esse
1105 4356 1166 4394 msa.
1180 4346 1210 4392 nt
1226 4337 1291 4392 editi
1309 4349 1426 4409 proeter-
1435 4343 1505 4396 blod

262 4406 374 4462 Iuniana
391 4423 468 4477 quam
477 4416 637 4476 aperovenu,
655 4423 684 4459 nr
700 4406 862 4477 principibus
898 4419 1015 4462 assuetas
1032 4425 1068 4462 rr.

263 4485 290 4529 ct
299 4475 427 4530 Modiana
440 4494 517 4545 quam
526 4485 703 4545 ιρεναιιειωιι,
720 4474 863 4542 verissime
