3254 5292
217 304 263 377 72
687 325 720 388 o.
749 325 873 376 curru
898 325 984 376 suar

214 519 317 598 runt,
349 519 391 580 ut
421 531 560 606 regern,
604 531 710 603 quem
742 503 863 605 Syria,
895 530 1002 602 quem
1033 505 1212 580 Phoenice
1250 510 1454 606 recepisset,

214 619 283 717 ipsi
317 642 459 715 quoque
494 617 621 690 urbem
651 619 788 691 intrare
819 627 1039 716 peterentur.
1091 616 1144 690 At
1176 617 1227 690 illi
1259 617 1339 690 loco
1365 620 1487 692 setisr

214 729 281 818 fisi,
308 727 531 801 obsidionem
556 725 650 801 ferre
676 726 920 801 decreverant

165 842 188 914 8
317 836 481 934 Namque
513 837 641 912 urbem
672 863 695 910 a
720 835 915 911 continenti
950 845 1122 934 quattuor
1154 835 1353 910 studiorum
1387 841 1454 912 fre·

215 961 294 1022 tum
320 946 466 1021 dividit:
491 947 616 1020 Africo
640 948 797 1020 maxime
824 947 1018 1037 obiectum,
1044 945 1189 1019 crebros
1216 971 1264 1019 ex
1290 949 1364 1020 ulto
1390 949 1454 1022 flu-

216 1071 295 1133 ctus
321 1059 359 1131 in
384 1055 469 1130 litus
496 1057 641 1132 evolvit.
680 1053 756 1130 Nec
781 1056 987 1154 accipiendo
1013 1057 1123 1154 operi,
1148 1081 1220 1153 quo
1238 1053 1487 1131 Macedones8

217 1169 413 1245 continenti
437 1167 591 1241 insulem
616 1168 764 1268 iungere
789 1167 976 1265 parabunt,
1003 1168 1191 1263 quicquum
1218 1167 1332 1265 magis
1347 1191 1455 1265 quam

216 1282 275 1354 iile
306 1289 437 1352 ventus
469 1277 647 1350 obstabat.
701 1274 841 1374 Quippe
873 1277 937 1349 vix
968 1277 1040 1348 leni
1071 1287 1109 1349 et
1140 1277 1332 1374 tranquillo
1363 1278 1454 1352 mari

216 1391 329 1464 moles
363 1388 421 1486 egi
452 1398 620 1485 possunt,
652 1387 795 1460 Afiicus
830 1411 918 1461 vero
953 1386 1069 1483 prima
1095 1411 1257 1484 quaeque
1283 1400 1455 1486 congesta

216 1501 323 1598 pulsu
355 1499 448 1571 illisa
481 1499 572 1570 mari
604 1497 760 1570 subruit:
797 1521 864 1570 nec
895 1495 969 1568 ullu
1000 1507 1076 1570 tarn
1109 1497 1214 1570 firma
1243 1499 1356 1571 moles
1388 1509 1453 1590 est,

218 1633 326 1707 quam
349 1634 424 1681 non
450 1607 608 1682 exedunt
632 1608 751 1681 undae
777 1618 814 1680 et
838 1632 904 1704 per
937 1631 1054 1680 nexus
1081 1631 1231 1705 operum
1256 1619 1454 1700 monentes,

219 1730 266 1811 et,
292 1719 354 1792 nbi
380 1718 496 1793 acrior
519 1719 627 1792 flatus
654 1717 794 1807 existit,
826 1717 955 1789 summi
982 1717 1099 1814 operis
1125 1718 1268 1816 fastigio
1295 1721 1454 1816 supersu-

219 1854 290 1902 sae.
333 1828 482 1902 Praeter
507 1828 600 1900 hanc
626 1827 872 1900 difficultatem
897 1826 996 1899 haud
1020 1825 1138 1898 minor
1164 1827 1233 1900 alia.
1259 1839 1353 1902 eret:
1379 1853 1489 1904 mu=o

219 1963 279 2013 ros
313 1947 501 2035 turresque
539 1938 638 2014 urbis
672 1937 873 2036 praealtum
909 1961 1009 2009 mare
1041 1934 1237 2010 ambiebat:
1275 1963 1349 2012 non
1383 1948 1455 2012 tor-

218 2061 342 2123 menta
377 2041 447 2122 nisi
478 2075 499 2122 e
529 2049 683 2122 navibus
721 2047 847 2147 procul
886 2069 1039 2118 excusse
1076 2048 1185 2138 mitti,
1225 2073 1299 2121 non
1338 2049 1455 2122 scalae

220 2295 285 2351 tulit
305 2295 378 2350 libris
401 2294 538 2349 inventum
561 2303 615 2363 est,
638 2304 669 2350 ut
692 2297 738 2350 vix
759 2295 820 2350 talia
854 2293 969 2349 aPlinii
994 2301 1050 2348 nat
1075 2295 1137 2349 hist.
1158 2311 1279 2366 mvn,
1304 2305 1338 2353 1⁰
1360 2301 1383 2369 ξ.
1407 2305 1456 2354 154

221 2365 283 2418 libri
298 2363 383 2435 qualis
401 2371 442 2416 est
458 2363 516 2416 Pel.
531 2368 547 2416 2
567 2364 711 2418 auctoritas
728 2381 820 2436 super·
854 2364 945 2417 laudat
965 2363 1159 2432 chalcophonos
1177 2367 1270 2420 illisu
1287 2369 1359 2420 aeris
1376 2369 1456 2420 tinni-

222 2433 257 2487 sit
269 2441 328 2504 'qus
345 2431 502 2485 vocabulum
518 2431 684 2485 defendebar.
702 2432 762 2486 Nec
779 2440 821 2484 ts·
855 2442 909 2484 tom
925 2433 1026 2498 reddit,
1051 2435 1199 2502 tropoedis,
1223 2443 1252 2486 ut
1268 2438 1395 2503 suadent,
1410 2453 1456 2506 qe·

222 2517 284 2554 men
305 2500 425 2569 ineptum
451 2497 655 2553 existimandum
682 2507 730 2553 est
770 2501 821 2554 Di·
855 2501 962 2553 stando.

222 2571 318 2622 missos
343 2567 421 2620 unice
441 2583 533 2619 verum
554 2574 609 2634 est,
631 2567 678 2620 scd
696 2570 821 2622 demissos
890 2577 919 2619 ct
938 2583 988 2634 per
1008 2583 1103 2620 nexum
1125 2583 1230 2637 operum
1254 2579 1405 2636 manontes,
1432 2579 1456 2623 et

223 2635 322 2706 legitur
340 2634 369 2689 in
392 2633 472 2688 Bem.
494 2635 522 2687 A
542 2633 614 2688 Flor.
632 2635 683 2688 AB
701 2635 775 2689 Leid.
793 2642 823 2688 et
856 2635 901 2688 obi
917 2635 1007 2687 acrior
1062 2645 1102 2688 rus
1120 2637 1208 2689 eatam
1224 2640 1319 2691 suomi
1335 2655 1376 2708 op.
1385 2641 1456 2708 sust.

224 2705 346 2758 demissis
363 2702 391 2756 in
407 2702 483 2756 Voss.
504 2709 516 2755 l
536 2703 667 2757 mendose.
858 2703 1034 2782 suprp‘usce.
1083 2702 1167 2756 codd.
1193 2704 1313 2758 meliores
1338 2713 1367 2758 et
1393 2705 1456 2758 edit

259 2775 282 2852 ἦ.
302 2778 326 2824 7.
359 2773 527 2824 &metuont
551 2769 580 2822 in
597 2771 729 2842 plerisque
746 2771 823 2825 codd.
899 2787 940 2823 nc.
958 2779 981 2822 et
993 2787 1045 2839 per
1061 2772 1163 2838 mictu,
1182 2787 1267 2842 neque
1283 2780 1342 2825 eret
1358 2773 1457 2826 eurAl·

224 2857 289 2897 mers
313 2845 342 2892 et
364 2836 446 2892 soah.
470 2837 583 2909 legitur,
609 2839 744 2920 habetque
765 2855 825 2892 eam
877 2855 907 2890 us
928 2845 957 2890 et
979 2837 1145 2908 insequentes
1166 2839 1281 2894 editores
1331 2841 1369 2892 'us
1391 2841 1457 2893 iliud

225 2906 441 2978 significationem
458 2915 489 2959 ut
507 2906 574 2960 certi
587 2905 825 2978 iumdestrnetique
859 2915 882 2959 et
915 2905 956 2959 cui
978 2905 1121 2975 respondet
1146 2906 1271 2974 alterum,
1373 2915 1456 2962 erent.

226 2975 316 3045 Tyrii,
343 2973 441 3046 quippe
466 2981 569 3028 veteres
592 2973 712 3029 Graecae
737 2975 825 3055 gentis
858 2945 952 3053 rieures
971 2972 999 3026 in
1013 2973 1458 3054 eoddFlor.DFG1extuteta

226 3043 330 3110 aemuli,
349 3042 574 3096 adAlexundrum
590 3043 704 3114 profecti
718 3045 825 3098 videon-
858 3041 1037 3095 Freinshemio
1057 3049 1130 3095 recte
1151 3051 1244 3097 conus
1261 3044 1394 3111 Medium,
1416 3061 1459 3098 re·

225 3119 278 3165 tur.
313 3111 395 3181 Vulg.
413 3114 580 3165 decreverunt
601 3129 655 3165 non
673 3111 825 3166 defenditrn
858 3117 997 3164 vocantem
1004 3109 1076 3180 quod
1083 3109 1196 3181 intelligi
1205 3129 1258 3166 non
1266 3113 1349 3183 possit
1357 3115 1459 3180 enixus,

225 3179 276 3233 nisi
293 3178 370 3233 Voss.
387 3184 412 3243 2,
431 3179 465 3231 de
482 3178 618 3248 quonihil
635 3187 758 3233 notatum
774 3188 824 3234 est.
859 3177 994 3231 defensum
1020 3185 1073 3231 est:
1106 3186 1168 3231 eunt
1194 3179 1261 3232 enirn
1289 3182 1315 3234 ln
1337 3180 1354 3233 t
1377 3198 1459 3234 oeno

262 3247 328 3316 Cap.
351 3251 381 3310 8,
404 3248 427 3312 5.
453 3252 477 3298 7.
500 3247 601 3316 evolvit]
642 3247 722 3310 Quod
744 3247 825 3316 vulgo
858 3261 926 3316 quse
943 3261 999 3316 cap.
1018 3252 1048 3298 11
1068 3253 1137 3298 extr.
1155 3263 1290 3316 compoqes
1308 3249 1395 3316 operis
1413 3266 1459 3301 vo·

227 3313 325 3382 legitur
349 3312 470 3379 evolvens:
487 3327 540 3364 non
561 3321 603 3365 est
624 3313 652 3366 in
676 3314 773 3368 nostris
796 3320 825 3368 et
859 3319 959 3367 centur.
987 3313 1067 3376 Quod
1084 3312 1201 3384 sequitur
1218 3317 1306 3368 aistis
1321 3333 1370 3386 pro
1387 3315 1459 3384 vulg.

228 3379 309 3434 Snak.
328 3378 459 3432 eodierbue
475 3377 524 3431 uisi
542 3377 570 3431 in
584 3379 825 3434 Floriiiexemen-
860 3383 944 3434 carim
961 3381 1052 3436 Modio
1077 3389 1221 3452 praeeunte
1242 3381 1312 3435 edidi
1334 3381 1458 3452 plurimo-
1525 3411 1530 3418 ·

228 3447 350 3512 datione,
374 3461 459 3516 neque
476 3461 508 3498 ee
525 3463 592 3526 opus
609 3455 651 3501 est
668 3448 689 3501 si
706 3457 767 3520 post
785 3451 826 3503 di·
859 3465 919 3502 mm
935 3449 1012 3503 codd.
1029 3449 1108 3502 fidem
1125 3457 1237 3503 secutus.
1261 3451 1361 3504 Smnma’
1369 3459 1458 3502 autern

228 3517 294 3569 vidit
311 3513 409 3566 maiore
426 3512 595 3568 disfinctrone
612 3515 826 3588 inter-pungatur.
859 3515 920 3570 libri
937 3533 1027 3571 omnes
1043 3524 1163 3584 sonant,
1186 3535 1235 3588 pro
1256 3535 1309 3588 quo
1325 3517 1459 3572 Acidalius

229 3583 283 3636 Sed
301 3581 423 3651 displicet
439 3589 529 3635 tamen
551 3584 623 3652 quod
639 3583 737 3637 fletum
753 3584 824 3639 evol-
858 3602 957 3640 emmo
973 3583 1074 3651 voluit,
1091 3584 1159 3639 sicut
1175 3603 1301 3639 omnum
1314 3587 1367 3655 sos
1383 3587 1388 3598 '
1407 3587 1460 3639 ium

228 3665 291 3703 vere
304 3650 399 3704 fluctus
416 3648 524 3716 dicitur,
543 3651 614 3720 quod
628 3660 722 3706 venurs
735 3653 825 3708 efficit.
859 3651 958 3722 legitur
979 3666 1009 3718 v,
1028 3659 1043 3704 ὅ
1066 3659 1095 3706 et
1111 3667 1164 3720 vn,
1185 3661 1230 3720 12,
1254 3654 1301 3708 sed
1322 3671 1359 3724 qu
1419 3662 1461 3708 est

227 3718 323 3789 Itaque
340 3719 450 3772 tortasse
466 3720 590 3772 cvoloerrtr'
606 3719 672 3773 eor-ri
707 3722 795 3774 ndum.
860 3737 989 3773 summum
1005 3719 1153 3791 festigium,
1174 3719 1244 3774 idem
1265 3722 1359 3776 summi
1376 3721 1460 3793 operis

229 3789 286 3908 mg.
310 3791 333 3839 8.
351 3789 434 3855 pulsa
459 3788 533 3841 illiso
556 3790 625 3840 mori
649 3806 663 3842 a
731 3791 763 3860 it]
782 3789 828 3843 Sic
860 3787 994 3858 fistigium
1006 3795 1094 3856 estet
1110 3805 1189 3860 perce
1204 3789 1304 3845 dicenti
1321 3799 1461 3860 utrumque

279 3853 303 3906 d.
321 3870 411 3908 omnes
428 3862 533 3924 praeter
548 3853 606 3908 Pal.
624 3863 637 3908 l
657 3856 754 3927 inquo
771 3875 827 3911 mo-
860 3856 986 3910 abundet.

228 3923 268 3975 n’s
289 3937 346 3974 esee
366 3921 470 3976 dicitur.
505 3921 564 3976 Hoc
585 3923 655 3977 idem
672 3926 827 3979 emendave-
896 3926 919 3991 ξ.
944 3931 968 3978 9.
990 3941 1043 3976 noo
1068 3933 1194 3978 tonnerrta
1211 3955 1247 3966 -
1264 3927 1344 3996 mitte]
1370 3923 1461 3994 vulgo

228 3997 272 4042 ret
292 3988 404 4070 Medius
443 3989 511 4043 Mihi
537 3998 626 4044 autem
647 4009 701 4046 non
723 3993 829 4046 videtur
862 3993 944 4044 emitti
966 3991 1164 4072 advertentibus
1186 3991 1259 4046 libris
1284 4009 1344 4046 mss.
1365 3991 1462 4046 nostris

228 4063 829 4193 iteretur.r“⁰
862 4057 1463 4208 sisebodus

228 4199 323 4246 ventus
346 4192 408 4246 dum
439 4201 558 4246 emanue
582 4211 701 4276 quaeque
726 4195 779 4249 icta
801 4195 828 4249 in
862 4195 977 4248 excussis
1003 4196 1054 4249 dier
1081 4211 1115 4248 ex
1138 4195 1257 4249 Caesena
1284 4196 1357 4250 libris
1379 4196 1462 4249 lexico

228 4275 301 4313 mare
317 4259 407 4314 deiieit
423 4268 452 4312 et
469 4260 635 4340 praecipitem
655 4265 726 4316 rllr‘sc
740 4271 829 4316 sutem
863 4263 973 4319 docent:
992 4279 1033 4315 ex.
1051 4279 1091 4332 gr.
1113 4265 1204 4316 confer
1221 4263 1282 4316 bell.
1299 4264 1348 4318 cir.
1365 4279 1409 4330 m,
1428 4269 1459 4316 ol

229 4345 282 4381 non
299 4329 377 4382 modo
393 4335 455 4381 sunt
471 4343 538 4407 quae
552 4329 828 4399 rnsliudiniiciuntur,
863 4340 962 4384 tontum
979 4333 1070 4384 oberat
1087 4347 1105 4383 u
1123 4342 1211 4384 nostro
1229 4335 1335 4385 castello
1348 4333 1462 4385 artetum

228 4397 276 4449 sed
293 4395 373 4449 etism
389 4395 452 4463 ieta,
469 4403 538 4450 siout
553 4395 715 4452 Forecllinus
731 4399 759 4452 iu
776 4399 828 4454 lex.
863 4407 1042 4452 tonmotomoc
1059 4400 1167 4453 missum
1184 4399 1260 4469 adipi
1276 4417 1328 4454 ooo
1339 4407 1438 4469 posset.
