3214 5288
513 421 564 472 nn
590 420 717 474 ossus
743 419 851 472 anax.
878 421 929 490 111,
956 417 999 470 rs.
1318 402 1366 472 47

77 630 113 680 ιο
238 600 312 679 Sed
336 605 408 677 iam
433 604 493 677 illa
518 629 659 701 quoque
684 605 800 678 victor
838 603 1055 692 intraverat,
1095 604 1192 678 omni
1226 605 1371 702 quidem

129 714 318 812 opulentia
344 713 440 788 ditia
492 712 623 812 Ingens
649 717 727 789 auri
752 715 961 813 argentique
986 713 1143 811 pondus,
1177 739 1251 788 non
1276 716 1370 807 belli,

128 824 199 899 sed
225 826 390 899 luxuriae
416 835 636 923 apparatum,
663 824 882 924 diripuerant
906 826 1046 898 milites.
1105 822 1265 922 Cumque
1290 829 1372 923 plus

128 946 316 1035 raperent,
341 937 475 1034 passim
500 945 614 1009 strata
631 946 734 1009 erant
750 936 878 1010 itinera
893 936 1077 1010 vilioribus
1099 937 1256 1026 sarcinis,
1283 961 1372 1034 quas

74 1073 108 1121 ιι
129 1049 173 1120 in
200 1047 467 1146 comparatione
491 1047 679 1120 meliorum
718 1047 869 1120 avaritia
894 1056 1167 1144 contempserat.
1227 1046 1374 1144 Iamque

130 1157 185 1230 ad
210 1159 360 1261 feminas
387 1167 600 1256 perventum
625 1167 720 1248 erat,
747 1157 876 1256 quibus
903 1182 974 1254 quo
1000 1159 1137 1231 cariora
1163 1167 1375 1231 ornamenta

130 1278 243 1359 sunt,
280 1269 471 1343 violentius
504 1267 805 1362 detrahebantur,
840 1292 886 1340 ne
912 1269 1122 1367 corporibus
1149 1268 1292 1367 quidem
1317 1268 1373 1342 vis

74 1404 110 1453 aa
132 1405 179 1454 ac
205 1378 317 1453 libido
343 1378 522 1478 parcebat.
581 1375 711 1453 Omnia
735 1380 883 1478 planctu
907 1380 1144 1476 tumultuque,
1170 1390 1279 1479 prout
1304 1381 1374 1460 cuis

132 1515 208 1587 que
233 1491 382 1564 fortuna
407 1498 502 1582 erat,
536 1490 779 1587 repleverant,
804 1514 872 1562 nec
898 1490 971 1563 ulla
995 1491 1103 1565 facies
1129 1493 1215 1564 mali
1240 1490 1375 1582 deerat,

133 1625 222 1674 cum
236 1617 313 1698 'per
340 1626 462 1674 omnes
489 1600 630 1675 ordines
649 1611 856 1698 aetatesque
883 1601 1026 1676 victoris
1053 1601 1244 1676 crudelitas
1271 1628 1312 1676 ac
1337 1603 1377 1676 li·

75 1739 112 1790 as
135 1713 258 1790 centia
283 1721 486 1808 vagaretur.
550 1710 651 1786 Tunc
685 1736 773 1785 vero
804 1712 1010 1810 impotentis
1044 1714 1209 1787 fortunae
1241 1715 1378 1812 species

134 1822 299 1920 conspici
325 1823 457 1919 potuit,
496 1847 577 1894 cum
602 1823 642 1914 ii,
682 1821 743 1920 qui
768 1847 850 1896 cum
875 1820 995 1896 Dareo
1020 1823 1291 1896 tabernaculum
1317 1848 1378 1896 ex-

135 1942 377 2023 ornaverant,
404 1933 500 2005 omni
524 1935 614 2007 luxu
640 1944 678 2008 et
702 1933 885 2031 opulentia
908 1934 1139 2023 insuuctum,
1167 1931 1292 2005 eadem
1317 1933 1379 2004 illa

134 2041 364 2133 Alexandro,
391 2043 491 2139 quasi
515 2045 631 2117 veteri
656 2042 817 2134 domino,
842 2043 1086 2117 reservabant.
1152 2039 1314 2140 Namque
1340 2043 1378 2116 id

136 2159 261 2232 solum
285 2154 461 2226 intactum
486 2154 679 2227 omiserant
704 2153 851 2246 milites,
890 2155 941 2227 ita
966 2152 1100 2227 tradito
1125 2176 1235 2245 more,
1261 2167 1303 2227 ιιι
1328 2155 1378 2227 vi-

136 2277 282 2340 ctorem
306 2263 393 2336 victi
417 2263 510 2360 regis
535 2265 767 2338 tabernaculo
795 2265 1009 2363 exciperent.

79 2407 117 2456 ιι
251 2369 324 2448 Sed
358 2375 514 2448 omnium
548 2377 669 2450 oculos
702 2377 909 2472 animosque
948 2375 985 2448 in
1021 2385 1134 2449 semet
1168 2376 1429 2449 averterantill

193 2581 264 2630 .20.
300 2575 383 2626 victor
408 2575 561 2645 inuaserat]
605 2575 746 2628 Editormn
780 2575 870 2628 limum
890 2574 1022 2642 videatur,
1048 2581 1138 2628 tamen
1155 2574 1182 2630 ia
1199 2593 1231 2631 eo
1249 2585 1290 2630 cst
1307 2576 1382 2630 dissi-

136 2647 173 2700 ad
194 2645 358 2699 'mentum
383 2644 463 2698 bostis
489 2642 570 2697 abieci
595 2644 747 2715 postulante
780 2644 859 2711 mile,
886 2645 957 2714 quod
979 2661 1032 2697 non
1056 2642 1190 2713 integrum
1208 2643 1283 2699 colon
1300 2644 1382 2698 inter-

135 2714 219 2769 codd.
238 2727 378 2766 consensu.
780 2712 877 2766 iactum
894 2720 944 2766 est.
965 2711 1060 2783 Itaque
1079 2723 1167 2765 castra
1186 2730 1245 2767 cum
1261 2713 1381 2766 Freinsh.

174 2785 198 2851 ξ.
219 2787 264 2834 21.
301 2795 334 2830 ne
362 2779 509 2848 corporibus
535 2781 638 2849 quidem
656 2782 695 2833 uis
713 2811 748 2822 -
781 2779 867 2834 delevi
892 2781 1002 2832 verbum
1027 2779 1219 2850 interpretandi
1242 2798 1319 2835 causa
1336 2783 1383 2834 ad·

130 2849 281 2923 parcebat]
301 2845 448 2899 Florentini
466 2846 517 2901 duo
530 2846 622 2918 optimi
630 2855 659 2901 ct
667 2847 746 2902 Bern.
781 2848 909 2919 scriptum
926 2847 1086 2900 existimans.

99 2971 105 2984 ,
135 2922 165 2974 Δ
183 2935 218 2971 nc
237 2915 393 2984 corporibus
411 2915 520 2983 quidem,
539 2933 598 2970 cum
615 2915 695 2986 vulgo
713 2915 748 2968 sit
817 2920 840 2984 §-
859 2923 899 2969 23.
936 2917 1081 2983 impotentis
1107 2917 1237 2983 fortunae
1272 2915 1382 3000 species]

136 3006 186 3041 nec
207 2983 365 3053 corporibus
383 2983 491 3050 quidem.
508 2983 639 3038 Nimirum
656 2983 749 3054 copula
783 2983 917 3053 Antiquae
934 2983 992 3035 cdd.
1011 2990 1039 3034 et
1056 2981 1131 3050 pauci
1149 2983 1224 3035 codd.
1241 2981 1383 3033 FlorDln

139 3051 262 3108 librariis
280 3049 423 3104 videbatur
447 3052 589 3105 necessaria
606 3069 678 3114 esse,
703 3052 749 3104 sed
784 3053 923 3120 impotens:
940 3049 1090 3102 emendavit
1107 3048 1222 3114 Modius,
1240 3048 1386 3118 suffiagan-

140 3140 176 3176 ea
195 3121 223 3173 in
242 3119 365 3189 augenda
382 3133 412 3170 re
429 3136 482 3171 non
504 3138 568 3190 opus
586 3129 639 3174 est:
665 3119 697 3173 cf.
715 3121 750 3172 ad
783 3118 855 3172 tibus
881 3117 1011 3188 plerisque
1037 3114 1176 3170 codicibus.
1224 3115 1299 3168 Idem
1324 3125 1386 3186 post

139 3205 175 3256 x,
196 3195 241 3254 13,
260 3195 285 3241 8.
322 3185 378 3238 Sed
395 3185 486 3240 hocin
502 3188 651 3242 universum
668 3205 749 3242 anno·
785 3187 831 3256 qai
853 3204 921 3239 cum
945 3187 1035 3238 Dareo
1062 3185 1257 3238 tubernaculum
1275 3201 1386 3238 morna-

140 3259 210 3312 tabo
228 3252 351 3309 inlibris
369 3271 429 3306 mss.
445 3253 574 3309 Cur-tionis
591 3255 688 3327 partim
705 3257 750 3310 de·
785 3264 876 3308 uerunt
893 3253 1005 3325 scripsit,
1024 3252 1090 3307 sicut
1108 3251 1135 3306 in
1153 3253 1248 3306 nostris
1267 3252 1387 3306 omnibus

139 3325 308 3388 ter-loribus,
336 3321 433 3391 purtim
450 3322 527 3376 etiam
544 3325 678 3391 omnibus,
704 3342 751 3378 nec
785 3323 861 3377 codd.
879 3320 1095 3404 praeterFlor.D
1114 3321 1220 3392 legitur,
1239 3339 1298 3374 cum
1306 3321 1387 3390 vulgo

138 3427 177 3437 -
196 3394 375 3468 quidem-pro
392 3407 425 3467 ae
441 3420 475 3432 -—
492 3393 592 3472 quidem
614 3393 669 3446 sere
685 3409 753 3446 sern-
787 3392 822 3445 sit
839 3410 884 3462 qut
903 3401 955 3444 tum
972 3421 1008 3431 -
1024 3401 1221 3444 eneruauerunt.
1245 3389 1312 3442 Mihi
1330 3389 1388 3460 qui-

138 3479 191 3535 per
210 3476 340 3523 exaran,
368 3463 447 3510 etum
463 3460 507 3512 ubr
524 3460 695 3514 certissimum
712 3468 754 3515 est
787 3461 848 3513 dem
875 3467 1016 3530 utnrmque
1045 3457 1161 3529 spurium
1177 3459 1283 3512 videtur
1300 3465 1329 3510 ct
1346 3477 1389 3511 or-

139 3548 175 3586 co
195 3530 274 3582 ulam
293 3525 387 3579 abesse
404 3526 505 3580 debera.
787 3535 846 3582 tum
863 3544 897 3580 ex
914 3527 1138 3599 praecedentibus,
1157 3527 1275 3579 sedeam
1292 3526 1389 3580 habere

174 3549 205 3666 ἓ.
226 3603 271 3649 22.
320 3595 408 3646 omnia
423 3596 529 3662 planctu
546 3599 703 3666 tumultuque
720 3628 754 3639 -
788 3605 876 3668 potest
894 3612 951 3648 eam
968 3595 1125 3648 sententiam
1149 3602 1179 3647 ιιι
1196 3593 1330 3647 ministros
1348 3611 1389 3648 rc·

140 3663 329 3736 repleverant]
365 3659 453 3730 Vulgo
478 3665 564 3717 omnia
586 3667 697 3734 planctu
714 3675 753 3719 tu·
788 3664 828 3734 gis
846 3662 982 3734 significet.
1017 3664 1148 3732 Inpotens
1171 3662 1277 3716 fortuna
1292 3660 1391 3716 dicitur

141 3735 287 3798 multaque
304 3737 438 3782 -custru
455 3733 626 3799 repleverant3
644 3735 690 3786 sed
707 3742 755 3786 aut
788 3749 855 3803 quae
873 3733 907 3786 ad
924 3730 1058 3784 libidinem
1067 3731 1092 3782 vi
1102 3747 1149 3783 sua
1157 3731 1254 3797 utitur3
1272 3739 1391 3802 etoppo-

142 3801 223 3856 omni
242 3795 421 3862 scribendum,
438 3805 484 3850 aut
501 3810 588 3853 castra
606 3800 753 3854 delendum.
789 3799 862 3854 uitur
888 3799 1026 3853 constanti.
1070 3797 1167 3852 Ridere
1190 3797 1252 3852 licet
1274 3797 1390 3854 Flanc

139 3869 208 3924 Nec
237 3863 314 3918 enim
339 3871 381 3916 tot
407 3865 491 3942 verbis
516 3875 544 3920 et
569 3867 672 3940 integro
698 3869 755 3924 colo
790 3868 840 3922 scri
859 3876 946 3920 turem
964 3868 1151 3936 omnipotentis.

138 3931 301 3992 interiectis
329 3930 462 3986 diducitur
486 3934 641 3990 adiectivum
662 3955 679 3990 a
695 3939 756 3991 sub·
851 3953 891 4006 ap.
910 3942 952 4000 29,
972 3938 995 4004 ξ.
1016 3941 1057 3988 24.
1093 3936 1121 3986 in
1139 3944 1216 3988 semet
1233 3937 1391 4002 auerterunt]

138 4003 270 4061 stantivo
289 4017 356 4064 ιιιο,
379 4015 427 4052 nec
443 4017 473 4053 ea
490 4009 546 4056 tum
563 4005 648 4058 omniu
666 4016 757 4058 castra
792 4002 837 4058 Sic
854 4021 870 4056 ο
890 4002 946 4056 timi
969 4003 1043 4056 codd.
1061 4001 1135 4054 Leid.
1153 4003 1230 4056 Voss.
1251 4011 1262 4055 1
1282 4003 1392 4056 Floren-

136 4075 272 4138 fuissent,
293 4067 423 4145 sedtotu.
440 4067 527 4122 Etiam
544 4073 757 4144 quodWopken-
792 4071 841 4126 tini
879 4089 912 4125 no
930 4070 1110 4142 antiquissimi,
1127 4071 1255 4136 BernA3
1279 4071 1393 4124 deterio-

138 4143 198 4197 sius
229 4140 262 4192 in
291 4134 452 4188 lectrombus
470 4136 596 4192 Tullianis
622 4138 667 4194 lib.
685 4156 717 4207 11,
736 4159 758 4194 c.
792 4158 834 4194 res
860 4143 1033 4193 aduuterant.
1067 4139 1190 4192 Editorcs
1217 4148 1394 4193 converterant

140 4219 247 4281 apag.
270 4210 324 4257 156
349 4201 473 4280 eiusmodi
498 4206 657 4260 traiectionis
683 4209 760 4262 affert
794 4209 827 4260 de
853 4225 900 4261 suo
925 4209 1043 4261 fecerunt
1069 4207 1114 4276 (in
1136 4207 1223 4278 priore
1250 4207 1313 4263 edit.
1334 4223 1394 4260 mea

139 4295 225 4333 exem
246 4274 329 4336 lum,
359 4267 489 4324 Crceronis
511 4275 542 4326 de
559 4275 661 4345 legibus
678 4291 711 4342 ιι,
727 4284 757 4329 17
794 4286 923 4330 uerterant
958 4292 1046 4329 errore
1081 4276 1239 4346 typographi
1262 4277 1313 4329 irre
1332 4276 1394 4354 sit);

160 4366 183 4400 r,
280 4341 332 4391 nio
353 4345 407 4389 tum
420 4341 578 4405 perditorum
595 4345 689 4397 civium
706 4361 761 4398 sce·
794 4344 876 4410 male,
902 4362 962 4398 nam
988 4353 1103 4397 auertere
1129 4347 1157 4396 in
1179 4351 1226 4396 aut
1244 4348 1280 4398 nd
1324 4341 1396 4414 iqurd

139 4366 209 4478 lere,
231 4411 364 4468 discessu
381 4421 443 4482 aneu,
461 4409 610 4486 talipiacum
628 4414 761 4490 inrepat·
794 4420 867 4466 recte
885 4413 935 4466 dici
961 4429 1021 4466 cum
1037 4411 1113 4465 facilc
1130 4411 1311 4482 intelligatur,
1338 4420 1396 4463 tum

146 4483 205 4536 luta
224 4485 304 4542 sunt,
326 4488 447 4543 quamvls
463 4491 543 4544 pnmo
560 4488 667 4549 aspectu
684 4479 762 4532 srmil-
795 4479 955 4536 illustratum
972 4489 1013 4534 cst
1030 4497 1046 4534 a
1063 4479 1161 4547 multis,
1180 4495 1221 4532 ex.
1237 4499 1277 4550 gr.
1294 4498 1311 4532 a
1328 4479 1396 4530 Dra-
