3268 5286
580 401 629 452 nn
656 399 783 453 ausrrs
809 399 917 453 sarx.
944 401 994 473 vr,
1011 401 1071 468 ta.
1365 387 1438 459 285

153 596 189 644 ³4
206 589 343 676 posset,
376 589 498 655 tamen
531 609 605 658 non
630 609 804 660 recusare.
856 585 910 660 llli
937 587 1100 661 collocuti
1127 588 1214 662 satis
1241 588 1442 686 quaesitum

204 690 401 782 videri,ad
426 718 548 792 regem
572 708 812 773 revertuntur.
1039 696 1042 716 ’

309 800 378 892 Qui
409 816 554 902 postero
588 809 645 883 die
677 819 714 884 et
740 835 831 908 quae
857 811 1039 884 confessus
1066 829 1144 886 erat
1168 809 1328 886 Philotas
1355 813 1492 888 reci-44

204 916 289 1004 tari,
328 925 365 988 et
403 914 553 1014 ipsum,v
576 921 658 1017 quia
694 920 832 1020 ingredi
869 947 942 996 non
975 933 1133 1020 poterat,
1170 923 1274 997 iussit
1312 925 1439 997 afferri.

153 1041 187 1090 ³⁵
206 1023 336 1100 Omnia
361 1041 577 1124 agnoscente
603 1057 656 1124 eo,
682 1030 900 1124 Demetrius,
928 1035 988 1131 qui
1013 1034 1166 1132 proximi
1193 1036 1336 1111 sceleris
1362 1061 1440 1134 par·

205 1137 316 1236 ticeps
342 1163 421 1214 esse
446 1142 672 1239 arguebatur,
699 1143 916 1242 producitur.
969 1143 1083 1220 Multa
1108 1145 1342 1220 affirmatione
1368 1148 1440 1220 ani·

204 1249 322 1348 mique
347 1253 481 1350 pariter
507 1257 709 1330 constantia
734 1267 771 1330 et
797 1257 918 1330 vultus
945 1258 1122 1348 abnuens,
1155 1259 1343 1355 quicquum
1370 1260 1437 1332 sibi

204 1359 242 1433 in
275 1387 396 1461 regem
428 1367 624 1464 cogitatum
662 1393 759 1460 esse,
798 1379 978 1444 tenuante
1010 1359 1118 1444 etiam
1150 1368 1366 1467 deposcebat
1401 1372 1437 1443 in

151 1487 186 1536 tt
205 1475 452 1574 semetipsum:
486 1503 566 1552 cnm
593 1479 768 1571 Philotas,
801 1481 1014 1554 circumlatis
1049 1481 1174 1571 oculiS,
1210 1489 1250 1552 ut
1283 1481 1437 1556 incidere

204 1582 241 1656 in
255 1582 355 1660 Calin
381 1587 571 1685 quemdam
596 1591 694 1665 haud
719 1593 843 1691 procul
870 1603 1035 1685 stantem,
1055 1593 1202 1691 propius
1229 1617 1311 1667 cum
1337 1594 1440 1668 iussit

205 1695 381 1771 accedere.
448 1699 512 1774 Illo
544 1704 753 1800 perturbato
789 1716 826 1780 et
860 1713 1047 1778 recusante
1086 1703 1237 1777 transire
1269 1704 1316 1778 ad
1347 1731 1439 1797 eum,

203 1808 360 1902 Partem,
385 1810 513 1911 inquit,
539 1813 748 1888 Demetrium
773 1817 921 1908 marteri,
946 1840 1128 1916 iurataque
1152 1841 1204 1888 me
1229 1817 1438 1890 emunctam?

150 1918 306 1994 ³⁷·Oalin
337 1949 411 1998 vox
443 1926 658 2023 sanguisque
690 1925 911 2000 deiecerant:
948 1935 985 2000 et
999 1909 1232 2000 ,Macedones'
1257 1923 1437 2002 Philotam

203 2033 386 2131 inquinare
412 2036 576 2110 innoxios
603 2039 694 2111 velle
721 2038 1005 2136 suspicabantur,
1029 2039 1112 2135 quia
1136 2062 1203 2110 nec
1229 2061 1251 2109 a
1276 2035 1436 2111 Nicoma-

203 2146 281 2238 cho,
307 2173 373 2220 nec
399 2148 444 2221 ab
471 2149 549 2246 ipso
563 2148 715 2240 Philota,
741 2175 821 2223 cum
848 2158 1084 2246 torqueretur,
1110 2147 1313 2223 nominatus
1340 2161 1436 2223 esset

203 2257 418 2334 adolescens.
468 2257 536 2349 Qui
562 2271 604 2334 ut
630 2261 827 2359 praefectos
852 2261 946 2359 regis
973 2260 1242 2334 circumstantes
1270 2285 1309 2334 se
1334 2260 1434 2352 vidit,

202 2368 423 2445 Demetrium
454 2381 492 2446 et
529 2373 758 2470 semetipsum
795 2371 832 2445 id
866 2373 1003 2446 facinus
1041 2374 1217 2471 cogitasse
1252 2374 1435 2447 confessus

149 2499 184 2547 ³8
203 2492 267 2556 est.
320 2479 454 2557 Omnes
481 2509 566 2583 ergo
584 2510 607 2558 a
622 2481 838 2558 Nicomacho
863 2484 1045 2575 nominati,
1071 2509 1170 2558 more
1196 2485 1324 2583 patrio,
1350 2483 1436 2558 dato

201 2735 225 2780 et
234 2727 446 2782 coniunctionem
454 2727 575 2783 dirimere
592 2746 623 2784 ac
633 2729 800 2802 sequentibus
834 2729 901 2783 sicut
926 2735 968 2782 est
993 2728 1021 2782 in
1046 2727 1120 2782 Leid.
1145 2727 1225 2781 Bera.
1241 2729 1269 2781 A
1295 2727 1366 2784 Flor.
1384 2729 1434 2783 AB

201 2796 379 2866 praemittere.
834 2805 916 2868 utque
942 2796 1042 2851 editum
1068 2796 1119 2850 fuit
1140 2813 1157 2849 a
1178 2795 1295 2867 principe
1320 2798 1434 2851 editore:

236 2863 275 2918 Ca
296 2871 363 2933 .44,
381 2871 457 2933 §.aa
482 2883 511 2920 eo
526 2867 681 2920 Demetrius.
715 2867 800 2922 Recte
834 2867 979 2938 perfectum
997 2873 1102 2936 tempus
1124 2873 1180 2931 est,
1203 2871 1239 2918 et·
1254 2865 1436 2936 coniungenda

201 2931 239 2986 sic
285 2933 372 2988 odius:
398 2934 487 3006 Vulgo
505 2939 605 3004 eodem,
628 2935 698 3006 quod
720 2953 755 2988 ne
772 2935 800 2989 in
834 2935 996 2989 verbasunt:
1016 2933 1338 3002 cranPlrilotas—-iasrit,
1352 2949 1435 3015 eatque

201 3000 273 3055 libris
292 3002 397 3074 quidem
418 3003 598 3075 manuscriptis
615 3013 669 3071 est,
693 3003 742 3057 nisi
764 3004 801 3059 sic
834 3001 975 3059 ἀπόδοσιν
992 3001 1435 3122 οῆίοἱιιηᾜηοςωεείεὒεηιεὶηυε

201 3069 343 3125 inFlor.A
359 3081 388 3126 et
404 3073 492 3144 paucis
506 3072 563 3126 aliis
581 3075 700 3126 eodemet
712 3075 800 3143 priua.
833 3071 1037 3142 —depoacebat
1062 3069 1095 3123 Iu
1139 3069 1169 3122 'is
1186 3069 1317 3124 codicibus
1333 3071 1433 3124 excidit

199 3139 330 3210 Agnoscis
346 3140 519 3195 describentis
536 3141 622 3194 fidem.
834 3151 875 3208 ut,
898 3141 944 3195 sed
966 3139 1086 3194 relictum
1103 3146 1145 3192 est
1167 3139 1296 3205 incidere,
1320 3139 1391 3193 Flor.
1409 3139 1433 3192 Ε

234 3211 365 3278 animique
376 3212 483 3280 pariter
499 3212 646 3264 constantia
664 3219 687 3264 et
704 3213 798 3264 vultus.
832 3210 908 3264 Voss.
928 3217 940 3262 1
960 3208 1017 3262 Pu.
1034 3215 1058 3262 2.
1077 3215 1102 3263 8.
1230 3221 1238 3236 ·

199 3276 261 3333 Non
278 3277 432 3349 potuimihi
450 3285 598 3349 temperare
616 3279 679 3350 quin
696 3278 798 3332 Heinsii
866 3281 890 3347 §.
907 3285 949 3333 at.
984 3294 1031 3331 nec
1048 3279 1081 3330 ab
1099 3278 1156 3357 ipm
1174 3275 1301 3348 Philota}
1327 3277 1369 3328 Ab
1387 3277 1433 3330 ttto

199 3346 376 3400 coniecturam
393 3349 478 3401 uultus
505 3365 554 3418 pro
573 3363 605 3400 co
624 3349 698 3418 quod
714 3348 799 3402 adhuc
831 3347 936 3401 Philota
954 3347 1028 3400 codd.
1068 3345 1169 3416 lemque
1186 3361 1289 3409 omnes,
1316 3345 1433 3426 exceptis

199 3414 300 3470 editum
323 3423 364 3470 est
386 3417 457 3469 melta
475 3415 502 3469 in
519 3423 624 3470 textum
644 3416 797 3486 reciperem.
831 3423 920 3470 tamen
946 3415 1017 3469 Flor.
1038 3364 1120 3468 liud.
1163 3413 1324 3484 Bongarsiur
1351 3413 1433 3484 igitur

199 3482 324 3551 ceam
343 3485 382 3538 iic
399 3486 483 3538 animi
499 3487 633 3554 cultaeque
651 3487 797 3539 constantia
831 3484 953 3538 Philotae
970 3483 1057 3555 potius
1074 3499 1170 3538 nomen
1187 3491 1218 3536 ut
1235 3484 1269 3536 ab
1288 3481 1314 3536 in
1376 3491 1432 3536 rctc

200 3555 299 3606 terruit.
326 3550 412 3606 codd.
430 3552 600 3624 pertinaciter
612 3563 635 3606 et
650 3556 797 3608 constantia
831 3553 950 3606 additum
976 3552 1057 3606 deleri
1084 3552 1178 3606 voluit.
1219 3550 1273 3605 Sed
1299 3551 1432 3605 inso'tum

199 3623 311 3687 etcadu,
329 3621 471 3675 deteriores
489 3621 595 3692 quidem
611 3622 650 3676 ita
666 3631 698 3675 ut
714 3624 798 3676 aninri
833 3640 886 3675 non
905 3629 946 3675 est
963 3621 1075 3675 librariis
1092 3623 1147 3690 ipse
1164 3622 1247 3673 etilte
1263 3621 1430 3674 confundere.

199 3705 253 3742 non
270 3689 400 3768 animique
416 3691 565 3744 exhibeant.
867 3693 889 3758 ξ.
908 3695 950 3745 38.
988 3691 1081 3744 Omnes
1099 3707 1160 3758 erpo
1177 3706 1195 3741 a
1208 3689 1369 3742 Nicomacho
1386 3707 1433 3742 no-

234 3760 257 3824 ξ.
275 3764 316 3811 36.
342 3761 500 3812 circumlatis
517 3760 609 3823 oculis,
626 3767 654 3812 ut
670 3760 796 3826 incidere]
831 3759 925 3813 minati
941 3789 973 3798 -
993 3759 1078 3812 obruti
1108 3765 1176 3810 sunt.
1225 3757 1321 3810 Editur
1352 3757 1432 3828 vulgo

198 3823 283 3879 Aldus
300 3841 335 3878 ex
351 3826 425 3882 codd.
441 3827 513 3881 Flor.
530 3826 623 3880 DFHI
640 3827 723 3880 edidit
740 3846 797 3881 cum
831 3845 918 3880 annes
935 3858 970 3867 —
987 3827 1132 3879 nominatos
1150 3855 1185 3866 -
1202 3825 1355 3892 emanant,
1387 3827 1433 3879 sed

197 3894 267 3947 Phil.
285 3896 444 3950 circumlatis
462 3897 543 3950 oculis
562 3898 797 3966 incidentesque
831 3895 977 3949 subiectum
994 3895 1099 3961 deesse,
1117 3911 1176 3948 cum
1193 3893 1367 3962 Macedonum
1384 3913 1432 3948 no-

196 3961 276 4016 lectio
298 3963 406 4034 vulgata
430 3965 499 4019 facta
525 3973 573 4018 est.
608 3963 708 4017 Verum
729 3964 798 4018 oculi
830 3980 892 4016 men
914 3962 1054 4017 interiecta
1076 3961 1238 4017 confessione
1259 3961 1331 4017 Colis
1353 3962 1432 4034 paulo

196 4030 329 4114 incidunt²
351 4051 406 4086 uon
430 4032 486 4104 ipse
509 4034 595 4087 homo.
630 4031 738 4086 Modius
760 4047 797 4086 ex
831 4031 935 4102 longius
952 4039 1083 4085 remotum
1100 4031 1147 4098 sit,
1170 4030 1350 4085 molestissime
1368 4032 1431 4084 sero.

196 4099 252 4153 aliis
269 4101 354 4166 libna,
395 4101 466 4155 uales
484 4110 545 4156 sunt
562 4101 633 4156 Flor.
652 4099 714 4166 OG,
739 4119 796 4154 cum
830 4099 973 4154 Praeterea
996 4117 1085 4155 omnes
1102 4099 1177 4154 codd.
1195 4101 1336 4166 nominati,
1361 4099 1432 4169 quod

195 4169 264 4224 Ptit.
282 4173 353 4226 circa
390 4173 441 4225 atis
459 4173 541 4226 ocrrlis
558 4171 724 4224 utincideret
740 4169 795 4223 edi-
830 4169 974 4240 siprobas,
992 4170 1025 4223 ab
1043 4166 1212 4223 unoFlor.G
1228 4167 1360 4221 discedere
1378 4185 1431 4222 non

196 4237 245 4305 dit,
263 4240 310 4292 sed
327 4257 406 4310 quern
423 4257 527 4294 sensum
543 4237 599 4292 istis
608 4237 694 4292 verbis
711 4237 796 4292 inesse
829 4238 938 4308 poteris,
957 4237 983 4291 in
1001 4256 1054 4309 quo
1066 4237 1131 4290 illud
1141 4235 1327 4308 quodModias
1337 4235 1429 4304 edidit,

194 4306 307 4361 voluerit
327 4316 357 4361 ct
377 4326 425 4362 cur
441 4325 500 4362 eam
520 4307 659 4362 lectionem
684 4306 795 4360 multum
828 4309 913 4361 obmiti
941 4316 1001 4360 sum
1032 4306 1170 4360 manifesto
1200 4313 1283 4359 extat.
1338 4304 1429 4358 Habes

194 4376 291 4429 addere
326 4374 474 4447 elegantiae
508 4376 620 4430 orationi
651 4375 793 4446 putaverit,
827 4374 910 4446 igitur
926 4377 1012 4430 denuo
1029 4375 1177 4446 exemplum
1194 4374 1359 4428 confusarum
1375 4381 1430 4426 ter-

193 4443 278 4499 fateor
294 4462 337 4498 me
353 4463 407 4498 non
432 4444 587 4516 intelligere.
621 4445 794 4500 Scribentlum
827 4442 1001 4498 minatiouum
1017 4444 1091 4498 verbi
1099 4441 1327 4514 actirietpassivi.
1347 4441 1429 4506 Quod

194 4530 264 4566 nunc
291 4514 397 4566 demum
426 4513 503 4568 video
530 4530 586 4568 esse
616 4523 644 4568 at
668 4516 792 4582 incidere,
828 4513 862 4565 ad
880 4512 1017 4567 historiam
1034 4512 1132 4567 attinet
1143 4509 1318 4579 Demetrium,
1336 4526 1428 4580 corpo·
