3254 5292
503 412 553 462 nn
578 377 706 463 enarre
731 409 840 489 Anax.
867 409 903 480 v,
931 408 954 455 1.
1280 392 1351 464 163

118 595 335 696 temporibus
361 593 511 670 reddere
537 597 696 686 voluero,
714 593 1027 696 interrumpendae
1054 603 1138 668 sunt
1162 620 1220 670 res
1233 593 1352 689 Asiae,

90 727 203 805 aquas
235 707 358 806 utique
389 706 436 780 ad
463 708 584 806 fragam
615 719 838 806 mortemque
862 705 972 780 Darei
998 708 1182 782 universae
1208 708 1245 781 in
1272 734 1353 784 con-

120 830 279 920 spectum
305 818 399 910 dari,
435 829 472 892 et
497 821 589 894 sicut
619 822 713 895 inter
739 846 777 896 se
803 821 1014 911 cohaerent,
1049 819 1101 894 ita
1135 845 1243 920 opere
1274 821 1353 920 ipso

119 930 292 1030 coniungi,
303 930 402 1004 haud
414 933 522 1030 paulo
547 934 665 1031 aptius
691 933 805 1006 videri
830 934 959 1030 potest.
994 930 1108 1030 Igitur
1134 959 1225 1031 quae
1251 959 1352 1031 proe-

118 1045 162 1118 lio
187 1042 287 1144 apud
312 1042 448 1118 Arbela
472 1045 662 1118 coniuncta
687 1056 782 1137 sunt,
809 1043 929 1119 ordiar
956 1043 1082 1119 dicere.

89 1174 101 1222 ³
215 1156 357 1231 Dareus
382 1155 501 1232 media
525 1158 600 1230 fere
625 1167 731 1234 nocte
745 1157 880 1232 Arbela
904 1167 1129 1254 pervenerat,
1156 1156 1352 1254 eodemque

117 1292 266 1368 magnae
300 1269 412 1368 pertis
447 1269 642 1342 amicorum
677 1269 752 1344 eius
786 1295 829 1344 ac
862 1269 1014 1342 militum
1053 1271 1175 1368 fugam
1209 1270 1354 1343 fortuna

89 1381 345 1480 acompulerat
399 1377 536 1470 Quibus
563 1384 769 1457 convocatis
796 1382 963 1480 exponit,
988 1382 1085 1458 haud
1112 1380 1277 1456 dubitare
1303 1405 1352 1471 se,

118 1493 199 1589 quin
228 1491 439 1568 Alexander
471 1493 718 1570 celeberrimas
753 1496 876 1587 urbes,
911 1522 1088 1595 agrosque
1120 1494 1216 1568 omni
1251 1494 1356 1592 copia

117 1629 234 1678 rerum
262 1603 487 1683 abundantes
523 1605 699 1702 petiturus
725 1617 840 1682 esset:
874 1609 1045 1707 praedam
1071 1608 1230 1706 opimam
1253 1631 1356 1704 para·

90 1725 262 1816 rumque
292 1717 410 1816 ipsum
436 1727 474 1792 ct
498 1717 627 1790 milites
660 1719 736 1794 eiu‘a
764 1731 936 1819 spectare.
989 1719 1032 1792 Id
1059 1719 1131 1793 suis
1158 1718 1265 1796 rebus
1292 1717 1356 1790 tali

118 1927 212 1982 duntur
234 1929 285 1982 sed
306 1926 485 1982 disiunctionis
511 1928 644 1984 vocabulis
670 1929 722 1984 dis-
757 1937 811 1982 tam
828 1929 968 2002 religiosus
987 1947 1065 2000 quam
1074 1926 1308 1982 Drakenborchius
1322 1926 1357 1978 ad

118 2005 274 2063 cernuntur,
297 2010 328 2049 ut
350 1995 395 2049 lib.
418 2011 464 2062 vr,
487 1998 543 2050 clia
562 1999 640 2051 ductu
657 2015 721 2062 meo,
756 1997 814 2051 Liv.
832 2013 873 2065 nt,
892 2006 935 2065 26,
954 2005 979 2064 4,
1003 1997 1047 2066 qui
1064 2013 1092 2050 se
1110 2004 1226 2067 propter·v
1238 1995 1356 2050 codicum

118 2067 169 2120 clia
186 2067 301 2137 imperio
318 2065 486 2135 auspicioque
499 2068 654 2135 perdomui,
676 2065 722 2120 ubi
756 2083 911 2122 consensum
928 2066 1012 2120 simile
1030 2065 1132 2134 vitium,
1152 2065 1224 2136 quod
1242 2064 1356 2130 illiceat,

118 2134 173 2188 ride
198 2144 294 2190 notam
319 2131 491 2187 Freinshemii
510 2133 634 2188 Tacitum
650 2135 721 2188 Anu.
756 2135 922 2189 sublaturum
938 2145 1062 2206 negaret,
1090 2133 1207 2206 quumvis
1225 2143 1253 2187 et
1270 2151 1359 2205 gram·

118 2217 147 2271 11,
160 2212 191 2257 41
206 2207 290 2259 ductu
302 2203 463 2268 Gorauaici,
482 2204 610 2272 auspiciis
622 2204 722 2258 Tiberii
756 2204 852 2260 metica
868 2204 935 2258 ratio
953 2213 982 2258 et
998 2222 1060 2257 usus
1084 2203 1242 2274 scriptorum
1268 2211 1358 2258 corre-¹

119 2282 145 2326 et
160 2273 274 2328 Sueten.
291 2273 363 2341 Aug.
381 2279 412 2326 21
425 2273 528 2351 partim
546 2275 639 2338 ductu,
653 2290 721 2342 pcr-
757 2273 838 2328 ctioni
856 2275 965 2326 faveret.
991 2273 1095 2328 Nemh.
1108 2273 1125 2325 l.
1143 2289 1235 2326 omnes
1252 2271 1356 2334 codices

119 2343 160 2394 tim
186 2341 319 2412 auspiciis
336 2343 392 2395 suis
411 2339 525 2393 citantis.
563 2341 605 2394 Ac
629 2358 722 2394 vereor
756 2342 866 2412 vulgare
892 2343 1016 2396 mendum
1040 2341 1147 2396 obsidet
1169 2343 1198 2394 in
1221 2351 1358 2412 conspecta

119 2427 198 2482 prope
219 2425 259 2464 ne
279 2409 364 2463 mults
384 2408 439 2463 ciue
457 2408 560 2480 meris
576 2428 624 2464 noe
641 2409 721 2464 hodie
759 2414 829 2466 duri.
864 2410 918 2464 Sed
936 2411 1015 2466 etiam
1032 2411 1078 2464 lib.
1095 2425 1141 2477 111,
1159 2417 1176 2464 4
1193 2409 1220 2464 in
1239 2411 1358 2481 complu·

120 2479 267 2534 accuratius
283 2495 439 2550 usurpemus
456 2495 533 2549 quam
550 2477 602 2548 ipsi
618 2478 656 2532 illi
674 2497 721 2532 re·
755 2480 828 2534 n’bus
846 2479 920 2533 libris
938 2483 1075 2534 uuiuemcs
1093 2483 1162 2533 cirea
1179 2481 1208 2532 in
1221 2489 1358 2549 conpectu

120 2555 188 2602 teres
205 2545 363 2616 scriptores,
382 2545 428 2618 qni
445 2546 586 2600 verborum
603 2556 720 2617 potesta-
756 2551 827 2602 dedit
859 2549 971 2620 legitur,
1004 2565 1162 2620 quamquam
1194 2540 1359 2619 integerrimi

120 2624 172 2684 tes,
196 2617 243 2670 ubi
267 2631 309 2668 ree
331 2633 386 2670 non
403 2631 566 2686 magnopere
584 2614 719 2688 exigebat,
756 2616 854 2688 quique
863 2617 1041 2672 accusativum
1050 2635 1139 2672 casum
1156 2625 1275 2686 euenum,
1294 2616 1358 2670 item

121 2703 151 2737 ne
164 2686 288 2764 oratiope
298 2683 405 2755 quidem
413 2691 545 2754 perpetuo
555 2682 720 2754 distingucn-
754 2701 784 2753 a,
806 2693 846 2750 19,
865 2694 881 2740 4
900 2689 974 2756 repta
992 2689 1058 2740 sella
1077 2689 1105 2739 in
1116 2687 1277 2755 conspectum
1287 2686 1360 2754 vulpi
1382 2727 1385 2734 .

121 2754 164 2806 des
180 2755 379 2820 existimarent,
402 2770 461 2806 eum
483 2771 531 2808 nos
549 2754 623 2823 quod
640 2754 720 2807 semel
756 2758 819 2808 dcto
837 2755 866 2808 in
882 2755 967 2808 tribus
984 2755 1057 2808 Flor.
1079 2772 1114 2808 ex
1132 2755 1291 2807 deteriorum
1309 2771 1358 2806 nu·
1448 2749 1456 2756 '

121 2821 259 2878 didicimus
276 2839 332 2875 non
350 2821 446 2892 ubique
463 2822 497 2875 ad
520 2837 549 2874 re
586 2820 639 2874 lam
655 2821 720 2892 poni
755 2839 829 2876 mero
848 2842 873 2876 m
891 2823 947 2876 sine
964 2822 1035 2876 linea
1051 2832 1200 2876 transversa
1219 2821 1358 2876 omittitm.

120 2891 250 2970 piaurlum
272 2908 357 2960 paene
378 2898 508 2970 putemus.
546 2889 626 2970 Uihil
649 2899 721 2945 certe
789 2892 857 2945 sicut
881 2893 949 2946 inter
969 2910 997 2946 se
1019 2893 1165 2970 cohaerent]
1190 2889 1358 2970 Editcribus,

120 2977 146 3038 rp
170 2960 249 3014 libris
276 2977 336 3013 mas.
364 2967 492 3023 variatur,
525 2977 575 3012 nrsr
600 2960 685 3038 quod·
698 2969 722 3013 et
757 2958 866 3030 opinor,
893 2978 948 3014 non
975 2959 1109 3014 veteribus
1136 2959 1223 3022 hbrm,
1256 2958 1358 3012 addita·

121 3032 224 3098 imperio
237 3027 314 3108 Flon
323 3027 376 3082 ΕΗ
392 3026 514 3090 Bern.B,
533 3029 641 3096 imperio
652 3032 722 3095 (ame
756 3029 1011 3108 mentumodebetur,
1022 3027 1095 3098 quod
1112 3027 1208 3080 flustra
1226 3035 1359 3096 tamquam

122 3097 318 3165 coniunctione)
337 3097 417 3151 Voss.
436 3104 449 3150 1
468 3097 574 3150 liabent.
756 3113 930 3152 necessarium
958 3097 1104 3150 defendunt
1134 3099 1270 3149 cohaerent
1297 3105 1358 3147 tun·

124 3200 387 3338 44444.
401 3199 723 3338 curreretur:
751 3165 1131 3305 4444444
1151 3171 1359 3302 aare

123 3337 307 3478 4444
323 3336 400 3458 44
565 3337 723 3461 pepp,-
756 3302 1085 3440 4444444
1100 3303 1203 3435 lta}
1216 3301 1361 3424 4444

123 3472 192 3528 Flor.
210 3473 330 3542 ABCH,
354 3482 383 3527 et
401 3473 529 3526 omittunt
545 3474 722 3546 praepositio·
757 3459 787 3496 m
809 3448 889 3512 atque
913 3440 1016 3494 ”5⁰⁰⁰
1038 3459 1095 3494 ¹¹⁰⁰
1112 3457 1219 3494 neme
1236 3447 1277 3492 εει
1293 3447 1359 3492 oem'

124 3557 182 3596 nem
210 3543 304 3597 oumr
331 3561 366 3596 ex
391 3541 443 3595 rurs
470 3560 528 3596 cum
555 3541 628 3597 rur.
648 3543 722 3598 ucr
757 3527 825 3632 {gf
842 3508 1360 3651 {llsseffiffilfflg,gl{mlss}ss,ffi¹gssg2

757 3665 817 3701 rum
843 3647 934 3719 spatiis
960 3657 989 3701 et
1009 3647 1080 3701 inter
1102 3663 1130 3700 se
1148 3645 1250 3700 diverse
1267 3647 1361 3699 eodem

757 3715 800 3770 rel
822 3715 865 3769 die
886 3716 929 3769 vel
951 3733 1040 3770 mense
1058 3731 1179 3786 annoque
1194 3715 1270 3768 fiunt.
1306 3713 1361 3768 Sed

124 3815 544 4009 4444444444
565 3817 723 3957 444
758 3785 827 3907 etl.
840 3785 1361 3934 repercuterentur

222 3956 241 4008 f·
259 3953 339 4008 ee
356 3955 391 4006 e
587 3955 667 4020 ae
757 3927 981 4061 aa,
994 3919 1361 4044 44444444

757 4058 872 4112 terr-imm
888 4058 1020 4113 codicibus
1037 4059 1145 4112 ductum
1155 4057 1238 4127 (Flor.
1248 4057 1360 4111 FBern.

758 4127 798 4194 B,
816 4145 875 4182 cum
893 4127 927 4181 sit
943 4131 1018 4182 baud
1032 4128 1061 4180 in
1077 4127 1149 4182 Flor.
1169 4127 1211 4194 H,
1229 4136 1314 4181 cutem
1333 4125 1361 4179 in

759 4199 834 4250 Voss.
853 4203 881 4264 2)
904 4196 932 4249 in
952 4197 1075 4267 rulgmes
1098 4194 1225 4250 editiones
1242 4194 1362 4317 irrepsit:

124 3609 202 3666 Bern.
261 3611 341 3667 Voss.
363 3617 387 3664 2.
413 3611 508 3682 ltaque
526 3617 666 3684 utrumque
682 3613 723 3666 se-

125 3695 166 3732 res
195 3689 224 3734 et
245 3680 396 3746 annotabis,
428 3679 545 3749 quamvis
570 3689 599 3734 et
624 3682 724 3735 Graeci

124 3763 174 3816 pro
198 3747 308 3802 Graecia
335 3767 390 3802 non
413 3748 468 3800 fere
493 3747 614 3803 dicantur
637 3757 664 3803 et
688 3766 723 3803 ex

125 4021 212 4141 ppitur
239 4023 266 4076 in
292 4023 369 4076 editis
395 4021 589 4094 exemplaribus
615 4033 723 4095 praeter

155 4091 197 4144 od,
219 4093 244 4145 si
270 4109 386 4162 qrrcequc
407 4093 463 4146 suis
490 4094 645 4161 tenporibus
663 4096 722 4146 red·

126 4159 184 4212 dere
205 4162 308 4214 volum
332 4178 349 4212 a
367 4167 443 4231 paret
463 4159 491 4212 in
507 4161 650 4214 verborum
667 4162 723 4216 col-

125 4223 254 4280 locatione
280 4177 436 4282 mendoeum
458 4245 524 4281 esse.
564 4229 660 4300 Neque
687 4229 724 4284 sic
765 4266 770 4278 ·

760 4268 842 4335 πρίων
858 4275 933 4318 onte
954 4297 989 4308 -
1011 4267 1102 4320 ordior
1126 4267 1220 4320 dicere.
1254 4263 1362 4317 Deeri-

759 4351 817 4386 mus
833 4333 984 4388 melioribus
1001 4333 1128 4405 auspiciis.

795 4405 819 4470 ᾗ.
839 4410 864 4457 a.
899 4403 999 4456 Arbela
1021 4412 1176 4473 peruenerat
1201 4417 1235 4455 ex
1257 4399 1362 4472 optimis

125 4295 184 4348 meti
201 4297 317 4364 codices,
345 4299 392 4350 sed
413 4296 532 4367 legitimo
556 4295 649 4351 ordine
666 4300 724 4352 auis

126 4379 239 4483 ppeeqroe
256 4367 412 4438 temporibus
430 4381 522 4419 onmes
554 4367 723 4422 raeterFlor.

169 4431 250 4500 Bam.
267 4435 290 4490 B
309 4443 338 4489 et
353 4435 434 4489 Voss.
452 4440 467 4488 2
487 4433 509 4487 si
546 4435 591 4489 des
608 4435 724 4490 silentio.
778 4487 808 4524 m
838 4470 949 4541 vulgato
974 4473 1093 4541 perveni,
1128 4469 1274 4542 recepimus
1303 4485 1363 4524 eum

161 4538 221 4605 Μ
250 4539 285 4592 ia'
301 4547 463 4610 corupcctum
489 4539 564 4622 deri]
598 4537 662 4594 Non
687 4538 724 4594 tei
759 4488 861 4609 leonto,
880 4539 1006 4596 oratimis
1023 4538 1109 4596 tenori
1127 4537 1297 4610 aptissimum.

1105 4628 1156 4677 11*
