3158 5294
479 357 529 408 nu
556 355 682 408 erens
708 355 819 408 sarx.
846 358 883 426 x,
911 355 954 408 ιι.
1032 372 1036 382 =
1269 337 1341 408 503

178 536 338 590 Perventum
356 534 453 588 deinde
469 542 512 590 eet
528 533 671 590 inMediae
688 552 802 607 campos,
820 537 866 591 ubi
882 536 989 592 maximi
1003 552 1127 606 equorum
1145 551 1238 605 greges
1249 552 1342 606 pasce-

53 614 214 682 ⁸‚.bsutur
248 611 359 666 Nisaeos
375 612 525 683 appellant,
546 611 726 682 magnitudine
743 621 771 666 et
787 614 875 686 speeie
892 614 1014 684 insignes.
1049 611 1135 682 Supra
1152 612 1344 682 quinquaginta

56 673 181 758 {fmilia
197 688 236 742 ibi
252 696 372 758 reperta,
391 706 449 743 cum
466 689 618 742 Alexander
634 706 666 744 eo
683 689 823 758 transiret,
841 709 857 744 a
874 688 1014 744 comitibus
1030 687 1099 742 illius
1117 696 1272 742 annotatum
1289 696 1344 742 est:

37 805 74 842 a:
111 766 173 820 olim
190 766 272 837 triplo
298 765 388 836 plures
414 765 507 832 fuisse,
534 767 580 818 sed
597 765 667 820 inter
691 731 823 822 bellcmui
845 769 936 820 turbas
961 765 1102 820 maximam
1127 781 1220 818 eorum
1241 773 1344 835 partem

40 844 256 916 praedones
273 841 401 912 abegisse
443 843 488 896 ad
514 841 624 912 triginta
650 841 707 896 dies
733 842 770 896 ibi
787 843 905 896 substitit
930 859 985 896 rex
1020 841 1060 896 Εο
1077 841 1220 910 Atropates
1237 841 1344 896 Mediae

62 975 64 981 ,
110 927 216 992 satrapa
233 927 340 974 centum
356 918 481 972 barbaras
498 918 619 972 mulieres
634 919 761 986 adduxit,
787 919 921 990 equitandi
937 919 1048 990 peritas,
1074 916 1207 988 peltisque
1224 925 1252 971 et
1270 934 1343 972 secu-

110 997 184 1051 ribus
201 1003 328 1050 armatas:
355 996 426 1048 unde
444 994 552 1065 quidam
569 995 750 1063 crediderunt,
776 997 940 1050 Amazonum
957 1013 991 1049 ex
1008 1002 1089 1065 gente
1114 994 1236 1065 reliquias
1256 996 1342 1052 fuisse

114 1072 238 1144 Septimis
255 1071 352 1125 deiude
367 1070 460 1125 eastris
476 1071 613 1124 Ecbatana
629 1072 731 1142 attigit,
749 1073 855 1126 Mediae
872 1081 960 1142 caput.
988 1071 1030 1128 lbi
1046 1069 1181 1124 sollemnia
1198 1070 1247 1124 diis
1265 1072 1343 1126 sacri-

7 1138 73 1225 ζ,
108 1149 168 1204 ficia
185 1148 258 1216 feeit,
276 1148 405 1218 ludosque
421 1147 514 1214 edidit,
532 1156 562 1201 et
577 1147 604 1200 in
619 1149 737 1202 convivia
754 1150 887 1220 festosque
904 1148 961 1204 dies
979 1148 1079 1204 laxavit
1092 1147 1216 1217 auhsum,
1235 1158 1265 1204 ut
1282 1168 1344 1204 mox

108 1226 136 1279 in
154 1243 281 1280 uovorum
298 1241 408 1296 operum
425 1242 515 1280 curam
537 1232 620 1295 atque
664 1225 782 1280 ''teria
798 1225 909 1280 validior
925 1223 1115 1280 intenderetur.
1150 1225 1204 1280 Sed
1221 1225 1271 1280 ista
1287 1228 1343 1280 vol-

109 1311 231 1370 ventem,
257 1301 330 1356 velut
347 1301 442 1355 iniecta
464 1319 559 1368 manu,
585 1243 737 1355 fauiHmilio
762 1303 857 1370 traxit,
889 1303 1024 1373 vitorque
1046 1301 1177 1356 carissimo
1203 1302 1344 1358 atuioorum

109 1377 180 1444 eius,
206 1393 292 1449 neque
309 1377 470 1448 multopc'st
495 1378 544 1449 ipsi
562 1395 665 1448 quoque
690 1377 747 1450 regi
768 1379 889 1438 extorsit
933 1380 1032 1433 Pueros
1056 1379 1084 1432 in
1102 1379 1188 1432 stadio
1214 1387 1343 1432 certames

35 1516 59 1536 Α
111 1455 265 1525 spectabat,
292 1471 351 1508 cum
377 1454 515 1508 nuntiatur
531 1454 644 1508 deficere
660 1454 900 1525 Hephaestionem,
926 1456 972 1528 qui
988 1457 1083 1510 morbo
1108 1472 1142 1510 ex
1159 1455 1266 1526 oeapula
1283 1473 1345 1510 con-

110 1538 198 1585 tracto
232 1529 371 1602 septimum
403 1530 456 1584 iam
491 1530 560 1584 diem
586 1531 766 1586 decumbebat
810 1532 962 1588 Exterritus
990 1531 1070 1602 ,amici
1105 1531 1221 1603 periculo
1254 1532 1345 1586 statim

52 1601 68 1681 ’ᾗ
108 1607 254 1678 consurgit,
271 1607 350 1661 etad
367 1606 510 1676 hospitium
527 1605 596 1660 illius
609 1605 731 1662 celeriter
747 1608 849 1678 pergit:
869 1626 956 1680 ιιοιιιιο
973 1616 1062 1662 tamen
1079 1608 1151 1678 prius
1168 1625 1200 1662 eo
1214 1609 1346 1678 pervenit,

27 1677 66 1754 ³³2
109 1701 188 1754 quam
204 1685 278 1738 illum
294 1701 366 1738 mors
383 1691 543 1754 occupasset
578 1682 612 1734 Id
628 1684 685 1754 regi
702 1685 830 1753 omnium,
850 1701 917 1755 quae
935 1687 963 1740 in
979 1684 1035 1739 vita
1051 1685 1204 1756 pertulerat,
1221 1687 1345 1740 adverso-

45 1753 65 1784 ·“’
108 1779 168 1814 rum
185 1759 410 1816 luctuosissimum
435 1759 561 1814 accidisse
585 1769 687 1814 certum
704 1761 829 1830 habetur,
856 1779 969 1833 eumque
995 1761 1176 1832 magnitudine
1200 1761 1300 1815 doloris
1317 1762 1345 1816 in
1423 1801 1435 1826 .

107 1835 227 1891 lacrimas
245 1846 273 1891 et
289 1837 405 1891 lementa
421 1836 535 1902 victum,
562 1835 646 1890 multa
663 1837 743 1890 animi
759 1838 793 1890 de
819 1839 904 1908 gradu
925 1839 1198 1909 deiecti.argumenta
1223 1838 1344 1893 edidisse.

7 1915 60 1986 *3⁴21
108 1914 162 1968 Sed
180 1930 211 1968 ea
228 1914 334 1985 quidem
350 1913 423 1968 uarie
439 1915 592 1968 traduntur:
616 1912 681 1966 illud
704 1913 776 1968 inter
792 1932 882 1970 omnes
908 1923 1024 1981 canstat,
1049 1922 1175 1985 utquam
1193 1915 1344 1970 decentissi-

106 2007 163 2044 mas
180 1991 304 2062 exequias
322 1989 348 2044 ei
364 1991 487 2056 domist,
514 1987 627 2043 noluisse
644 1989 789 2044 Ecbatanis
807 1991 925 2063 sepeliri,
951 1993 999 2046 sed
1015 1991 1192 2060 Babylonem,
1218 2009 1271 2062 quo
1289 1991 1345 2062 ipse

107 2083 277 2122 concessurus
303 2075 379 2133 crat,
410 2083 426 2118 a
450 2063 579 2120 Perdicca
604 2065 702 2120 deferri
729 2083 844 2122 curasse:
870 2069 960 2139 ibique
985 2068 1063 2121 funus
1089 2067 1210 2122 inaudito
1233 2069 1346 2124 antehac

10 2145 61 2186 *21³*
107 2143 230 2214 exemplo
247 2139 390 2196 duodecim¹
404 2142 535 2196 talentum
560 2139 664 2196 milibus
690 2142 825 2198 locavisse.
864 2143 918 2198 Per
943 2145 1092 2199 universum
1118 2153 1191 2198 certe
1206 2143 1345 2233 imperium

29 2229 59 2279 ,²⁴¹
107 2220 194 2291 lugeri
210 2237 271 2274 eum
288 2218 375 2273 iussit:
402 2228 430 2272 et
446 2235 480 2272 ne
497 2217 624 2272 memoria
650 2219 706 2274 eius
728 2219 756 2272 in
773 2220 893 2277 exercitu
907 2222 1082 2287 exolesceret,
1109 2221 1257 2292 equitibus,
1285 2221 1344 2293 quis

14 2291 59 2342 [1³⁷
107 2297 276 2369 praefuerat,
294 2295 395 2349 nullum
406 2293 539 2385 praefecit
556 2294 664 2363 ducem,
687 2297 733 2350 sed
750 2295 956 2389 Hephaestionis
972 2299 1040 2352 mam
1057 2297 1183 2369 appellari
1200 2297 1299 2365 voluit,
1316 2307 1345 2353 et

7 2374 55 2422 13:⁴-
108 2391 178 2445 quae
195 2371 278 2426 ille'
257 2390 333 2442 signa
350 2370 516 2438 instituisset,
534 2387 567 2424 es
584 2389 639 2425 non
656 2336 796 2428 immutari.
823 2374 1106 2430 Funebriacertamina
1123 2375 1260 2446 ludosque,
1280 2393 1345 2446 qua·

7 2483 8 2490 ι
31 2456 49 2492 2'·
106 2451 145 2505 les
163 2467 299 2540 nunquam
317 2447 383 2502 editi
398 2447 518 2515 fuissem,
536 2448 686 2518 meditatus,
703 2451 757 2505 tria
773 2450 902 2508 artihmm
919 2453 991 2506 milia
1008 2451 1108 2523 coegit:
1128 2452 1174 2522 qui
1190 2469 1244 2506 uon
1261 2452 1344 2522 multo

24 2538 48 2574 ἐπ’
106 2535 170 2598 post
186 2527 214 2580 in
231 2527 313 2598 ipsius
331 2523 446 2595 exequiis
472 2533 588 2580 certasse
604 2526 732 2586 femntur.
766 2527 826 2582 Nec
843 2529 918 2584 amici
936 2539 990 2583 tam
1006 2529 1088 2583 effuso
1114 2529 1212 2584 affectu
1230 2529 1262 2582 ad
1281 2545 1345 2583 con-

7 2603 53 2657 ;·t“
107 2603 244 2658 ciliandam
263 2603 319 2656 cius
335 2600 448 2671 gratiam
474 2601 591 2671 segniter
607 2603 662 2672 usi,
680 2603 803 2658 cermtim
823 2621 979 2677 repperere,
1006 2622 1054 2676 per
1070 2623 1138 2676 quae
1155 2605 1282 2660 maneria
1299 2607 1344 2658 de-

7 2677 51 2730 v:2³
107 2679 191 2734 suncti
210 2679 306 2734 clarior
323 2677 532 2748 honoratiorque
548 2679 633 2734 lieret.
667 2679 754 2750 Igitur
770 2681 916 2750 Eumenes,
934 2699 995 2736 cum
1012 2699 1040 2735 se
1057 2683 1092 2736 ob
1110 2683 1268 2736 simultatem
1285 2701 1345 2736 cum

106 2756 305 2828 Hephaestione
321 2755 391 2826 regis
411 2754 619 2825 indignationem
636 2757 775 2811 incurrisse
792 2756 928 2825 sanasset,
951 2758 1040 2812 multis
1058 2769 1150 2812 auctor
1171 2757 1235 2824 aris,
1263 2773 1344 2826 seque

11 2838 46 2890 fl
107 2842 136 2886 et
154 2850 227 2886 arma
244 2850 291 2886 sua
298 2831 489 2903 Hephaestioni
502 2833 679 2899 eomecrandi,
696 2832 872 2904 pecuniasque
888 2835 922 2887 ad
933 2836 1159 2889 cohonestandum
1175 2834 1254 2886 funus
1271 2833 1344 2903 large

7 2919 43 2968 ,αἱ
107 2909 229 2964 contulit.
255 2907 317 2964 Hoc
333 2911 483 2999 exemplum
499 2908 594 2964 imitati
611 2916 673 2962 suut
691 2910 782 2963 ceteri·
805 2925 890 2979 eoque
906 2927 970 2965 rnox
982 2910 1115 2998 processit
1132 2908 1341 2964 asseutationum

8 2997 44 3044 ,ὃ
106 2987 285 3058 impudentia,
312 2994 343 3039 ut
358 2987 416 3064 regi
432 3001 550 3040 maerore
567 2992 596 3037 et
622 2985 751 3040 desiderio
770 2985 911 3039 defuncti'
904 2985 1043 3039 insanienti
1065 3003 1230 3058 persuasum
1235 2988 1342 3038 modern

107 3063 201 3131 suerit,
228 3065 305 3117 deum
322 3080 378 3117 esse
394 3060 628 3133 Hephaestionem.
664 3062 725 3126 Quo
753 3061 859 3132 quidem
875 3070 993 3134 tempore
1019 3079 1053 3124 ex
1079 3061 1212 3131 copiarum
1235 3061 1343 3116 ducibus

107 3103 267 3210 Agatliccles
284 3139 387 3194 Samius
405 3141 439 3192 ad
457 3148 601 3192 οιιιιιιιιιιι
619 3136 727 3208 periculi
744 3136 831 3205 venit,
859 3139 931 3208 quod
947 3137 1017 3192 illius
1034 3138 1165 3192 tumulum
1181 3138 1344 3208 praeteriens

7 3238 41 3278 u·
106 3215 278 3273 illaerimaase
297 3217 368 3270 visus
384 3225 461 3270 esset
487 3216 528 3269 Ac
545 3232 594 3268 mar
586 3213 749 3282 Perdiccas,
767 3215 876 3268 venanti
893 3214 942 3269 srbr
951 3214 1177 3285 Hephaestionem
1192 3214 1345 3286 apparuisse

111 3291 267 3360 ementitus,
293 3311 341 3364 per
358 3294 420 3348 deos
438 3308 529 3346 omnes
551 3290 688 3362 ipsumque
705 3291 930 3361 Hephaestionem
946 3291 1100 3360 deierasset,
1128 3309 1160 3344 ex
1177 3292 1236 3361 ipso
1253 3294 1280 3344 ὼ
1299 3307 1344 3345 co·

7 3387 37 3420 ,r
106 3367 236 3438 girovisse,
255 3369 431 3439 Agath0clem
440 3385 494 3423 non
502 3375 533 3421 ut
549 3375 689 3435 mortuum,
708 3375 827 3422 etvauae
845 3367 990 3423 divinitatis
1007 3368 1090 3422 titulis
1108 3369 1205 3422 frustm
1223 3377 1344 3422 ornatum

7 3457 37 3504 ,π’
106 3443 224 3511 flevisse,
242 3462 333 3500 verum
351 3448 387 3500 ob
404 3444 556 3500 memoriam
573 3443 699 3515 pristinae
716 3447 861 3501 sodalitatis
878 3446 997 3502 lacrimas
1014 3463 1066 3500 uon
1083 3445 1213 3512 tenuisse,
1231 3443 1273 3498 vir
1289 3443 1344 3497 for-

7 3541 32 3584 ,ςι
106 3521 142 3574 tis
160 3529 189 3573 et
216 3521 330 3592 derege
348 3522 540 3577 benemeritus
566 3521 674 3594 pietatis
691 3521 719 3574 in
746 3523 856 3578 amicum
882 3539 977 3594 gaves
1002 3539 1101 3592 poenas
1127 3521 1235 3576 innoxio
1258 3520 1344 3591 capite

7 3603 34 3666 ρι’
108 3599 283 3669 pependisset.

14 3723 24 3738 ,
177 3673 303 3727 Ceterum
319 3682 351 3727 ut
367 3674 501 3744 paulisper
515 3676 613 3729 aluctu
630 3683 753 3729 avocaret
770 3676 892 3743 animum,
911 3675 938 3728 in
949 3675 1123 3729 Cossaeorum
1141 3681 1247 3743 gentem
1264 3689 1344 3744 expe-

7 3771 30 3821 ,155
107 3748 234 3803 ditionem
251 3748 375 3818 suscepit.
409 3749 476 3818 Iuga
492 3749 598 3803 Mediae
620 3751 703 3805 vicina
721 3751 827 3805 Cossaei
850 3759 958 3818 tenent,
985 3767 1105 3820 asperum
1128 3757 1157 3802 et
1174 3767 1235 3804 acre
1251 3768 1344 3820 genus,

8 3861 19 3898 ¹,
106 3834 136 3880 et
154 3826 305 3896 praedando
322 3825 405 3878 vitam
422 3824 535 3878 tolerare
553 3825 667 3880 solitum.
703 3827 747 3880 Ab
769 3827 809 3879 his
826 3827 967 3879 Persarum
984 3841 1058 3894 reges
1076 3843 1163 3880 annuc
1179 3827 1281 3881 tributo
1297 3846 1343 3898 pe-

7 3940 16 3975 :
106 3919 165 3958 cem
180 3901 310 3956 redimere
327 3908 526 3969 consueverant,
544 3918 577 3954 ne
594 3901 622 3955 ia
639 3901 757 3957 subiecta
774 3903 942 3955 decurrentes
959 3902 1080 3956 infestam
1099 3901 1240 3956 latrociniis
1257 3904 1343 3974 regio·

107 3996 170 4033 nem
187 3979 312 4033 facerent.
347 3977 417 4030 Nam
443 3978 497 4030 vim
513 3985 673 4048 temptantes
691 3978 783 4032 Persas
809 3976 886 4030 iacile
906 3977 1088 4049 reppulerant,
1114 3979 1255 4049 asperitate
1272 3981 1343 4036 loeo-

7 4063 25 4120 ξε
104 4073 164 4111 rum
182 4055 295 4120 defensi,
322 4053 350 4108 in
368 4070 435 4124 quae
462 4070 490 4107 se
506 4053 682 4124 recipiebant,
709 4053 830 4126 quotiens
848 4053 926 4106 armis
948 4055 1149 4124 superabantur.
1184 4055 1268 4109 lidem
1286 4075 1343 4110 mu-

7 4160 22 4202 ,·
105 4132 213 4187 neribus
238 4131 377 4202 quotmrnis
403 4131 591 4200 placabantur,
617 4139 649 4184 ut
673 4130 731 4201 regi
748 4129 905 4196 Ecbatanis,
931 4131 977 4184 ubi
1003 4131 1102 4184 aestiva
1126 4132 1229 4186 solebat
1254 4149 1342 4203 agere,

8 4232 23 4278 :¹
106 4209 272 4278 Babylonem
288 4205 443 4278 remigranti
461 4213 534 4262 tutus
557 4223 606 4278 per
622 4223 654 4260 ea
676 4207 733 4261 loca
755 4206 882 4260 transitus
900 4215 978 4261 esset.
1012 4209 1071 4261 Hos
1093 4207 1174 4278 igitur
1191 4208 1344 4264 Alexander
1380 4219 1382 4224 '

16 4315 20 4325 =
106 4284 232 4355 bipartito
250 4284 355 4356 agmine
373 4300 521 4373 aggressus,
539 4285 609 4338 intra
626 4283 799 4355 quadraginta
815 4282 872 4338 dies
884 4283 1040 4374 perdomuit.
1068 4285 1137 4337 Nam
1155 4285 1263 4356 abipso
1281 4303 1344 4355 rege

7 4385 19 4422 ς·
107 4367 136 4413 et
151 4359 318 4428 Ptolemaeo,
337 4360 382 4434 qui
400 4369 502 4432 partem
519 4361 649 4416 exercitus
668 4361 794 4428 ducebat,
812 4377 890 4431 saepe
908 4363 989 4428 caesi,
1012 4369 1043 4416 ut
1060 4369 1121 4432 capt
1122 4361 1179 4414 ivos
1198 4379 1258 4414 suos
1276 4361 1343 4413 reci-

7 4463 19 4510 ,
107 4444 214 4508 perant,
232 4439 373 4508 permisere
390 4454 418 4492 se
435 4437 536 4494 victori.
572 4437 621 4490 Ille
638 4438 738 4492 validas
754 4438 833 4492 urbes
850 4440 1003 4509 opportunis
1020 4438 1083 4492 locis
1100 4437 1187 4492 extrui
1204 4436 1291 4502 iussit,
1309 4453 1343 4489 ne
