3238 5296
232 371 305 444 356
708 393 742 457 Q·
770 388 893 446 curru
917 391 1003 446 eust

297 574 357 642 (89)
379 569 446 626 lilox
471 569 641 642 Polypercon
663 571 764 626 Noram
789 571 862 644 capit
884 564 1015 644 (τάὮρα
1032 574 1106 642 apud
1122 573 1291 642 Art-ianm),
1312 568 1476 624 Alexander

226 648 332 702 Aornin
353 657 471 720 petram,
497 649 532 703 ad
551 648 646 702 Indum
668 648 758 718 sitam,
785 666 941 721 oppugnare
961 649 1063 704 statuit.
1097 648 1282 703 Perducuntur
1303 647 1475 701 Macedones

227 723 255 776 in
273 741 399 779 cacumen
415 725 568 796 oppositum
590 725 628 778 illi
647 728 720 797 quod
742 728 901 781 obsederant
922 727 1033 793 barbari.
1067 725 1218 796 Voragines
1236 723 1390 794 explentur,
1411 725 1475 790 (40)

226 801 284 871 ipse
296 819 345 856 rex
358 819 418 856 oum
435 802 530 856 leviter
546 802 653 861 armatis
670 820 718 874 per
733 819 812 875 rupes
829 803 898 856 amni
916 803 1096 875 impendentes
1112 803 1141 857 in
1157 807 1284 856 verticem
1302 799 1407 866 uitium,
1425 796 1476 851 sed

227 878 335 949 incepto
358 879 485 932 dustere
507 879 619 950 cogitur.
655 881 716 949 (41)
734 880 915 934 Veruntamen
932 879 1077 951 pertinacia
1089 879 1144 933 eius
1157 878 1222 934 victi
1239 876 1346 932 barbari
1363 883 1476 946 petram

228 962 309 1008 noctu
327 955 453 1008 deserunt
468 955 552 1008 effusa
567 955 637 1026 fuga
673 956 737 1010 Inde
753 957 915 1024 Alexander,
939 957 1020 1027 pulsis
1037 956 1082 1027 qui
1099 956 1194 1010 itinera
1211 953 1372 1008 obsidebant
1385 950 1475 1017 Indis,

227 1029 367 1085 Ecbolima
384 1033 472 1100 uenit,
491 1034 550 1103 (42)
568 1031 629 1085 hino
646 1033 679 1085 ad
696 1050 756 1088 eum
773 1035 873 1102 locum,
892 1032 936 1088 ubi
952 1051 1019 1103 pons
1036 1033 1064 1086 iu
1082 1033 1150 1087 lado
1167 1029 1276 1086 flumine
1292 1038 1479 1102 praeparatus

229 1115 296 1161 crat
332 1107 460 1179 Omphis,
487 1125 535 1162 rex
556 1109 627 1162 inter
643 1108 739 1164 Indum
760 1119 790 1164 et
810 1111 957 1182 Hydaspen
979 1125 1081 1177 amnes,
1107 1109 1262 1163 Alexandro
1283 1107 1417 1174 enutriit,
1447 1121 1480 1158 se

228 1201 329 1256 suaque
346 1185 407 1238 fidei
429 1185 485 1238 eius
506 1185 669 1256 permittens.
704 1191 762 1255 (tt)
788 1187 941 1242 Alexander
965 1203 1024 1239 eum
1050 1194 1078 1240 et
1103 1185 1222 1241 restituit
1248 1186 1275 1238 in
1302 1201 1420 1255 regnum
1448 1189 1480 1235 et

228 1261 331 1332 regium
343 1278 439 1316 nomen
453 1261 566 1316 Taxilen
578 1279 679 1316 sumere
691 1263 776 1332 iubet,
794 1265 865 1318 dona
878 1263 967 1330 ctiam,
985 1279 1053 1332 quae
1066 1262 1115 1334 ipsi
1134 1263 1275 1328 obtuderat,
1293 1259 1481 1330 multiplicata

228 1338 331 1406 reddit,
357 1334 587 1393 murmurantibus
600 1339 756 1410 quibusdam
770 1342 960 1414 ''Macedonum
996 1343 1055 1410 (tt)
1077 1339 1212 1407 Abisares,
1232 1337 1306 1392 ultra
1323 1338 1481 1407 Hydaspen

227 1414 346 1485 regulus,
368 1417 512 1480 (Arrianus
535 1425 715 1470 montanorum
732 1419 859 1472 Indorum
882 1420 953 1483 dicit)
975 1415 1070 1488 legatia
1087 1416 1185 1484 missis,
1212 1431 1270 1469 sese
1287 1413 1373 1467 dedit
1409 1417 1482 1466 Bar-

228 1499 336 1545 zaentes
354 1499 381 1544 et
399 1490 532 1545 Gamaxus
554 1491 666 1546 rebelles
687 1492 770 1546 vincti
796 1495 970 1548 adducuntur.
1005 1493 1091 1546 Porus
1112 1500 1201 1546 autam
1218 1490 1379 1545 durissimus
1396 1489 1428 1542 in
1447 1505 1483 1542 ea

228 1568 336 1639 regione
353 1585 410 1636 rex,
429 1576 519 1638 spreta
536 1567 680 1636 deditione,
697 1569 725 1622 in
742 1569 867 1626 ulteriore
875 1570 1009 1641 Hydaspis
1025 1569 1084 1640 ripa
1100 1587 1160 1624 urm
1172 1568 1292 1623 exoratu
1304 1567 1481 1632 consedet-at,

229 1645 393 1698 Macedones
409 1645 525 1700 transitu
541 1644 728 1716 prohibiturus.
764 1649 823 1715 (45)
841 1649 878 1701 Et
894 1649 977 1701 amnis
994 1647 1141 1719 profundus
1155 1654 1182 1698 et
1199 1645 1295 1698 armati
1307 1643 1387 1716 ripae
1400 1657 1483 1715 prae-

229 1722 345 1776 sidentes
363 1729 467 1777 terrent
484 1723 653 1788 Macedones,
676 1739 786 1793 quonam
803 1722 909 1778 iuvenes
926 1723 1055 1789 nonnulli,
1076 1723 1232 1776 blandiente
1249 1737 1374 1775 successu
1392 1731 1483 1774 teme-

229 1797 293 1852 rarii
319 1797 395 1868 facti,
426 1801 459 1854 ab
487 1798 559 1853 Indis
584 1798 778 1870 opprimuntur.
818 1801 878 1870 (te)
902 1800 993 1854 Nihilo
1017 1798 1102 1853 minus
1127 1799 1281 1852 Alexander
1311 1803 1485 1868 tempestate

229 1873 335 1928 adiuuit
354 1875 422 1930 clam
439 1877 559 1930 hostibus
577 1891 680 1929 amnem
697 1875 801 1930 traiicit.
836 1879 895 1947 (47)
914 1877 975 1942 Quo
990 1885 1126 1946 comperto
1138 1877 1225 1930 Porus
1239 1874 1356 1945 primum
1370 1873 1485 1945 equites

228 1960 257 2005 et
280 1951 420 2023 quadrigas
446 1953 543 2024 agmini
566 1952 791 2024 appropinquanti
812 1953 917 2021 obiicit,
944 1953 990 2006 sed
1012 1972 1133 2008 nuruum
1157 1952 1283 2009 auxilium
1306 1951 1416 2004 irritum
1441 1949 1484 2002 fia

230 2032 289 2096 (48)
307 2028 378 2082 Tum
395 2029 550 2100 elephantos
566 2029 722 2100 peditesque
739 2029 846 2084 inducit.
881 2031 1032 2084 Alexander
1049 2049 1108 2084 curn
1126 2031 1236 2085 ducibus
1254 2027 1398 2099 copiarum
1414 2027 1485 2098 quid

229 2105 287 2158 lieri
304 2105 384 2158 vellet
401 2105 570 2176 imperasset,
596 2105 654 2175 ipsa
675 2105 774 2176 primus
795 2123 854 2160 cum
878 2104 997 2176 equitatu
1017 2123 1073 2160 rem
1097 2107 1173 2178 gerit.
1209 2109 1269 2176 (49)
1292 2104 1356 2159 Indi
1375 2103 1485 2158 turbati

229 2199 261 2235 ac
274 2181 381 2236 disiecti
399 2190 532 2252 pugnant,
558 2180 701 2234 maximum
724 2191 857 2236 certamen
879 2181 947 2235 droa
963 2181 1063 2236 Porum
1086 2183 1170 2254 ipsum
1189 2192 1218 2238 et
1235 2182 1399 2254 elephantos
1417 2197 1486 2235 con-

230 2258 309 2312 sistit.
345 2262 403 2325 (to)
430 2256 533 2311 Ceteris
555 2255 703 2327 elephantis
724 2257 752 2310 in
772 2259 863 2328 hagam
885 2258 996 2325 aver-sis,
1023 2259 1110 2312 Porus
1136 2259 1282 2314 destitutus
1304 2259 1487 2332 pmfinaciter

230 2343 319 2387 umen
337 2334 370 2388 de
388 2351 435 2389 suo
453 2333 574 2400 dimicat,
598 2334 683 2388 donec
699 2342 728 2387 et
744 2335 801 2404 ipse
815 2334 909 2405 fugere
926 2343 1048 2404 concurs,
1070 2336 1183 2407 acceptis
1201 2336 1293 2390 multis
1310 2335 1486 2402 vulneribus,

229 2411 258 2464 in
275 2418 374 2463 terram
392 2409 514 2480 delapsus
531 2408 640 2480 capium.
676 2414 735 2479 (tl)
757 2408 838 2462 Cuius
860 2409 939 2464 animi
960 2411 1168 2482 magnitudinem
1186 2412 1345 2466 Alexander
1363 2411 1487 2466 samba-

230 2493 275 2539 tus
292 2501 353 2539 eum
369 2484 441 2540 inter
458 2485 555 2540 amicos
572 2485 679 2557 recipit,
701 2493 730 2539 et
747 2485 875 2556 ampliore
892 2487 973 2541 etiam
990 2504 1086 2559 regno,
1115 2507 1194 2561 quam
1211 2491 1361 2558 habuerat,
1385 2489 1488 2542 donat.

182 2799 201 2870 1
276 2833 280 2846 ·
333 2737 578 2871 Alexander
601 2796 736 2869 maiore
761 2796 857 2868 sama
883 2821 989 2894 quam
1014 2798 1127 2896 gloria
1152 2802 1189 2874 in
1217 2801 1399 2876 dicionem
1428 2826 1488 2874 re·
1510 2818 1532 2866 1.

231 2905 337 2982 daeta
363 2919 476 3009 petra,
503 2933 585 2981 oum
610 2917 758 3005 propter
773 2932 904 3004 vagum
929 2909 1069 2981 hostem
1094 2910 1320 3008 spargendae
1347 2937 1489 2985 manus

231 3028 362 3113 essent,
388 3022 425 3093 in
445 3031 519 3094 tres
538 3027 659 3118 partes
680 3015 801 3091 divisit
828 3019 1031 3092 exercitum.
1077 3017 1388 3118 Hephaestionem
1408 3024 1489 3114 uni,

231 3126 378 3203 Coenon
398 3131 501 3204 alteri
521 3129 630 3204 duces
646 3127 813 3202 dederat:
839 3129 915 3224 ipse
933 3130 1058 3202 ceteris
1085 3143 1260 3226 praeerat.
1305 3129 1381 3206 Sed
1405 3159 1491 3206 non
1512 3153 1529 3199 a

230 3240 356 3316 eadem
382 3264 484 3313 mens
510 3238 676 3312 omnibus
702 3238 863 3310 barbaris
888 3239 964 3310 fuit
1007 3238 1126 3313 Amnis
1145 3241 1292 3338 quidam
1317 3244 1489 3334 subacti3

232 3349 353 3445 plures
380 3361 465 3423 ante
491 3357 672 3423 certamen
697 3348 872 3445 imperata
897 3349 1066 3438 fecerunt,
1093 3343 1223 3446 quibus
1250 3379 1390 3445 eorum,
1422 3347 1492 3451 quii

231 3457 268 3528 in
290 3457 488 3532 desectione
509 3469 838 3556 perseveraverant,
864 3457 971 3530 urbes
989 3484 1164 3556 agrosque
1187 3463 1293 3537 iussit
1317 3465 1491 3536 attribui.

231 3567 285 3640 At
311 3569 435 3642 exules
454 3566 635 3640 Bactriani
661 3593 742 3640 eum
767 3589 865 3640 nccc
878 3565 1161 3666 Massagetarum
1188 3575 1372 3669 equitibus
1400 3602 1494 3673 pro·
1515 3597 1532 3644 a

232 3679 349 3751 ximos
386 3679 486 3752 vicos
524 3687 768 3752 vastaverunt.
836 3677 896 3751 Ad
934 3703 1022 3774 quos
1062 3683 1281 3756 coercendos
1320 3685 1495 3776 Attinas,

231 3789 386 3890 regionis
414 3790 489 3864 eius
516 3789 733 3889 praefectus,
761 3809 831 3862 ccc
858 3789 1010 3884 equites,
1042 3789 1268 3883 insidiarum,
1297 3819 1394 3890 quae
1423 3821 1496 3894 pa·

167 3921 170 3930 ·
218 3897 426 3990 rebantur,
460 3901 617 3997 ignarus,
645 3898 778 3972 eduxit.
831 3895 993 3994 Namque
1018 3898 1131 3973 hostis
1157 3901 1196 3974 in
1228 3904 1350 3995 silvis,
1370 3903 1535 4002 'quaes

233 4017 336 4080 erant
360 4009 452 4083 torte
480 4035 606 4107 eampo
632 4011 783 4100 iunctae,
810 4019 987 4080 armatum
1012 4009 1159 4082 militem
1185 4011 1362 4108 condidit,
1396 4041 1498 4114 pau-

232 4119 283 4190 cis
308 4121 591 4217 propellentibus
617 4143 756 4218 peoora,
784 4129 825 4191 ut
847 4117 1085 4218 improvidum
1103 4119 1150 4192 ad
1167 4121 1320 4198 insidias
1340 4127 1500 4223 praeda

267 4341 327 4396 Lib
336 4357 401 4411 vm,
420 4341 521 4415 Capi,
538 4346 563 4424 ᾖ
573 4351 598 4399 t.
619 4343 835 4425 Messapetprum
869 4341 937 4397 desit
958 4341 1032 4422 leid.
1055 4303 1127 4415 quod
1150 4363 1206 4400 non
1234 4349 1346 4420 credo),
1375 4351 1499 4410 inverso

234 4411 379 4535 εᾳῳιιὺυεὲ
406 4411 468 4465 Hoc
487 4413 581 4493 ordppe
599 4427 691 4466 omnes
708 4411 769 4466 hhn
787 4431 834 4491 no3
868 4411 976 4481 uulgata

233 4487 281 4532 stri
307 4486 335 4532 et
381 4479 556 4551 askenburgn
572 4480 650 4536 Voss.
667 4487 720 4534 l.2
745 4482 834 4552 (quast
