3214 5288
1350 267 1362 302 1

324 443 327 454 ,
429 391 1006 444 nnonsrrsannx.ane.nrsn1
1031 393 1080 444 rr.
1321 376 1368 446 61
1455 435 1459 442 .

12 569 13 572 ’
107 581 211 627 turres
229 571 383 638 incendunt,
401 589 467 642 opus
484 587 568 642 paene
584 579 672 626 totum
689 570 806 627 diruunt.
824 569 1006 641 (11)Νο11111
1024 571 1120 626 molem
1137 573 1240 628 orditur
1251 574 1369 628 Alexan-

107 651 180 716 der,
198 647 309 703 clasmm
327 646 407 701 etiam
425 647 583 718 Cypriorum
599 656 629 702 et
644 647 761 718 ipsorum
777 648 948 716 Phoenicum,
971 648 1024 704 iam
1040 646 1160 720 partibus
1178 651 1368 718 accedentium,

108 725 241 796 colligit,
263 723 359 794 Tyrias
375 740 455 777 naves
473 723 545 778 intra
559 732 668 795 portum
684 725 827 796 compellit.
881 730 941 795 (14)
967 725 1024 780 Iam
1041 725 1184 780 anavibus
1201 726 1305 782 moenia
1321 745 1368 798 op-

108 809 292 874 pugnantur,
318 799 414 854 iunctis
431 801 640 872 quadriremibus
657 810 686 856 et
703 801 827 874 pontibus
850 801 1008 870 eorrstratis,
1036 803 1083 857 sed
1107 811 1252 874 tempestas
1278 811 1368 858 tamen

111 877 224 950 Tyrios
241 876 357 932 adiuvat.
375 880 435 946 (15)
443 877 540 948 Legati
557 875 814 945 Carthaginiensium
830 879 921 932 auxilii
938 896 1012 950 spem
1029 880 1161 947 auferunt,
1179 879 1262 934 nihilo
1278 887 1368 934 tamen

111 954 209 1026 magis
228 952 303 1024 Tyrii
321 953 472 1024 desperant,
490 955 599 1008 deorum
616 969 693 1025 opem
710 955 891 1026 superstitiose
907 955 1076 1028 metentes.
1112 961 1171 1026 (1o)
1192 956 1271 1011 Nora
1288 957 1370 1010 etiarn

112 1031 224 1086 auxilia
240 1030 376 1086 imminens
393 1030 534 1086 necessitas
551 1033 637 1086 docet.
670 1034 729 1099 (11)
747 1030 842 1086 Plures
859 1048 939 1086 naves
956 1033 1079 1088 admovet
1095 1035 1257 1101 Alexander,
1276 1034 1369 1088 eodem

114 1107 237 1180 augurio
253 1107 333 1162 animi
351 1115 380 1162 et
395 1106 571 1162 Macedonum
589 1116 618 1161 et
636 1107 787 1177 Tyriorum,
806 1118 837 1162 ut
853 1110 908 1164 lere
925 1109 965 1176 lit,
983 1111 1178 1165 confirmantur.
1197 1113 1255 1179 (18)
1273 1110 1370 1182 Pugna

115 1184 228 1240 naualis
243 1183 432 1250 committitur,
450 1184 523 1239 cuins
540 1187 575 1239 ad
591 1191 741 1238 extremum
757 1185 869 1240 victores
885 1185 954 1240 fiunt
970 1186 1144 1254 Macedones,
1164 1195 1192 1241 et
1210 1190 1269 1256 (19)
1287 1188 1368 1242 tertio

115 1262 170 1316 die
186 1269 254 1332 post,
273 1261 374 1332 impetu
390 1261 506 1332 undique
522 1261 606 1328 lacto,
632 1262 697 1316 urbs
714 1269 891 1332 expugnatur,
909 1261 1052 1316 victoribus
1069 1263 1235 1319 exacerbatis
1252 1264 1369 1318 saevien-

116 1339 216 1406 tibus,
243 1342 301 1407 (10)
328 1335 440 1408 septimo
457 1354 547 1391 mense
562 1345 702 1409 postquam
724 1338 873 1410 oppugnari
889 1345 984 1411 coepta
1000 1347 1042 1393 est
1059 1344 1162 1410 (medio
1179 1345 1250 1395 anno
1267 1359 1285 1395 α
1305 1341 1369 1394 Otr.

116 1426 180 1470 nat.
197 1422 258 1482 332,
275 1431 363 1469 merse
379 1416 467 1468 Attico
484 1416 727 1483 Hecatombueone).

194 1495 253 1560 (21)
270 1491 428 1546 Affenmtur
444 1491 544 1544 alterae
560 1491 666 1546 litterae
682 1511 699 1545 a
713 1491 812 1558 Dareo,
830 1490 925 1562 quibua
942 1491 1011 1546 filiae
1028 1493 1225 1548 matrimonium
1242 1493 1369 1549 etAsiam

118 1570 160 1626 cia
178 1568 269 1639 Halyn
285 1569 440 1623 Alexandro
457 1567 548 1622 offert:
565 1569 709 1639 respondet
724 1568 768 1622 hio
785 1567 896 1622 irridens
912 1571 1027 1624 muneris
1043 1569 1182 1626 vilitatem.
1210 1562 1269 1642 (tt)
1286 1573 1368 1626 Prae-

118 1646 185 1701 fecti
202 1645 396 1717 pmrinciarum
412 1643 596 1698 instituuntur.
618 1643 713 1700 Graeci
729 1643 797 1698 ludis
814 1645 932 1699 Isthmiis
948 1647 1102 1702 Alexandro
1120 1665 1245 1704 coronam
1261 1660 1369 1702 auream

120 1726 279 1778 moemnnt.
322 1727 377 1790 (23.
395 1724 442 1790 24)
476 1721 530 1774 Res
556 1719 664 1776 interim
689 1719 716 1774 in
733 1721 798 1775 Asia
818 1721 919 1777 minore
941 1731 970 1776 et
986 1724 1187 1796 insulisgeatao
1202 1733 1369 1780 enarrantur.

122 1801 206 1857 Chios
223 1807 380 1870 occupatur,
407 1799 548 1871 capiuntur
563 1797 751 1852 Pharnabazus
768 1801 824 1852 dux
841 1808 870 1854 et
886 1799 1050 1856 Aristonicus
1069 1809 1208 1872 tyrannum
1237 1801 1369 1871 Mitylene

120 1877 248 1932 traditum.
284 1879 343 1945 (23)
361 1875 465 1929 Dareus
481 1873 582 1928 bellum
598 1883 706 1929 strenue
723 1884 809 1946 parat,
827 1877 910 1931 Besso
927 1877 1129 1944 Bactrianorum
1147 1885 1255 1947 satrapa
1280 1892 1369 1930 accer-

121 1955 184 2022 sito,
212 1970 324 2024 quar-run
340 1969 429 2005 rerum
446 1951 564 2006 omnium
580 1951 688 2022 ignarus
706 1951 860 2005 Alexander
884 1955 945 2020 (26)
973 1951 1083 2016 Gazam,
1110 1955 1204 2008 urbem
1221 1961 1369 2006 extremam

120 2034 387 2102 Aegyptumversns,
404 2027 516 2083 obsidet.
535 2027 708 2098 Oppugnatio
725 2045 785 2081 cum
802 2045 896 2098 panum
911 2029 1078 2098 procederet,
1096 2047 1145 2082 rex
1162 2046 1259 2083 corona
1275 2030 1369 2083 urbem

120 2106 345 2179 apereruerit,
362 2107 409 2160 sed
426 2105 460 2160 ab
476 2104 635 2159 Aristrando
652 2111 714 2158 rate
731 2104 887 2173 deterritus,
906 2104 1052 2159 exercitum
1069 2105 1169 2178 recipit
1206 2109 1264 2175 (21)
1284 2105 1370 2176 Oppi-

122 2184 186 2238 dani
204 2190 355 2254 erumpunt,
373 2199 463 2252 pugna
478 2181 549 2236 faeta
565 2181 718 2235 Alexander
734 2180 896 2234 vulneratur.
923 2185 982 2251 (28)
1002 2181 1122 2237 Tandem
1139 2183 1240 2251 urbem,
1259 2184 1369 2237 subruto
1391 2211 1392 2222 1

120 2278 226 2392 1111110ἐιι
227 2260 386 2314 Macedones
403 2257 515 2326 intrant,
532 2257 609 2312 Betis
625 2259 783 2329 praelectus,
801 2259 909 2330 egregia
925 2275 1016 2331 pugna
1032 2260 1113 2328 edita,
1131 2267 1224 2331 capus
1241 2259 1369 2332 supplicio

121 2339 189 2394 erud
218 2336 224 2349 '
242 2336 362 2391 allicitur.

194 2415 254 2482 (23)
278 2410 353 2468 Gaza
369 2411 503 2483 profectus
520 2413 632 2484 septimo
649 2411 693 2465 die
709 2413 743 2465 ad
760 2412 825 2466 fines
846 2412 964 2484 Aegypti
988 2414 1116 2485 pervenit.
1160 2413 1198 2466 Et
1222 2413 1323 2468 incolae
1342 2421 1371 2468 et

122 2488 256 2562 praesidia
272 2488 379 2543 Persica
396 2487 451 2542 eius
468 2489 530 2543 fidei
546 2505 604 2543 sese
620 2489 788 2560 permittrmt.
832 2489 896 2544 Nilo
917 2490 1015 2543 vehens
1032 2489 1159 2551 interiora
1176 2489 1291 2560 regionis
1309 2507 1371 2561 per-

123 2569 236 2634 lustrat,
264 2583 377 2639 eamque
397 2566 467 2620 Iovis
484 2565 640 2620 Hammonis
658 2565 787 2637 templum
803 2565 877 2619 adire
893 2565 1048 2633 statuisset,
1075 2569 1135 2635 (30)
1160 2567 1276 2622 secrmdo
1294 2584 1371 2621 arnna

123 2645 159 2697 ad
176 2643 312 2696 Mareotin
330 2643 465 2697 descendit
482 2652 511 2696 et
528 2660 578 2714 per
594 2642 748 2696 solitudines
765 2642 877 2697 molesto
894 2642 990 2696 itinere
1009 2645 1107 2712 (media
1122 2644 1203 2696 hieme
1215 2646 1281 2697 anni
1290 2646 1370 2715 incip.

123 2727 173 2775 331
195 2737 214 2773 a
226 2719 302 2787 Otr.)
319 2721 460 2774 adsedem
477 2720 519 2773 dei
537 2726 668 2790 penetrat.
705 2722 763 2787 (31)
780 2717 947 2774 Describitur
964 2736 997 2772 ea
1012 2717 1086 2788 regio
1104 2725 1133 2772 et
1149 2735 1253 2774 aeonum
1270 2738 1371 2774 nemus.

124 2801 185 2868 (32)
203 2796 357 2850 Alexander
373 2797 444 2852 lovis
461 2796 530 2852 filius
546 2797 581 2850 ab
599 2795 704 2850 oraculo
721 2796 880 2868 appellatur,
898 2795 1024 2849 etdirino
1034 2795 1133 2849 honore
1146 2795 1198 2849 ooli
1215 2813 1245 2850 se
1261 2797 1372 2869 patitur.

124 2878 186 2945 (33)
212 2874 247 2927 In
262 2875 419 2945 Aegyptum
434 2879 554 2928 reversus
571 2871 760 2927 Alexandriam
783 2871 888 2938 condit,
915 2870 1063 2941 Memphim
1080 2871 1165 2941 petit,
1192 2889 1234 2940 res
1251 2873 1373 2942 Aegypti

124 2951 271 3022 componit.

196 3030 256 3095 (34)
282 3025 350 3078 Inde
366 3027 490 3080 adversus
508 3027 626 3080 Dareum
642 3025 809 3096 proficiscens
835 3025 988 3092 (incipiente
1004 3038 1063 3074 aere
1080 3023 1147 3076 anni
1163 3024 1232 3088 331)
1254 3023 1289 3077 ob
1315 3021 1372 3076 He-

124 3105 209 3161 ctoris
218 3111 333 3158 mortem
343 3102 433 3162 dolore
450 3103 570 3158 allicitur.
589 3101 734 3155 Samarites
752 3098 872 3168 insyria
888 3098 957 3151 male
974 3107 1099 3168 parentas
1116 3097 1260 3166 ulciscitur,
1278 3099 1371 3166 (Tyra)

124 3183 158 3237 de
174 3179 318 3253 postulatis
336 3179 465 3234 sociorum
483 3179 645 3234 Graecorum
662 3178 765 3232 statuit.
790 3179 850 3244 (35)
867 3173 971 3228 Dareus
988 3173 1075 3246 copias
1093 3174 1231 3245 Babylone
1248 3173 1372 3228 collectas

124 3258 235 3313 instruit
252 3275 285 3311 aa
301 3255 443 3326 diligenter
461 3264 555 3324 armat,
582 3259 642 3324 (31)
667 3273 717 3326 per
733 3251 954 3322 Mesopotamiam
971 3251 1114 3321 profectus,
1141 3250 1219 3323 Tigri
1236 3259 1372 3323 superato,

124 3334 237 3400 Arbelis
250 3332 439 3403 impedimenta
455 3333 589 3404 relinquit,
608 3332 694 3388 locum
711 3341 785 3386 trans
798 3330 899 3400 Lycum
917 3345 1020 3383 amnem
1036 3347 1122 3401 prope
1139 3329 1252 3383 alterum
1268 3343 1373 3384 amnem

124 3411 277 3465 Bumadnm
294 3411 440 3479 (uicemque
460 3411 639 3480 Gaugamela)
656 3409 757 3481 proelio
776 3405 941 3478 aptissimum
957 3405 1038 3478 legit,
1066 3415 1201 3480 equestres
1219 3405 1307 3477 copias
1325 3407 1372 3458 ho-

125 3488 207 3542 stimn
225 3487 324 3558 agmini
342 3485 440 3540 obiicit.
475 3488 535 3556 (37)
560 3486 713 3539 Alexander
739 3503 799 3539 oum
815 3483 972 3554 Euphraten
997 3493 1079 3554 ponte
1104 3483 1251 3538 traiecisset
1272 3483 1373 3551 (media

125 3567 257 3632 aestate),
284 3563 395 3617 Mazaeo
412 3562 511 3617 Persici
536 3563 671 3633 equitatus
688 3561 823 3633 praelecto
840 3561 942 3630 fugato,
966 3561 1000 3614 ad
1019 3561 1124 3632 Tigrim
1145 3559 1286 3632 pervenit,
1313 3560 1372 3626 (38)

126 3658 240 3712 eumque
256 3640 368 3694 feliciter
384 3641 472 3693 audax
489 3639 593 3693 nemine
610 3637 769 3710 prohibente
786 3637 860 3690 vadis
878 3644 993 3706 superat.
1038 3640 1098 3705 (39)
1126 3635 1195 3690 Cum
1221 3635 1258 3689 ibi
1276 3634 1374 3688 stativa

126 3719 247 3782 haberet,
273 3718 337 3771 luna
353 3716 475 3771 deficiens
493 3716 593 3770 animos
609 3715 786 3769 Maoadonum
804 3713 913 3777 terruit,
932 3729 1011 3782 quem
1028 3722 1128 3767 metum
1146 3731 1206 3766 cnm
1223 3719 1315 3765 vatum
1332 3709 1374 3763 in·

126 3794 322 3865 terpretatione
340 3794 374 3847 ad
391 3801 496 3864 tempus
514 3800 579 3862 apta
595 3791 768 3856 damnasset,
787 3793 846 3859 (40)
856 3791 981 3844 adversum
989 3787 1107 3862 Dareum
1124 3789 1215 3855 duxit,
1234 3788 1375 3842 Persarum

126 3871 231 3943 equites
256 3869 417 3940 refugientes
435 3867 552 3924 etnicos
577 3869 747 3923 incendentes
774 3883 944 3937 persequens.
980 3868 1038 3933 (41)
1065 3865 1099 3920 ln
1115 3865 1161 3919 illo
1179 3863 1275 3918 itinere
1292 3861 1375 3916 Darei

127 3947 234 4019 captiva
251 3945 367 4000 coniunx
383 3955 488 4002 mortua
505 3954 556 4010 est,
574 3945 683 4016 lugente
699 3943 863 3997 Alexandro.
898 3945 957 4011 (42)
975 3941 1128 4012 Spadonnm
1146 3959 1214 3996 unus
1231 3940 1259 3994 id
1276 3941 1376 3995 factum

126 4024 218 4078 Dareo
235 4022 379 4091 nuntiarit,
406 4041 437 4077 ac
454 4021 615 4092 suspiciones
632 4021 701 4092 regis
719 4022 753 4074 de
770 4019 839 4073 male
856 4019 948 4073 habit-a
965 4035 1048 4072 uxore
1066 4017 1186 4086 sustulit;
1214 4023 1272 4086 (43)
1292 4033 1376 4089 eaque

127 4099 332 4173 opportunitate
348 4117 411 4154 usus
427 4099 532 4152 Dareus
550 4098 637 4151 denuo
653 4097 756 4169 legatos
774 4098 808 4150 de
825 4114 891 4167 pace
908 4095 989 4164 misit,
1007 4105 1092 4149 terras
1110 4112 1194 4166 usque
1211 4095 1376 4166 adEuphra·

128 4187 178 4231 ten
203 4195 253 4247 pro
280 4178 343 4231 dote
368 4175 438 4230 filiae
464 4177 584 4230 offerens.
629 4177 687 4242 (44)
715 4173 855 4228 Consuluit
873 4191 904 4226 ea
921 4175 954 4226 de
971 4191 1001 4226 re
1018 4172 1171 4226 Alexander
1188 4171 1302 4238 amicos,
1330 4170 1377 4224 sed

128 4253 312 4308 Parmenionis
331 4253 438 4308 00111110
456 4260 565 4323 spreto,
591 4250 662 4305 bello
689 4269 755 4321 opus
781 4267 837 4304 esse
858 4249 1005 4322 respondit.
1050 4252 1109 4318 (45)
1135 4250 1221 4304 Ambo
1247 4246 1378 4301 exercitus

127 4330 239 4406 paulum
256 4330 464 4401 progrediuntur
481 4339 509 4384 et
527 4329 632 4383 Dareus
648 4327 704 4381 acie
722 4327 852 4381 instnrcta
869 4329 959 4382 hostes
977 4333 1111 4396 expectat.
1138 4326 1198 4394 (43)
1216 4325 1377 4378 Macedones

128 4406 232 4460 subitus
249 4425 333 4476 pavor
349 4405 464 4474 inradit3
491 4406 584 4460 collem
602 4413 783 4476 opportunum
801 4412 947 4474 occupant,
966 4403 1013 4456 sed
1030 4421 1046 4455 a
1063 4419 1126 4474 rege
1143 4400 1215 4454 intra
1232 4408 1319 4455 castra
1335 4408 1376 4452 te-

128 4489 234 4536 nentur.
271 4487 331 4552 (47)
357 4483 509 4536 Alexander
526 4483 582 4554 ipse
600 4482 694 4536 dubius
712 4482 745 4535 de
762 4489 860 4536 eventu
886 4497 991 4553 pugnae
1015 4479 1152 4534 eonsilium
1175 4477 1300 4544 adhibet,
1327 4493 1376 4528 no-
