3214 5288
644 391 863 444 PRAEFATIO.
1295 389 1363 442 111
1494 435 1500 446 ,

130 575 303 650 barentur
328 589 365 651 et
389 602 413 649 a
446 577 582 654 Valente
606 577 765 655 natata
789 578 826 650 in
852 575 1022 676 singulari
1054 576 1174 651 libello
1199 587 1367 650 notarum

131 704 169 778 in
195 701 237 794 Q.
264 703 425 780 Curtium
452 704 689 806 (Francofurti
719 703 833 803 1594)
860 704 987 780 acerbe
1014 705 1210 804 castigatae
1236 713 1366 794 essent,

131 857 263 932 anceps
292 834 336 908 de
362 835 504 933 ingenio
531 836 606 910 eius
632 835 801 909 iudicium
828 835 937 909 etiam
963 832 1010 906 ad
1036 833 1196 926 alteram,
1223 832 1269 907 de
1296 858 1368 930 qua

130 961 228 1036 iusto
252 965 394 1061 parcius
420 961 521 1056 dixit,
548 964 665 1062 operis
682 974 823 1062 partem
842 963 1107 1055 transferretur,
1133 963 1195 1042 ubi
1211 963 1368 1036 maxime

133 1089 179 1164 de
204 1091 276 1165 fide
301 1101 339 1165 et
363 1091 566 1167 constantia
591 1091 739 1167 editoris
765 1093 893 1191 agitur.
947 1089 1053 1166 Certe
1078 1117 1151 1166 non
1177 1091 1215 1165 id
1236 1090 1368 1166 laboris

133 1220 189 1294 sui
224 1221 307 1294 tulit
339 1221 556 1319 praemium,
602 1220 700 1320 quod
734 1246 845 1296 uuum
877 1219 1120 1319 expetendum
1156 1230 1213 1294 est
1247 1219 1369 1292 critico

134 1347 278 1439 editori,
310 1360 351 1422 ut
385 1351 526 1447 qualem
559 1351 817 1425 conformasset
850 1358 1010 1440 textum,
1045 1349 1237 1448 insequens
1269 1359 1370 1424 aetas

134 1488 344 1576 sequeretur
369 1489 406 1552 et
430 1479 610 1556 retineret
661 1478 805 1554 Etenim
830 1477 1046 1579 posthabita,
1082 1477 1214 1578 quippe
1240 1475 1285 1551 de
1313 1501 1370 1550 cu-

134 1605 189 1680 ius
214 1604 287 1678 fide
314 1605 548 1698 dubitaretur,
573 1607 684 1682 Modii
702 1607 918 1700 recensione,
938 1607 1096 1706 vulgata,
1123 1631 1214 1704 quae
1233 1605 1371 1708 dicitur,

133 1734 240 1808 lectio
266 1735 443 1824 iniustam¹
465 1737 725 1834 possessionem
756 1735 983 1835 recuperavit
1008 1759 1158 1833 eamque
1185 1760 1298 1833 usque
1324 1731 1372 1808 ad

133 1863 229 1936 hanc
255 1872 411 1938 aetatem
436 1863 601 1956 obtinuit,
628 1877 769 1940 tantum
795 1862 893 1963 quod
917 1863 974 1938 hic
996 1863 1067 1938 illic
1083 1863 1250 1963 graviora
1267 1887 1372 1959 quae·

135 1989 221 2064 dam
247 1992 351 2083 vitia,
386 2017 476 2090 quae
502 1992 722 2092 intelligendi
756 1993 963 2068 facultatem
989 1991 1093 2065 nimis
1119 1989 1373 2090 impediebant,

133 2120 346 2219 plerumque
372 2121 594 2213 coniecturis,
620 2122 735 2196 rarius
761 2119 996 2218 integriorem
1020 2119 1193 2194 librorum
1217 2117 1374 2194 lectioni·

134 2249 206 2322 bus
231 2249 444 2349 recipiendis
474 2250 617 2324 sublata
642 2262 736 2326 sunt.
790 2246 896 2339 Quod
927 2247 1054 2322 ceteris
1087 2246 1231 2346 quidem
1255 2249 1374 2322 minus

135 2377 227 2452 vitio
261 2376 476 2452 vertendum
511 2391 566 2452 est
600 2405 708 2477 quam
741 2377 865 2456 Ioanni
896 2375 1140 2470 Freirtebemio,
1179 2378 1241 2476 qui
1275 2376 1375 2450 Petri

134 2505 298 2582 Danielis
324 2506 416 2582 libro
448 2505 493 2581 de
518 2507 661 2605 puriore
694 2505 951 2582 emendationis
978 2507 1077 2580 fonte
1104 2504 1287 2582 admoneri
1314 2532 1375 2604 po·

134 2637 226 2729 tuit,
267 2647 305 2710 et
340 2636 453 2734 magis
485 2636 592 2710 etiam
625 2636 733 2712 Henr.
761 2633 1029 2736 semenare,
1070 2635 1131 2733 qui
1154 2636 1193 2709 in
1219 2633 1375 2710 editione

133 2791 204 2842 sua
243 2791 326 2838 cum
365 2764 483 2838 varias
522 2775 685 2840 veterum
728 2767 901 2841 librorum
945 2764 1116 2838 lectiones
1156 2772 1376 2864 congereret,

134 2895 246 2995 etiam
272 2893 598 2992 praestantissimos
631 2895 722 2970 duos
753 2895 879 2986 libros,
922 2890 1133 2968 Leidensem
1170 2901 1208 2964 et
1232 2889 1378 2964 Vossia-

133 3049 223 3098 nnm
254 3027 287 3114 l,
314 3023 524 3113 accuratius,
550 3047 657 3120 qaam
682 3020 801 3097 adhuc
821 3023 895 3096 fere
916 3021 994 3094 fieri
1011 3019 1161 3110 solebat,
1188 3017 1379 3116 excerpsit,

134 3177 204 3226 nec
228 3161 355 3226 tamen
387 3149 434 3223 ad
459 3148 634 3242 Modiam,
654 3150 762 3225 'sicut
797 3173 952 3248 aequum
984 3159 1076 3241 erat,
1112 3144 1282 3239 attendit,
1316 3155 1378 3220 aut

133 3281 285 3357 omnino
311 3277 505 3369 intellexit,
532 3279 634 3352 utin
660 3279 852 3378 proverbio
880 3289 950 3370 est,
978 3276 1064 3376 quid
1090 3275 1266 3350 distarent
1293 3299 1378 3349 aera

131 3409 282 3509 lupinis.
350 3405 610 3480 Verumtamen
647 3417 798 3506 aterque
837 3433 860 3480 a
894 3407 1017 3481 critica
1054 3405 1193 3480 ratione
1231 3403 1380 3502 paulum

134 3538 290 3612 alienior
315 3535 399 3626 fuit,
427 3546 464 3609 et
488 3533 749 3610 Freinshemius
776 3534 920 3633 quidem
946 3543 1045 3608 totus
1071 3534 1107 3607 in
1134 3532 1306 3607 historica
1331 3530 1382 3604 in·
1449 3627 1451 3632 Ι

134 3664 401 3765 terpretatioue
426 3687 492 3762 pro
518 3688 618 3737 more
649 3663 742 3738 illius
770 3664 901 3738 saeculi
927 3663 1026 3737 etin
1052 3658 1305 3737 concinnandis
1332 3659 1381 3731 la·

136 3782 395 3872 boriosissdnis
431 3791 685 3890 supplementis
719 3802 931 3891 occupatus,
971 3786 1263 3886 Snekenbmgius
1299 3811 1381 3862 con·

135 3923 335 4026 gregandis
360 3919 476 4016 magis
502 3944 610 4017 quam
635 3918 827 3994 educendis
851 3920 890 3993 in
915 3919 1028 3994 aciem
1048 3915 1382 4012 committendisque

136 4045 328 4120 doctrinae
368 4047 479 4145 copiis
518 4047 686 4122 intentus.
746 4047 1000 4122 Recentiormn
1035 4045 1213 4122 editorum
1246 4043 1383 4142 primus

135 4173 237 4250 Fac.
266 4172 507 4252 &tanatem
532 4174 569 4248 in
596 4172 750 4250 editione
777 4171 1003 4274 Gottingensi
1029 4200 1061 4248 a.
1087 4175 1184 4249 1803
1207 4170 1384 4246 aFreins·

135 4306 308 4380 hemiano
337 4311 446 4377 textu
479 4299 690 4400 recipiendis
720 4303 877 4378 maxime
911 4301 1108 4377 Florentini
1139 4310 1176 4374 et
1200 4297 1386 4374 Leidensis

137 4431 389 4530 Vossianique
414 4429 543 4528 prioris
569 4456 617 4504 ex
642 4432 811 4506 thesauro
834 4427 1152 4528 Snakenburgiano
1174 4426 1387 4501 lectionibus

139 4561 327 4638 discedere
358 4583 470 4632 ausus
497 4567 562 4648 est,
590 4559 647 4632 cui
671 4559 789 4658 gratia
812 4557 980 4634 habenda
1006 4567 1063 4631 est
1087 4557 1125 4630 in
1145 4579 1199 4646 eo,
1226 4551 1324 4649 quod
1342 4550 1388 4626 de
