3270 5290
268 387 339 460 166
736 411 769 473 Q·
798 409 922 462 curru
947 412 1033 464 nuru

264 591 337 666 duo
362 593 459 666 milia
492 602 529 668 et
560 593 755 692 quingenta
787 593 905 668 stadia
938 597 1072 670 emensi
1098 607 1199 687 sunt,
1236 596 1296 693 qui
1330 593 1503 692 amplissi-

262 730 361 778 mum
387 705 615 779 intervallum
641 706 733 778 circa
747 703 937 780 Armeniae
963 719 1103 783 montes
1129 717 1356 782 notaverunt.
1388 703 1558 792 lidemrr

263 842 344 890 curn
370 815 510 892 Mediae
536 829 573 890 et
593 813 866 916 Gordyaeorum
891 828 1025 894 terram
1051 845 1172 894 secare
1197 827 1402 916 coeperunt,
1415 839 1502 913 pau·

262 929 363 1002 latim
387 929 424 1000 in
451 927 563 1001 artius
590 937 738 1020 coeunt,
775 939 812 1002 et
838 956 908 1027 quo
934 933 1074 1030 longius
1100 940 1262 1020 manant,
1296 931 1366 1003 hac
1391 951 1502 1024 angu-

263 1041 352 1114 stius
388 1041 481 1112 inter
513 1064 551 1112 se
587 1040 742 1138 spatium
776 1053 893 1116 terrae
924 1043 1138 1141 relinquunt.
1197 1040 1313 1114 Vicini
1344 1039 1501 1112 maxime
1523 1057 1557 1104 1⁵

262 1161 346 1226 sunt
372 1153 409 1225 in
436 1153 579 1249 campis,
607 1178 697 1249 quos
722 1153 859 1228 incolae
884 1153 1179 1252 Mesopotamiam
1204 1153 1401 1251 appellant;
1428 1174 1501 1222 me-

263 1263 357 1336 diam
392 1287 547 1359 namque
579 1265 624 1338 ab
659 1273 812 1362 utroque
847 1267 959 1338 latere
995 1263 1153 1338 cludunt
1205 1263 1318 1338 Iidem
1343 1287 1409 1361 per
1433 1261 1501 1334 Ba-

262 1375 487 1474 byloniorum
522 1376 611 1448 fines
641 1375 677 1448 in
705 1375 867 1450 Rubrum
901 1401 999 1450 mare
1031 1377 1242 1475 irrumpunt.
1293 1371 1503 1446 Alexander
1523 1392 1557 1439 ra

262 1486 397 1583 quartis
430 1486 555 1558 castris
587 1486 634 1559 ad
668 1486 827 1561 Mennim
863 1490 991 1563 urbem
1021 1488 1195 1588 pervenit.
1256 1483 1419 1559 Oavema
1451 1483 1503 1556 ibi

261 1608 325 1686 cst,
354 1621 401 1670 ex
427 1623 497 1695 qua
521 1599 602 1672 fons
628 1600 810 1698 ingentem
835 1601 1017 1675 bituminis
1043 1603 1117 1674 vim
1143 1595 1304 1687 effirndit,
1331 1595 1433 1686 adeo,
1460 1605 1503 1668 ut

260 1709 347 1784 satis
373 1721 524 1801 constet,
545 1709 764 1810 Babylonios
789 1736 912 1785 muros
936 1713 1090 1810 ingentis
1117 1711 1234 1810 operis
1259 1709 1365 1782 huius
1391 1708 1503 1780 sontis
1580 1747 1583 1752 ·

261 1821 435 1896 bitumine
461 1821 637 1912 interlitos
664 1846 753 1895 esse.

211 1938 232 2009 3
365 1930 533 2009 Ceterum
559 1932 747 2034 Babylona
773 1935 980 2033 procedenti
1007 1933 1216 2008 Alexandro
1235 1931 1412 2022 Mazaeus,
1440 1931 1502 2028 qui
1524 1949 1555 1996 1⁷

260 2071 307 2119 ex
333 2045 408 2118 acie
433 2045 468 2118 in
498 2069 577 2120 eam
603 2046 729 2121 urbem
756 2049 981 2147 confugerat,
1009 2073 1090 2120 cum
1116 2045 1246 2118 adultis
1272 2044 1392 2117 liberis
1419 2067 1502 2141 sup-

259 2257 393 2308 dr'aeoram
411 2264 518 2322 terram,
536 2255 607 2326 quod
620 2255 658 2309 ita
671 2255 864 2310 restituendum
898 2259 1001 2312 deutur.
1035 2255 1144 2310 Mediae
1167 2253 1272 2326 quidem
1297 2252 1503 2325 appellationem

258 2330 290 2376 ut
327 2325 525 2392 Gordyaeorum
565 2323 703 2379 scribatur.
757 2325 864 2380 Medius
898 2344 1011 2393 exesae,
1034 2325 1131 2396 quippe
1149 2339 1216 2394 qnae
1234 2331 1317 2388 terra,
1339 2337 1432 2376 eversa
1449 2321 1503 2375 As·

262 2391 451 2446 Cordiacoram
473 2391 556 2445 edidit
582 2392 650 2445 niele
673 2393 809 2465 traditque
826 2395 864 2448 ita
898 2395 968 2466 syria
994 2411 1094 2465 regna,
1126 2409 1209 2464 usque
1238 2392 1272 2444 ad
1298 2390 1393 2462 Tigrin
1418 2389 1503 2461 perti-

258 2459 287 2513 in
304 2459 461 2512 membranis
479 2477 544 2527 esse,
562 2459 635 2514 cuius
652 2461 691 2515 rei
705 2462 769 2516 fides
783 2479 863 2534 penes
897 2464 993 2517 nuen't

258 2529 345 2600 ipsum
363 2536 428 2582 esto.
932 2535 955 2600 5.
975 2537 1015 2586 15.
1034 2533 1067 2584 ab
1085 2540 1193 2600 atroque
1206 2527 1415 2598 laterecladuat]
1433 2525 1503 2582 Vul-

294 2609 317 2674 §.
340 2611 381 2660 rt.
408 2607 488 2659 vicini
504 2606 616 2659 murima
635 2609 707 2678 suae]
732 2607 816 2662 codd.
835 2616 863 2662 et
917 2609 991 2654 atum
1015 2602 1170 2654 concludant
1195 2615 1255 2652 suos
1278 2595 1358 2650 babet
1380 2604 1502 2650 auctores

258 2675 318 2728 edd.
345 2674 443 2728 Aldina
473 2673 633 2744 antiquiores
664 2678 765 2744 victae,
798 2677 862 2731 item
897 2619 1360 2741 bernaetrloreDEFGH-1,
1383 2673 1411 2718 el
1432 2664 1503 2718 80166

258 2751 319 2816 post
336 2761 389 2797 nan
406 2743 519 2796 multum
537 2746 626 2797 eadem
654 2763 685 2798 no
695 2747 781 2799 iidem.
799 2745 862 2826 N.⁰¹¹
897 2744 998 2827 syllaba
1015 2763 1077 2826 qao,
1100 2763 1161 2798 cum
1183 2744 1231 2796 bae
1248 2751 1312 2796 nata
1329 2761 1343 2796 a
1360 2740 1501 2821 scribam,

258 2811 862 2952 ttttttttttptlttttattttt
896 2812 1502 2960 :tlttdtttntt'ttbttttttt

259 2949 385 3016 dixisset,
414 2959 525 3021 repente
551 2950 585 3003 de
610 2950 760 3005 fluminibus
781 2951 861 3024 loqui.
896 2953 947 3007 bac
968 2970 1021 3006 nan
1043 2969 1096 3006 una
1117 2950 1175 3004 laco
1200 2957 1408 3004 accuratissimus
1430 2946 1502 3000 Dra·

258 3019 318 3074 Nec
334 3017 398 3072 satis
416 3018 500 3072 simile
516 3027 558 3072 est
575 3021 646 3090 quod
663 3027 761 3088 1v,2t,
778 3028 807 3074 11
828 3021 862 3077 de
895 3020 1070 3075 kenborcbius
1093 3020 1127 3072 ad
1148 3017 1260 3070 Livium.
1301 3015 1393 3096 Nihilo
1414 3014 1500 3068 minus

257 3090 302 3142 avi
318 3095 347 3140 et
364 3105 438 3142 aaran
462 3087 579 3158 legimus.
620 3089 674 3142 Sed
697 3092 738 3142 leis
761 3092 861 3159 campie
895 3107 966 3144 nuuc
989 3091 1096 3143 cludunt
1120 3085 1208 3156 recepi
1235 3101 1269 3138 ex
1292 3085 1356 3137 edre.
1378 3083 1501 3137 Madet

257 3175 307 3228 pno
333 3173 365 3210 eo
388 3157 458 3225 quod
481 3157 510 3208 in
536 3157 656 3210 omnibus
679 3156 752 3210 libris
774 3167 815 3211 est
832 3161 861 3211 in
896 3159 981 3213 tribus
998 3158 1095 3211 nostris
1112 3154 1219 3226 optimis
1243 3161 1272 3206 et
1293 3153 1366 3206 Laid.
1386 3152 1496 3206 Vasa]

257 3226 357 3303 eampis
380 3241 427 3277 cur
444 3223 530 3276 Aldus
551 3225 655 3279 dederit
672 3242 765 3296 parum
782 3226 861 3280 intel·
895 3227 1009 3280 maxime
1031 3223 1194 3279 constantiae
1221 3239 1317 3284 causa,
1346 3229 1405 3274 tarn
1435 3237 1499 3275 vero

256 3292 320 3371 laga,
337 3308 495 3412 quamguam
511 3292 632 3360 Medius,
655 3295 701 3363 qui
718 3303 807 3347 tamen
824 3296 860 3347 vi·
896 3295 965 3417 quod
985 3295 1156 3347 concludendi
1172 3291 1253 3344 verbo
1270 3288 1333 3344 alibi
1345 3307 1399 3342 non
1412 3289 1500 3342 utitur

257 3369 470 3480 tttt‘ttt
479 3361 861 3497 Mttttlttltt‘abt
894 3374 1093 3502 ‹133⁹an
1114 3357 1499 3496 staretstart

257 3513 273 3549 a
290 3494 491 3575 reprehensione
514 3495 674 3549 Schmiederi
697 3497 860 3552 defenditur:
894 3516 985 3552 verum
1003 3507 1081 3565 esset,
1099 3517 1124 3551 v.
1143 3502 1274 3560 c.v111,2
1293 3497 1362 3575 altrei
1369 3496 1498 3574 serenan

257 3571 299 3616 est
319 3578 389 3616 enun
411 3579 503 3618 revers
529 3564 715 3634 amplissimum
747 3566 861 3620 arnniam
892 3585 994 3638 prepes.
1029 3565 1072 3620 De
1097 3567 1182 3619 sorma
1202 3564 1276 3618 verbi
1298 3563 1351 3617 rllre
1374 3563 1497 3616 drxrmus.

256 3631 424 3686 intervallum
453 3631 482 3685 in
512 3633 646 3703 superiore
668 3635 860 3706 Mesopotamia
929 3638 957 3688 ia
966 3637 1085 3689 Rubrum
1102 3651 1175 3688 mare
1192 3635 1339 3711 irrumpant
1369 3631 1499 3684 Promea·

258 3708 291 3754 64
309 3700 363 3754 mil.
381 3717 471 3771 geogr.
489 3702 632 3754 seeundum
645 3701 746 3756 -Ib'tten
765 3720 856 3784 geogr.
890 3715 967 3776 punt,
986 3704 1058 3776 quod
1075 3703 1129 3756 sare
1146 3702 1247 3766 editur,
1266 3719 1291 3753 m
1310 3699 1381 3754 Far.
1399 3699 1439 3752 ΕΙ
1456 3699 1497 3751 in·

257 3769 335 3822 Tam.
348 3785 381 3835 11,
400 3788 425 3840 p.
438 3777 495 3836 126,
515 3787 583 3842 quse
600 3780 662 3824 sunt
680 3779 748 3826 2560
766 3773 858 3826 stadia.
893 3773 962 3842 veni,
975 3781 1149 3842 perrumpant
1166 3770 1194 3823 in
1210 3767 1288 3821 Dru
1305 3767 1385 3821 Bern.
1403 3767 1436 3830 B,
1454 3783 1498 3821 ee-

256 3839 568 3893 ImmaStrabolib.x1
591 3859 616 3910 p.
635 3846 682 3894 521
711 3841 732 3894 Β
751 3841 858 3908 emerit,
893 3841 945 3896 teri
962 3849 991 3895 et
1008 3838 1170 3911 integerrimi
1187 3855 1247 3892 cum
1255 3836 1328 3890 Mod.
1348 3837 1497 3916 irrarapaat

256 3905 860 4032 limnlii‘lilniblrililffila‘lafil
893 3910 1142 4033 titttttttdt’
1169 3906 1240 3978 ‘¹⁰⁰⁶
1261 3922 1315 3958 ”⁰⁰
1330 3921 1417 3958 Μ
1434 3921 1497 3976 ¹³¹*

255 4045 439 4164 turult
454 3997 859 4169 enarratae
914 4017 1184 4170 relatura
1207 4044 1257 4096 ”²³¹²
1283 4040 1388 4113 ru
1415 4040 1497 4112 '⁰¹³⁰

275 4153 326 4233 aad
344 4181 377 4232 de
394 4131 860 4254 srlbobus⁰anllibli¹suebl1slllull
893 4133 1038 4265 widapa
1059 4133 1080 4234 ο.
1092 4133 1140 4235 (lt.
1175 4151 1204 4233 rb
1225 4196 1282 4232 eam
1299 4180 1387 4232 arbem
1405 4195 1497 4234 amnes

255 4197 365 4302 Mediae
386 4259 411 4301 et
435 4251 632 4318 Gordyaeorum
650 4263 746 4305 terram
770 4269 859 4306 secare
893 4261 986 4320 nostri,
1005 4252 1024 4306 S
1080 4267 1185 4304 .unum
1194 4246 1349 4300 leidensem
1366 4247 1496 4318 appellat3

256 4326 408 4386 caepaam,
434 4335 494 4372 cum
515 4320 549 4372 ad
568 4336 648 4372 unum
667 4320 761 4390 Tigrin
778 4321 859 4392 perti-
893 4322 973 4392 vulgo
995 4323 1024 4374 r'n
1049 4320 1137 4374 arbeae
1164 4334 1228 4370 eam.
1270 4315 1337 4370 Post
1360 4318 1418 4384 rapi
1434 4319 1497 4386 fait

256 4393 328 4451 neat,
345 4390 373 4437 in
391 4386 440 4439 hec
455 4403 485 4440 re
500 4387 540 4440 its
553 4389 713 4442 cauconlans
726 4406 785 4442 cum
795 4389 860 4444 Dia·
893 4389 974 4444 Bern.
997 4391 1024 4442 A
1045 4387 1116 4440 Flor.
1138 4385 1187 4438 AB
1214 4383 1291 4438 Voss.
1314 4392 1327 4437 1
1351 4401 1400 4453 pro
1422 4384 1496 4456 vulg.

256 4453 322 4508 doro
339 4469 376 4514 rr,
406 4462 434 4508 11
464 4459 641 4524 (ἐνεχθέντες
668 4455 714 4511 διὰ
737 4457 859 4526 Μηδίας)
884 4460 944 4528 seit
970 4459 1027 4527 regri
1057 4454 1143 4524 (Laid
1169 4469 1222 4506 non
1254 4459 1495 4518 commemoretur).

256 4531 288 4578 ut
304 4539 338 4576 ex
355 4523 447 4578 eodem
464 4543 524 4580 cum
540 4523 586 4580 illo
602 4525 676 4582 fonte
693 4527 807 4582 beusssse
820 4526 860 4583 vi-
892 4527 994 4582 Deinde
1011 4525 1111 4580 obsidio
1118 4525 1218 4594 satura
1236 4529 1288 4575 tam
1305 4537 1397 4576 amnes
1410 4522 1497 4576 uestri
