3214 5288
637 391 856 443 PRAEFATIO.
1302 393 1369 443 XXI

133 587 333 676 propagata
358 574 467 647 etiam
492 572 724 671 Brunsvigae,
751 575 813 648 ubi
838 576 928 648 liber
954 575 1231 666 describebatur,
1256 575 1368 648 homi·

14 709 15 712 ’
133 729 222 777 num
263 712 400 775 mentes
435 725 458 773 a
489 701 586 799 pacis
625 703 778 800 negotiis
819 702 864 776 ad
905 702 1119 777 discordiam
1151 703 1367 800 bellicosque

133 832 309 906 tumultus
344 854 532 926 rerumque
567 853 713 903 suarum
751 830 984 906 diffidentium
1029 842 1207 904 evocaret
1263 828 1368 903 Nunc

132 960 252 1058 igitar,
278 958 396 1057 quiete
422 957 645 1054 aliquatenus
672 959 862 1050 restituta
876 985 958 1033 eum
983 959 1101 1032 denuo
1127 959 1229 1057 quasi
1254 957 1364 1030 umbi·

131 1089 223 1161 licus
247 1086 331 1160 huie
357 1085 456 1184 operi
473 1085 709 1184 imponendus
735 1097 801 1178 est,
825 1087 1018 1161 infaustam
1043 1087 1136 1160 hane
1162 1085 1366 1184 opportuni·

131 1226 247 1290 tatem
284 1213 568 1313 praetermittere
608 1239 681 1288 non
721 1240 869 1313 possum
909 1216 993 1313 quin
1037 1216 1172 1312 aliquot
1207 1215 1367 1286 locorum

131 1341 401 1416 emendationes
437 1342 614 1414 hocloco
649 1343 880 1440 subiungam‚
920 1368 1008 1440 quaa
1039 1343 1096 1415 vir
1127 1341 1271 1430 doctus,
1307 1341 1367 1437 qui

126 1469 320 1570 gymnasio
348 1465 665 1569 Guelpherbytano
687 1479 841 1569 praeest,
878 1470 996 1547 Justur
1021 1470 1159 1570 Jeepiea
1184 1470 1222 1543 in
1247 1468 1367 1542 Anna·

129 1599 228 1672 libus
248 1596 466 1670 scholasticis
491 1596 537 1670 ab
551 1594 811 1695 Heydemanno
826 1597 1243 1673 etMuetzellioBerolini
1263 1594 1367 1669 editis

130 1724 218 1800 anni
249 1726 344 1798 1848
364 1749 445 1824 pag.
474 1727 547 1798 416
576 1750 651 1822 sqq.
679 1725 746 1799 sub
772 1725 868 1799 idem
892 1727 980 1800 illud
1001 1737 1143 1827 tempus
1170 1723 1366 1823 proposuit.

237 1851 314 1926 Lib.
345 1875 387 1925 Ν
417 1877 493 1951 cap.
523 1855 543 1924 7
573 1861 604 1942 S.
633 1853 773 1927 6·bene
800 1855 942 1928 coniicit
966 1882 1032 1954 pro
1060 1881 1102 1930 eo
1138 1852 1236 1952 quod
1271 1850 1365 1926 edidi

129 1980 290 2055 dirnbsoa
314 2006 445 2056 monem
470 1979 601 2080 [emim]
629 1995 803 2081 coeperant
834 1982 972 2056 abiecto
999 1982 1120 2079 spurio
1145 1981 1258 2054 verbo
1285 1978 1366 2052 scri-

129 2107 292 2183 bendum
319 2134 397 2182 esse
422 2109 555 2184 dimetri
579 2135 658 2184 aeos
682 2133 813 2184 eume
838 2123 1019 2209 coeperant.

235 2238 296 2313 lib.
323 2259 364 2309 1v
390 2261 465 2335 cap.
494 2240 540 2309 21
570 2246 601 2327 s.
633 2240 651 2309 l
678 2263 745 2337 pro
772 2237 934 2312 codicum
959 2239 1136 2337 scriptura
1164 2238 1271 2312 dotem
1286 2239 1366 2338 sore

131 2363 385 2464 corrigendum
414 2375 520 2464 putat
553 2366 659 2440 dotem
690 2367 816 2467 qferre,
851 2391 1004 2465 quocum
1029 2366 1267 2442 Accusativus
1293 2389 1366 2438 con·

128 2507 253 2570 tentam
280 2493 356 2568 sine
382 2494 629 2592 supplemento
655 2491 824 2567 Modiano
857 2520 892 2570 ae
913 2499 993 2598 sore
1027 2505 1124 2568 recte
1158 2493 1238 2568 coit.
1292 2489 1365 2564 Sed

129 2621 230 2722 quod
257 2621 383 2695 eodem
409 2621 524 2720 capite
552 2624 625 2712 §.3
653 2624 770 2722 affeetu
795 2633 900 2722 putat
917 2624 1029 2696 careri
1054 2647 1170 2722 posse,
1198 2619 1365 2718 quoniam

129 2761 300 2824 neutrum
335 2774 449 2850 genus
484 2748 741 2824 adiectivorum
781 2752 881 2825 iuuere
912 2777 952 2826 ae
979 2751 1108 2852 puerile
1148 2749 1265 2823 meretis
1300 2771 1365 2845 pro

129 2880 275 2954 nomine
292 2878 518 2952 substantivo
537 2879 686 2970 dicatur,
712 2879 887 2952 difficilius
912 2880 1096 2978 probatur.

234 3007 296 3080 lib.
322 3029 363 3079 v1
389 3031 464 3105 cap.
493 3005 894 3106 21§.10pr0A1dina
920 3009 1096 3106 scriptura
1121 3017 1229 3079 toruae
1253 3026 1365 3076 morae

130 3137 276 3236 pretium
301 3135 464 3234 proxime
484 3135 595 3210 libros
617 3147 758 3210 veteres
776 3137 1037 3234 manuscriptos
1064 3159 1127 3236 queo
1153 3131 1286 3206 andem
1311 3153 1366 3204 ere

132 3263 325 3365 legendum
350 3275 447 3338 recte
473 3264 632 3339 coniecit.

233 3393 294 3467 lib.
320 3413 374 3468 vu
400 3417 475 3492 cap.
505 3395 551 3467 21
581 3403 612 3484 S.
642 3395 687 3467 16
719 3392 809 3467 illud
834 3393 951 3492 ipsum
977 3389 1074 3490 quod
1106 3388 1287 3487 expectari
1322 3411 1366 3460 eo

133 3524 213 3596 loco
241 3521 316 3596 dixi
342 3521 404 3623 qui
426 3547 546 3622 affluere
571 3523 764 3597 obededom
795 3523 912 3596 inesse
951 3522 988 3594 in
1024 3518 1186 3593 codicum
1216 3516 1365 3589 nonnul·

134 3651 251 3724 lorum
283 3649 460 3749 scriptura
489 3651 664 3742 ducebant,
697 3651 727 3723 si
759 3650 936 3724 scribatur
967 3649 1139 3724 eludebant
1171 3643 1368 3744 prudenter

136 3777 325 3851 existimat
1016 3851 1020 3858 .

235 3905 478 4005 lib.vr1cap.
508 3909 554 3980 31
585 3917 616 3998 ς.
645 3909 692 3980 28
718 3907 755 3980 in
781 3906 860 3981 loeo
886 3905 1117 3980 dubitationis
1148 3903 1255 4001 pleno
1282 3899 1365 3972 scri·

132 4034 290 4108 bendum
328 4035 517 4135 proposuit
550 4035 627 4110 Ree
660 4037 758 4111 about
789 4061 865 4110 eum
899 4035 1059 4132 eoqtdere
1079 4035 1236 4138 felicitati
1267 4061 1365 4110 aree:

122 4163 252 4265 sedulia
275 4163 341 4238 abi
364 4163 413 4238 ad
433 4163 578 4266 plotium
603 4164 776 4238 concedere
800 4165 888 4255 deos,
919 4173 957 4238 et
971 4165 1100 4266 satalia
1126 4163 1171 4239 de
1201 4163 1364 4237 tristibus

134 4292 228 4365 extis
254 4291 363 4390 paulo
390 4302 475 4366 ente
500 4293 785 4367 commemoratis
810 4293 985 4391 intelligit

236 4419 297 4493 lib.
323 4441 365 4492 nr
391 4446 466 4519 cap.
495 4423 516 4494 2
546 4429 577 4511 S.
609 4424 627 4493 l
656 4445 722 4519 pro
748 4423 891 4495 nomine
916 4421 1004 4497 Poro
1031 4421 1241 4495 adverbium
1260 4441 1367 4518 perro

133 4547 359 4622 reddendum
383 4549 521 4621 auctori
546 4559 677 4624 censet.
