3158 5294
287 297 387 403 522Ι
756 353 790 417 o.
818 351 940 406 curru
966 353 1051 404 auru

284 536 399 610 lucam
425 535 591 634 caliganti
617 535 773 610 reddidit
797 535 948 626 mundo,
983 560 1065 610 cum
1097 536 1173 610 sine
1205 561 1271 610 suo
1309 538 1429 636 capite
1455 535 1498 607 du

285 645 406 721 cordia
430 647 592 720 membra
615 647 846 747 trepidarent.
899 645 997 737 Quot
1026 648 1085 720 ille
1116 657 1194 722 tum
1226 649 1392 722 extinxit
1415 647 1510 721 aaa

284 769 373 855 quot
399 757 559 831 condidit
582 758 738 857 gladios!
774 769 945 856 quantam
971 769 1222 857 tempestatem
1247 760 1377 833 subita
1402 757 1498 831 sared·

284 879 360 944 tate
386 868 568 942 discussit!
622 868 702 944 Non
722 894 807 967 ergo
829 870 1014 945 revirescit
1039 872 1165 962 solum,
1192 869 1257 946 sed
1283 870 1401 944 etiam
1424 867 1498 940 flora

284 981 481 1079 imperium.
533 979 642 1054 Absit
666 980 775 1054 modo
800 980 944 1072 invidia,
971 981 1124 1080 excipiet
1148 981 1254 1058 huius
1281 980 1421 1055 saeculi
1440 989 1512 1050 ten-i

285 1116 375 1190 pora
401 1090 560 1168 eiusdem
585 1091 712 1166 domus
739 1092 876 1166 utinam
907 1103 1096 1191 perpetua,
1131 1105 1228 1168 certe
1260 1091 1436 1166 diuturne
1460 1114 1498 1186 po

284 1202 437 1276 steritas.
492 1201 669 1296 (laterum,
697 1214 738 1276 ut
763 1201 811 1276 ad
836 1203 1008 1294 ordinem,
1033 1230 1057 1276 a
1082 1229 1152 1302 quo
1179 1228 1237 1279 me
1263 1199 1509 1300 contemplare

284 1314 447 1414 publicae
472 1313 649 1388 felicitatis
672 1323 863 1404 averterat,
888 1314 1043 1406 redeam,
1070 1314 1241 1390 Perdicca
1259 1313 1410 1388 unicam
1426 1332 1498 1408 sper

285 1426 409 1498 salutis
436 1449 522 1499 suae
548 1425 583 1498 in
611 1424 780 1524 Meleagri
805 1436 921 1500 morte
947 1425 1168 1526 deponebatr
1199 1450 1342 1498 vanum
1375 1419 1495 1498 eunden

284 1545 322 1608 et
345 1534 504 1628 infidum,
531 1538 761 1634 celeriterque
787 1561 845 1612 res
870 1546 1096 1628 novaturum,
1133 1549 1169 1612 et
1193 1537 1261 1612 sibi
1287 1534 1445 1610 maxime
1464 1530 1495 1600 ir·

283 1647 415 1718 festum
428 1649 675 1746 occupandum
688 1672 776 1722 esse.
829 1643 902 1721 Sed
927 1647 1001 1721 alta
1027 1645 1311 1723 dissimulatione
1341 1643 1515 1722 conatum

284 1758 484 1858 premebat,
525 1769 566 1832 ut
597 1759 814 1858 opprimeret
847 1758 1039 1832 incautum.
1091 1757 1188 1856 Ergo
1220 1760 1316 1834 clam
1351 1749 1492 1854 quosdnr

285 1894 332 1942 ex
358 1871 485 1969 copiis,
512 1870 640 1967 quibus
667 1879 846 1968 praeerat,
881 1871 1107 1960 subornavit,
1134 1881 1184 1960 ut,
1210 1870 1317 1966 quasi
1344 1869 1493 1966 ignoraret

285 1981 373 2077 ipse,
399 1991 703 2078 conquererentur
728 1981 856 2078 palam,
882 1977 1102 2077 Meleagrum
1128 1991 1324 2077 aequatum
1347 2001 1422 2052 asse
1437 1971 1491 2044 Per·

284 2089 414 2164 diccae.
469 2089 629 2181 Quorum
663 2115 826 2168 sermone
862 2088 1042 2188 Meleager
1076 2090 1124 2164 ad
1158 2117 1196 2166 se
1230 2091 1370 2180 relato,
1402 2088 1515 2158 finer

283 2202 337 2275 ira
362 2199 552 2276 Perdiccae
585 2228 676 2300 quae
708 2203 938 2299 comperisset
970 2201 1128 2298 exponit
1179 2201 1258 2292 Ille,
1296 2201 1399 2274 velut
1425 2211 1490 2268 nors

282 2335 323 2383 re
340 2314 542 2403 exterritus,
569 2314 746 2403 admirari,
773 2312 883 2408 queri,
910 2312 1132 2412 dolentisque
1158 2313 1315 2411 speciem
1343 2315 1489 2386 ostentese

284 2421 316 2494 ci
342 2423 476 2518 eoepit;
504 2422 551 2495 ad
577 2425 740 2498 ultimum
766 2426 944 2514 convenit,
969 2433 1011 2498 ut
1037 2421 1422 2522 comprehenderentur
1440 2425 1488 2486 taffl
1514 2468 1515 2531 p

284 2529 474 2606 seditiosae
510 2535 609 2608 vocis
646 2543 820 2608 auctores.
872 2534 960 2633 Agit
990 2533 1169 2633 Meleager
1199 2534 1357 2631 gratias,
1390 2521 1506 2620 ampltl

283 2665 423 2738 xusque
448 2644 656 2720 Perdiccam
676 2645 793 2730 ,iidem
826 2646 900 2720 eius
933 2647 970 2720 in
1001 2671 1040 2719 se
1071 2671 1113 2718 ac
1145 2641 1423 2719 benivolentiam
1442 2627 1486 2704 col·

284 2752 417 2827 laudat
470 2753 561 2830 Tum
588 2758 766 2831 communi
791 2759 937 2831 consilio
954 2757 1130 2830 rationem
1147 2753 1375 2854 opprimendi
1390 2751 1514 2823 nendi*

285 2945 504 3003 tannasara
523 2957 633 3004 ausas
646 2949 685 3016 (a
695 2949 778 3006 eterne
788 2949 882 3016 earu
918 2947 988 3002 aior.
998 2947 1039 3000 nr
1056 2956 1083 3002 a
1096 2947 1160 3004 vas.
1178 2946 1231 2999 auo
1247 2947 1321 3017 apua
1337 2931 1482 3022 meretur

286 3023 324 3071 tur
350 3035 377 3088 p.
395 3023 459 3088 809)
485 3017 568 3072 tribus
589 3018 734 3073 Vaticanis.
769 3017 829 3072 lloc
855 3025 884 3070 et
919 3016 1043 3070 Getarum
1061 3015 1306 3088 quamfrequeutar
1321 3013 1361 3067 usi
1374 3009 1483 3076 srnttltue

285 3083 348 3139 olim
368 3086 489 3140 voluerat
506 3086 646 3154 Heinsius,
667 3096 696 3141 et
717 3101 803 3156 nuper
819 3085 883 3140 Nia-
918 3086 998 3140 etiam
1016 3085 1090 3139 abrai
1107 3083 1250 3164 scriptores
1263 3083 1335 3138 illius
1348 3088 1376 3136 et
1391 3081 1483 3154 pqsstffi?

285 3153 402 3222 hebrius,
420 3155 469 3208 sed
486 3155 563 3209 ambo
579 3163 717 3225 praeterea
737 3156 819 3208 noca:
841 3157 885 3223 qui
917 3153 954 3207 ris
971 3152 1067 3208 aetatis
1083 3153 1198 3222 imagine
1217 3151 1304 3206 noctis
1327 3159 1355 3204 et
1375 3144 1432 3218 sola¹
1445 3131 1482 3187 fil*
1513 3129 1514 3190 l

285 3225 354 3300 nocti
370 3255 404 3263 -
421 3241 511 3276 norum
528 3226 602 3276 aidus
620 3225 716 3290 illusit,
733 3222 801 3276 sicut
818 3221 885 3276 Sue-
918 3221 1006 3291 ginem
1029 3220 1191 3276 discutientis
1213 3219 1274 3273 ride
1291 3219 1365 3292 apud
1381 3203 1482 3268 rmum

285 3297 373 3344 tomus
392 3290 495 3360 scripsit
513 3291 589 3345 Caes.
607 3297 670 3346 e81
694 3309 725 3344 aa
743 3301 824 3357 nocta,
842 3292 885 3344 cui
919 3291 1008 3344 mium.
1407 3350 1412 3359 Ι

284 3359 369 3437 illpeit
393 3361 466 3437 sidua
488 3361 585 3412 coedis.
620 3359 675 3438 §ed
696 3359 773 3439 facile
794 3367 885 3412 tamen
943 3361 976 3480 fi.
994 3366 1019 3412 4.
1053 3359 1169 3412 reddidit
1194 3357 1304 3437 mundo]
1341 3351 1420 3432 reddet
1437 3337 1482 3392 Fl'

284 3433 512 3561 {auraria
526 3427 886 3566 terrueruut
919 3414 1482 3560 t10„.tatstrffruaattt

284 3560 312 3614 in
329 3569 421 3629 nocte,
438 3579 517 3632 quam
534 3579 616 3633 paene
634 3580 781 3644 supremam
795 3563 885 3616 habui-
919 3565 980 3632 suo)
999 3563 1070 3617 Flor.
1084 3561 1156 3615 DFI.
1192 3561 1262 3614 Tum
1286 3556 1413 3614 discordia
1430 3555 1480 3666 'ff'

285 3647 357 3694 mus,
383 3637 517 3702 tamquam
533 3649 630 3686 norum
656 3633 727 3685 ardus
752 3632 885 3702 quoddam
920 3634 995 3685 deret
1013 3631 1210 3696 (omissoverbo
1219 3629 1346 3698 membra)
1364 3623 1426 3677 Flor.
1466 3601 1481 3656 fl

284 3697 372 3752 illuxit
387 3715 497 3771 eamque
513 3699 645 3756 discmsit.
673 3701 773 3754 Eadem
782 3699 885 3754 ratione
919 3699 1031 3753 Bern.B
1049 3698 1095 3770 qui
1112 3699 1168 3752 fara
1186 3696 1350 3751 coniunctim
1362 3695 1425 3744 auat
1441 3677 1480 3731 111

286 3781 318 3821 eo
334 3767 416 3822 verbo
434 3785 495 3822 usus
512 3777 553 3822 cst
569 3769 664 3824 (licere
682 3771 715 3822 de
732 3769 784 3839 leg.
802 3783 883 3838 agni,
913 3769 1020 3838 pidaras
1037 3767 1120 3822 etiam
1135 3783 1169 3820 cx
1186 3764 1268 3820 Pall
1289 3767 1434 3828 eneam,

285 3840 333 3889 ct
351 3853 408 3888 cum
419 3839 518 3906 populo
529 3838 647 3892 Romano
665 3856 713 3891 coa
731 3847 754 3890 at
772 3839 885 3890 eucwri·
953 3839 976 3905 ᾗ.
988 3844 1010 3890 7.
1034 3837 1135 3889 inllel.
1153 3843 1233 3888 morte
1251 3832 1399 3912 deprendat.
1414 3819 1479 3872 ‘¹¹⁶³'

285 3913 327 3958 tua
345 3907 458 3958 considis
477 3907 505 3958 in
523 3909 603 3960 rantis
627 3908 738 3960 tenebris
760 3907 884 3958 illuxerit.
919 3921 967 3974 pro
990 3906 1104 3986 ponebar
1130 3921 1191 3958 cum
1216 3898 1402 3981 significatione
1417 3889 1478 3998 ΜΞ

285 3971 382 4044 Neque
405 3988 462 4026 eam
489 3975 694 4036 correctionem,
721 3982 751 4027 ut
773 3975 818 4042 qni
835 3991 884 4044 pro
919 3971 999 4026 anima
1015 3971 1198 4043 persuasionis,
1217 3971 1374 4041 deponimus
1388 3971 1443 4036 111111
1467 4009 1471 4020 .

286 4043 329 4096 cui
346 4040 484 4108 scribatur,
512 4042 650 4112 qnisquam
669 4041 800 4096 difficilem
816 4041 884 4094 iudi·
918 4049 1006 4095 tntum
1027 4050 1157 4112 putamus.
1193 4039 1247 4093 Sed
1268 4037 1347 4092 simili
1370 4033 1424 4084 bom
1440 4029 1478 4070 ’ω’

286 4108 363 4164 aare.
408 4108 568 4176 collegimus
594 4110 663 4164 enim
689 4127 747 4164 am
774 4110 887 4164 mame
921 4107 1258 4179 pestanensem,
1280 4123 1331 4160 nse
1346 4119 1373 4157 re
1389 4083 1476 4172 atat

286 4178 320 4231 ob
343 4193 448 4231 causam
471 4185 513 4232 tot
534 4177 676 4232 scribamm
698 4177 886 4246 atanaricum,
920 4176 1313 4247 rimFrainshcmiumponetar‚
1327 4179 1372 4228 aut
1402 4162 1477 4216 11111111

254 4245 887 4370 11111111·
921 4245 1363 4384 “seruauerant
1399 4281 1475 4351 sn

286 4383 397 4454 scriptos
415 4399 471 4437 esse
489 4391 517 4436 et
532 4382 659 4452 imprimis
679 4382 707 4435 in
724 4382 886 4438 terminatio-
921 4383 1029 4438 Medius
1046 4383 1156 4437 verbum
1174 4399 1203 4435 co
1236 4383 1265 4447 ir,
1289 4388 1383 4434 temer
1396 4365 1475 4438 iffi

287 4451 364 4508 nibru
381 4468 476 4508 rocam
492 4453 624 4508 mendose.
660 4450 705 4506 Sic
721 4453 887 4539 animaveris
920 4449 1213 4519 masticonensi
1254 4423 1475 4542 mpuratttl·
1514 4385 1515 4444 i
