3270 5288
256 369 329 441 358
725 389 770 458 Q„
789 385 912 440 curru
937 387 1021 439 aum

253 595 332 645 rum
357 595 484 670 greges
511 573 607 646 clusi.
661 568 845 669 Spatiosas
871 569 918 643 ad
943 571 1012 643 boc
1038 571 1174 670 eligunt
1200 571 1324 660 silvas,
1357 568 1493 642 crebris
1514 589 1546 665 u

254 683 463 781 perennium
489 705 663 780 aquarum
688 681 847 754 fontibus
873 705 1060 771 amoenas3
1100 681 1209 754 muris
1241 705 1389 755 nemora
1420 680 1491 752 cin·

251 805 395 891 guntur,
421 804 609 890 turresque
635 793 770 866 habent
795 793 1003 867 venantium
1028 793 1261 891 receptacula.
1310 789 1492 881 Quattuor
1514 811 1544 858 1s
1611 833 1612 896 3

252 885 428 979 continuis
454 904 632 978 aetatibus
657 906 831 979 intactum
858 905 990 978 saltum
1014 904 1123 978 fuisse
1149 904 1491 1000 constabat;.quem

252 1015 459 1090 Alexander
498 1041 579 1089 cum
617 1025 695 1089 toto
735 1017 895 1090 exercitu
929 1017 1126 1114 ingressus,
1165 1015 1293 1114 agitari
1332 1013 1490 1110 undique
1611 1107 1612 1110 Ἴ

251 1129 345 1201 feras
371 1129 484 1202 iussit.
536 1127 634 1200 luter
660 1152 748 1225 quas
775 1151 855 1200 cum
880 1129 937 1200 leo
963 1125 1218 1224 magnitudinis
1244 1150 1346 1198 rarae
1373 1124 1492 1222 ipsum
1513 1143 1544 1190 14

251 1263 372 1336 regem
397 1240 587 1312 invasurus
614 1238 826 1328 incurreret,
866 1239 959 1312 forte
984 1235 1235 1337 Lysimachus,
1276 1236 1337 1333 qui
1363 1245 1491 1334 postea

251 1351 431 1448 regnavit,
470 1351 655 1448 proximus
686 1349 911 1440 Alexandro,
953 1350 1171 1423 venabulum
1205 1347 1358 1421 obiicere
1392 1346 1490 1418 ferae

252 1472 427 1559 coeperat.
481 1458 561 1550 Quo
587 1485 653 1534 rex
678 1461 822 1559 repulso
848 1471 886 1533 et
911 1460 1009 1534 abire
1039 1461 1152 1550 iusso,
1188 1457 1332 1548 adiecit,
1366 1467 1443 1529 tam
1469 1481 1492 1528 a

253 1583 366 1645 semet
410 1597 482 1646 uno
529 1597 636 1670 quam
675 1597 697 1644 a
734 1568 947 1670 Lysimacho
991 1571 1131 1643 leonem
1175 1569 1325 1642 interfici
1371 1593 1489 1666 posse.

251 1682 484 1782 Lysimachus
510 1683 604 1756 enim
630 1683 810 1780 quondam
842 1707 924 1755 cum
956 1691 1148 1772 venaretur
1179 1681 1215 1753 in
1242 1677 1361 1778 Syria,
1401 1680 1540 1752 occi-1⁵

252 1793 363 1866 derat.
381 1792 524 1890 quidem
551 1793 701 1867 eximiae
727 1791 981 1892 magnitudinis
1007 1791 1119 1864 feram
1146 1793 1261 1881 solus,
1294 1791 1358 1863 sed
1384 1791 1489 1864 laevo

251 1906 400 1979 humero
425 1929 538 2001 usque
565 1903 611 1978 ad
639 1930 721 1978 ossa
750 1906 926 1978 laceratus
959 1901 1007 1974 ad
1037 1903 1201 1975 ultimum
1235 1901 1380 2000 periculi
1412 1927 1489 2000 per·

251 2027 409 2090 venerat.
462 2015 504 2088 Id
520 2017 638 2116 ipsum
657 2016 880 2113 exprobrans
902 2015 934 2087 ei
955 2039 1031 2104 rex,
1057 2014 1195 2105 fortius,
1222 2039 1330 2111 quam
1346 2013 1487 2086 locutus
1507 2033 1537 2080 rc

251 2137 321 2214 cst,
358 2126 450 2199 fecit.
502 2125 594 2199 Nam
619 2127 731 2199 feram
757 2151 830 2199 non
856 2126 998 2224 excepit
1028 2124 1152 2214 modo,
1192 2122 1389 2198 sedetiam
1416 2149 1488 2197 uno

250 2238 399 2310 vulnere
425 2236 563 2310 occidit.
603 2237 785 2327 Fabulam,
813 2263 903 2335 quae
929 2238 1108 2312 obiectum
1133 2237 1228 2309 leoni
1246 2247 1371 2334 a'rege
1387 2234 1487 2335 Lysi·
1508 2256 1536 2302 n

251 2348 416 2420 maehum
441 2361 575 2422 temere
601 2349 773 2448 vulgavit,
800 2349 845 2420 ab
870 2375 912 2423 eo
931 2375 1027 2439 casu,
1054 2371 1160 2445 quem
1187 2371 1296 2445 supra
1322 2346 1488 2438 diximus,

251 2469 367 2533 ortam
408 2483 485 2532 esse
526 2459 746 2532 crediderim.
799 2457 966 2532 Ceterum
999 2456 1232 2548 Macedones,
1273 2483 1488 2555 quamquam
1507 2477 1537 2526 rs

250 2594 423 2669 prospero
454 2581 587 2644 eventu
619 2570 806 2644 defunctus
838 2581 916 2642 erat
941 2569 1163 2660 Alexander,
1199 2579 1320 2642 tamen
1351 2569 1487 2642 scivere

250 2681 366 2780 gentis
394 2705 479 2754 suae
506 2707 615 2774 more,
641 2707 686 2755 ne
708 2691 772 2754 aut
797 2681 907 2779 pedes
928 2683 1131 2771 venaretur,
1157 2691 1221 2753 aut
1242 2680 1318 2752 sine
1341 2677 1486 2754 delectis

285 2916 466 2987 Cap.2,5.ll.
490 2919 669 2987 qreqesclusr]
696 2915 852 2987 scripsimus
888 2922 949 2969 let
966 2913 1074 2969 ulons
1091 2923 1249 2980 occurreret,
1273 2915 1345 2986 quod
1362 2915 1486 2970 Heinsius

249 2987 315 3038 clusi
330 3004 380 3056 pro
397 2985 467 3056 vulg.
478 2987 564 3039 clausi
581 2985 691 3057 nequid
723 2985 774 3038 uod
789 2984 852 3038 boni
886 2983 1041 3038 coniecerat.

249 3053 325 3107 codd.
343 3053 500 3107 exhiberent
518 3054 635 3125 quamvis
649 3003 776 3124 evulgari
789 3070 851 3107 con·
920 3055 994 3120 §.lb
1030 3054 1160 3104 occiderat
1194 3052 1291 3122 uidem]
1313 3050 1485 3122 Vulgoomit-

248 3122 386 3176 suetudine
401 3131 539 3188 remotum,
557 3121 704 3176 tolleretur.
740 3121 852 3175 Constat
886 3120 952 3172 titur
969 3121 1086 3190 quiden,
1113 3137 1165 3190 quo
1206 3137 1265 3172 cum
1287 3121 1321 3172 ad
1339 3121 1485 3175 sentent-iae

249 3199 335 3244 sutem
353 3194 469 3255 cludere,
492 3193 578 3244 clusus
595 3201 698 3244 veteres
715 3205 795 3260 saepo
811 3189 851 3241 di·
885 3199 1004 3241 tenorem
1022 3207 1075 3242 non
1094 3187 1211 3258 ineptum
1229 3187 1278 3256 sit,
1292 3195 1335 3240 'ex
1353 3189 1485 3243 codicibus

248 3259 331 3324 xisse,
359 3267 387 3312 et
409 3260 508 3311 dudum
531 3259 600 3328 apud
622 3267 739 3312 nostrum
761 3271 799 3322 vr,
819 3263 849 3310 16
885 3257 940 3309 lere
966 3256 1084 3310 omnibus
1110 3273 1168 3310 utrm
1192 3255 1285 3310 Modio
1315 3257 1482 3313 restituimus.

248 3325 337 3379 editur
354 3329 469 3392 cludunt,
491 3344 592 3397 nosque
610 3325 659 3397 ipsi
678 3329 784 3378 cludunt
802 3343 850 3395 pro
885 3325 982 3392 (Abest
998 3333 1087 3377 autem
1103 3342 1121 3377 a
1137 3322 1208 3377 Flor.
1219 3323 1288 3391 Bc.)
1311 3323 1366 3378 Sed
1383 3328 1485 3380 luceru-

247 3393 319 3474 yulg.
349 3397 504 3475 concludunt
535 3394 692 3464 optimorum
723 3393 849 3472 bbmnrm
885 3403 937 3446 tum
955 3410 1017 3446 mox
1034 3393 1161 3478 mendose
1178 3391 1297 3446 scribunt
1314 3393 1389 3447 Leid.
1408 3396 1485 3450 Voss.

247 3460 850 3607 lblduedibllffllrlldlallttl'cllnllitnlfldgeffi..
886 3468 897 3512 1
918 3460 998 3596 gelli
1009 3459 1183 3598 {ellbr'nloe
1198 3547 1277 3594 more,
1296 3546 1328 3582 ne
1345 3540 1392 3583 out
1403 3533 1484 3601 pedes

248 3603 280 3650 45
299 3598 618 3664 cluduntur,H1st.1,88
638 3599 730 3664 cludit,
749 3597 795 3650 sed
809 3604 849 3650 ta·
884 3599 1034 3666 nonoretur]
1075 3597 1198 3650 Turbam
1219 3597 1245 3650 h.
1259 3597 1276 3650 Ι.
1299 3598 1406 3653 codices
1423 3617 1483 3655 mss.

247 3681 307 3718 men
330 3667 451 3720 claudere
474 3677 501 3720 et
523 3683 538 3720 a
556 3667 592 3719 ud
611 3665 730 3720 Tacitum
754 3673 795 3719 est
821 3672 850 3718 et
885 3663 1002 3718 Primum
1011 3681 1101 3719 omnes
1111 3683 1216 3732 morem,
1230 3665 1364 3737 frequenti
1373 3667 1484 3722 maxime

247 3733 316 3804 apud
325 3743 406 3787 nostr.
416 3749 480 3803 vm,
491 3741 506 3786 5
523 3685 628 3789 clivosae
640 3751 719 3794 aures
732 3731 761 3786 in
774 3732 848 3802 libris
882 3749 980 3787 errore.
1008 3733 1078 3787 Tum
1089 3733 1161 3804 qnod
1174 3734 1253 3814 vulgo
1267 3734 1355 3788 editur
1363 3739 1484 3804 repedas

247 3801 365 3856 omnibus
388 3812 457 3856 sunt.
494 3803 536 3858 cf.
552 3803 663 3874 interpr.
685 3803 719 3855 ad
737 3801 792 3856 Cic.
815 3803 848 3855 de
882 3813 1020 3855 venaretur
1036 3803 1064 3855 in
1081 3801 1154 3856 nullo
1171 3803 1259 3856 oodrce
1278 3803 1382 3872 legitur,
1402 3805 1482 3858 sedin

246 3878 299 3922 nat.
319 3871 390 3924 deor.
405 3886 437 3937 11,
457 3879 499 3938 89,
519 3878 577 3926 100.
606 3870 708 3924 Duker.
726 3871 760 3924 ad
776 3869 847 3924 Flor.
882 3869 939 3922 aliis
962 3878 1004 3924 est
1026 3889 1088 3923 nam
1110 3881 1145 3924 ut.
1186 3873 1224 3922 ed.
1252 3887 1340 3924 venor.
1363 3883 1408 3925 out
1429 3876 1483 3926 ssa

247 3952 290 4004 111,
300 3945 341 3992 20.
359 3937 508 3994 Priscianus
523 3938 628 4011 quidem
644 3940 712 3994 libro
720 3953 749 4008 X,
759 3957 786 4009 p.
797 3943 846 3993 889
882 3939 996 4004 delectis,
1015 3939 1085 3992 Flor.
1098 3938 1146 3992 AC
1176 3938 1217 3992 HI
1234 3938 1314 3992 Bern.
1330 3939 1362 4004 B,
1381 3940 1407 3993 iu
1426 3940 1483 3994 aliis

246 4005 353 4060 Putsch.
373 4009 523 4061 clauderet
540 4009 623 4075 cludo,
642 4008 687 4077 ait,
706 4009 792 4061 clausi
808 4009 847 4060 rel
882 4025 943 4059 num
960 4009 1112 4060 ut—tuud
1127 4007 1241 4060 BernA
1258 4007 1331 4060 Flor.
1343 4007 1392 4061 DF
1409 4007 1482 4063 Laid.

246 4076 321 4128 clusi.
346 4075 499 4130 Auctoritas
517 4074 597 4145 igitur
614 4077 733 4130 codicum
749 4075 777 4128 in
795 4075 847 4128 sin-
881 4074 957 4128 Voss.
974 4083 995 4128 1.
1011 4081 1025 4128 2
1045 4074 1125 4127 Patr
1147 4083 1246 4146 (neque
1270 4074 1340 4128 enim
1361 4078 1395 4129 sd
1416 4077 1484 4132 hanc

238 4141 314 4212 ,gulis
331 4143 394 4197 locis
411 4151 553 4214 spectetur.
579 4143 665 4197 Extat
681 4153 770 4197 autem
789 4143 814 4196 h.
828 4143 846 4196 l.
881 4159 937 4196 rem
958 4142 1087 4215 pertinet,
1112 4151 1202 4196 utrum
1224 4155 1328 4197 cenaret
1351 4162 1386 4198 an
1411 4163 1483 4199 uase·

246 4213 313 4264 clusi
328 4211 355 4264 in
374 4211 443 4265 Flor.
454 4211 531 4265 ABG
547 4211 663 4264 BernA
676 4212 786 4277 Vossl,
806 4211 846 4264 ed.
882 4222 987 4265 roratur
1016 4211 1142 4264 mendose
1173 4211 1200 4264 in
1232 4211 1325 4265 horum
1351 4213 1483 4268 nonnullis

246 4277 320 4332 Mod.
338 4279 369 4332 ln
388 4278 552 4334 uqulor.C
572 4287 612 4332 cst
630 4282 721 4345 clanei,
739 4279 848 4332 incete·
864 4279 1038 4347 -scribatur):
1056 4279 1084 4332 in
1101 4279 1234 4333 unoFlor.
1245 4279 1267 4333 B
1278 4289 1321 4334 est
1335 4281 1391 4334 sine
1410 4301 1482 4336 num:

246 4346 281 4400 ris
298 4349 406 4408 inclusi,
433 4349 504 4418 quod
527 4347 633 4400 videtur
654 4356 682 4400 et
706 4348 791 4417 ipsum
813 4348 847 4400 ad
882 4358 910 4400 ut
925 4351 1008 4416 pedes
1032 4358 1182 4415 venaretur,
1205 4351 1278 4402 laud
1293 4351 1350 4403 sine
1372 4351 1483 4418 dilectis,

246 4415 532 4487 probandamveterem
541 4415 697 4485 scripturam
706 4415 846 4487 pertinere.
883 4415 954 4486 quod
971 4433 1006 4468 ex
1030 4415 1068 4468 bis
1091 4416 1264 4470 varietatibus
1287 4417 1363 4471 unice
1420 4437 1433 4472 r
1455 4435 1482 4472 se

280 4487 303 4554 ᾖ.
314 4490 354 4537 14.
375 4502 459 4554 regern
469 4487 609 4538 inuasurus
618 4486 772 4552 incurreret]
790 4483 847 4538 Pal.
882 4483 988 4553 probari
1002 4490 1093 4554 potest
1106 4491 1187 4556 atque
1200 4484 1341 4540 exhibetur
1353 4503 1370 4540 a
1404 4486 1482 4542 indel.
