3158 5294
236 318 309 404 456
707 336 741 400 o.
765 335 888 388 curun
912 335 996 388 num

236 531 483 620 conspexerat
539 517 644 612 Qum,
675 520 807 617 inquit,
843 520 969 620 quodue
994 531 1123 617 tempus
1148 531 1316 617 emeatus,
1355 529 1388 590 ct
1413 541 1492 592 non

236 633 487 734 quamprimum
513 633 572 708 boc
597 631 707 707 dabre
737 656 789 705 me
814 633 929 706 salian
953 631 1150 706 morittium
1175 628 1315 703 liberas?
1353 629 1418 704 An
1448 628 1491 701 ti-

234 769 313 835 mes,
339 769 380 816 m
406 767 483 818 reus
508 744 566 836 sie,
592 767 667 817 eum
693 743 875 818 immeabile
900 741 1021 816 eume
1046 737 1254 839 acceperim?
1290 737 1343 812 At
1362 737 1489 813 Crito
1507 758 1533 804 Ξῖ

233 855 343 928 bulus
370 853 516 927 tandem
542 855 602 927 vel
626 854 738 942 finite,
763 854 822 926 vel
849 852 1070 927 dissimulato
1096 862 1204 941 metu,
1231 849 1367 922 hortari
1393 876 1489 923 eum

236 965 371 1063 coepit,
397 975 439 1036 ut
464 988 503 1036 se
530 963 784 1037 continendum
809 965 1008 1062 praeberet,
1035 961 1120 1035 dum
1147 962 1319 1058 spiculum
1347 961 1488 1033 evelle

234 1087 307 1149 ret:
344 1075 451 1148 etiam
477 1075 594 1146 levem
621 1075 779 1172 corporis
805 1087 944 1148 motum
975 1074 1123 1147 noxium
1149 1074 1234 1145 sore.
1286 1071 1368 1144 Rex
1394 1095 1489 1144 cum
1506 1089 1534 1136 28

236 1187 459 1275 affirmasset,
485 1185 573 1256 nihil
598 1211 689 1283 opus
715 1209 793 1258 esse
818 1186 871 1275 iis,
898 1185 959 1282 qui
984 1194 1097 1256 semet
1123 1182 1355 1272 continerent,
1384 1183 1488 1253 sicut

234 1305 466 1396 praeceptum
494 1305 586 1386 erat,
622 1297 696 1370 sine
723 1306 824 1370 motu
849 1295 1015 1394 praebuit
1046 1319 1186 1394 corpus.
1238 1292 1351 1390 Igitur
1377 1304 1487 1390 pate·

236 1410 333 1480 saoto
359 1408 465 1479 latius
492 1406 650 1497 vulnere,
678 1416 726 1490 et⁸
741 1406 876 1504 spiculo
903 1406 1037 1496 evolso,
1063 1405 1188 1502 ingens
1213 1405 1269 1478 vis
1292 1404 1486 1500 sanguinis

236 1511 382 1590 manare
408 1517 542 1615 coepit,
580 1517 761 1614 linquique
788 1517 906 1590 animo
932 1541 1014 1604 reri,
1050 1525 1087 1588 et
1112 1515 1260 1613 caligine
1287 1515 1401 1588 oculis
1430 1517 1485 1588 of-

236 1630 332 1717 fusa,
363 1627 475 1700 veluti
501 1627 734 1701 moribundus
767 1629 923 1702 extendi.
977 1624 1137 1723 Cumque
1161 1626 1380 1724 profluvium
1405 1651 1485 1700 me·
1503 1646 1531 1694 rs

237 1738 445 1812 dicamentis
472 1739 606 1810 frustra
630 1739 847 1829 inhiberent,
880 1740 1013 1812 clamor
1040 1738 1145 1810 simul
1179 1749 1287 1834 atque
1312 1737 1484 1836 ploratus

238 1850 433 1923 amicorum
464 1848 594 1940 oritur,
632 1875 755 1948 regem
794 1851 976 1949 expirasse
1009 1847 1247 1930 credentium.
1313 1847 1484 1922 Tandem

236 1960 396 2034 constitit
421 1960 583 2057 cangius,
614 1962 863 2059 paulatimque
896 1961 1053 2035 animum
1077 1960 1226 2057 recepit,
1265 1970 1303 2033 et
1329 1959 1483 2032 circum-

237 2082 374 2146 stantes
401 2071 518 2168 coepit
543 2096 746 2169 agnoscere.
806 2072 898 2147 Toto
926 2097 969 2146 eo
996 2071 1053 2146 die
1080 2093 1122 2142 ac
1146 2079 1268 2159 nocte,
1304 2095 1400 2167 quae
1427 2095 1484 2144 se·
1499 2091 1528 2138 u

237 2192 320 2255 outa
364 2191 439 2272 est,
484 2191 643 2256 armatus
683 2183 861 2258 exercitus
905 2184 1040 2282 regiam
1085 2179 1239 2270 obsedit,
1291 2183 1484 2254 confessus

237 2317 360 2366 omnes
387 2293 491 2366 unius
517 2295 645 2391 spiritu
682 2295 814 2369 vivere.
867 2293 941 2368 Nec
967 2294 1065 2392 prius
1096 2301 1336 2382 recesserunt,
1370 2317 1483 2389 quarn

237 2411 460 2500 compertum
486 2414 558 2493 est,
594 2429 718 2478 somno
751 2406 931 2504 paulisper
965 2405 1198 2500 acquiescere.
1235 2401 1344 2476 Hinc
1376 2405 1483 2476 certi·

237 2538 336 2587 orem
362 2537 462 2610 spem
489 2513 612 2587 salutis
640 2515 715 2587 eius
741 2515 778 2586 in
804 2525 922 2589 castra
946 2516 1171 2590 retuderunt.

189 2626 236 2697 23
342 2623 422 2697 Rex
455 2634 593 2722 septem
624 2623 750 2698 diebus
783 2636 907 2699 curato
933 2615 1097 2714 vulnere,
1131 2622 1285 2696 necdum
1317 2621 1526 2697 obductas.

239 2735 417 2826 cicatrice,
453 2759 534 2808 cum
561 2735 736 2826 audisset,
772 2736 995 2809 convaluisse
1022 2733 1120 2832 apud
1144 2733 1318 2808 barbaros
1345 2735 1483 2808 famam

237 2846 362 2920 mortis
401 2871 502 2936 suae,
542 2844 683 2920 duobus
721 2846 872 2943 navigiis
909 2845 1057 2936 iunctis,
1097 2846 1208 2919 statui
1244 2846 1296 2917 in
1318 2844 1482 2917 medium

237 2957 394 3054 undique
421 2956 652 3054 conspicuum
677 2957 947 3031 tabernaculum
972 2956 1090 3047 iussit,
1124 2981 1171 3028 ex
1197 2980 1267 3052 quo
1294 2980 1334 3030 se
1360 2967 1481 3029 osten·

237 3068 340 3140 deret
374 3069 509 3167 perisse
542 3068 779 3152 credentibus.
833 3064 1125 3166 Conspectusque
1151 3066 1197 3138 ab
1223 3067 1348 3138 incolis
1376 3091 1481 3165 spem

237 3181 395 3253 hostium
421 3179 511 3252 falso
543 3181 670 3252 nuntio
697 3187 906 3276 conceptam
938 3177 1100 3250 inhibuit
1154 3173 1320 3249 Secundo
1347 3175 1508 3250 deindee

238 3316 342 3363 amne
375 3289 541 3379 defluxit,
578 3280 798 3386 aliquantum
828 3287 1006 3361 intervalli
1033 3313 1055 3359 a
1081 3296 1201 3360 cetera
1232 3289 1344 3360 classe
1378 3313 1480 3384 prae·

228 3401 387 3498 ¹cipiens,
421 3421 469 3470 ne
501 3398 599 3492 quies
627 3399 768 3495 corpori
798 3397 955 3471 invalido
988 3397 1105 3471 adhuc
1136 3398 1338 3470 necessaria
1368 3399 1478 3496 pulsu

241 3534 422 3582 remorum
446 3505 687 3605 impediretur.

342 3617 479 3709 Quarto
485 3674 495 3709 ,
530 3625 720 3717 postquam
752 3619 922 3716 navigare
949 3628 1131 3718 coeperat,
1166 3617 1223 3690 die
1248 3619 1416 3716 pervenit
1440 3618 1507 3692 ins

274 3872 296 3938 ξ.
315 3875 357 3924 28.
393 3873 427 3924 iis
445 3871 502 3994 qm}
537 3868 645 3923 Retinui
668 3869 784 3940 itaquis
805 3869 843 3924 sic
876 3871 939 3924 bum
966 3872 1037 3939 quies
1063 3868 1160 3940 partim
1189 3870 1352 3938 perinvalido
1378 3869 1479 3939 partim

237 3937 318 3990 Bern.
336 3939 362 3992 A
380 3946 416 4006 et,
443 3957 465 3992 si
504 3937 566 3992 nal.
583 3937 687 3992 silentio
714 3939 778 3992 fides
794 3937 841 3990 ha·
871 3955 970 4007 porum
987 3937 1086 4004 valido,
1133 3935 1211 3990 artim
1228 3938 1345 3990 invalido
1368 3937 1478 3990 babent.

238 4005 339 4072 benda,
357 4007 435 4060 Voss.
454 4013 466 4058 1
486 4015 514 4060 et
530 4006 605 4060 Leid.
622 4005 729 4077 Reliqui
756 4004 842 4060 nostri
876 4007 966 4076 Atque
984 4005 1050 4058 illud
1068 3955 1174 4075 quidem
1191 4003 1284 4075 optimi
1292 4003 1366 4058 Leid
1375 4005 1476 4059 νοω

238 4082 267 4126 et
284 4073 385 4127 Vocat
404 4075 454 4140 tie,
472 4074 522 4128 nisi
545 4075 618 4145 quod
634 4073 706 4129 Flor.
723 4074 746 4127 Β
765 4091 840 4128 suum
875 4073 995 4127 Bern.A
1013 4073 1083 4127 Flor.
1097 4071 1208 4127 ABCG.
1243 4071 1379 4126 Editiones
1405 4073 1478 4144 prin-

238 4143 290 4194 lu'is
308 4149 403 4196 servat.
875 4141 946 4213 cipes
968 4141 1034 4194 mire
1059 4140 1194 4211 permixtis
1218 4139 1340 4194 omnibus
1362 4158 1395 4194 ae
1417 4144 1477 4212 qais

239 4211 372 4330 Bspicqqo
399 4211 495 4281 coebo]
531 4209 575 4265 Sic
597 4209 668 4265 Flor.
686 4211 710 4264 B
729 4210 838 4264 Voss.l
875 4212 1074 4331 quietecoquqre
1083 4208 1395 4330 peffnffil⁵d⁰’·fflii¹⁸,'if
1404 4211 1478 4330 quiq:

265 4277 472 4416 ecrqb'ss’vqlgp
489 4281 582 4417 abilii
594 4349 725 4416 corpori
748 4347 841 4399 invo-
874 4293 1143 4400 ldmbnvdnlendatsilm
1163 4293 1477 4413 ceddedlbblrporitinob-

239 4415 308 4468 lide
325 4416 411 4470 auec
424 4418 586 4485 neemsaria]
609 4415 694 4472 Codd.
707 4423 768 4487 post
780 4430 840 4468 ver·
875 4415 938 4470 tide.
