3072 5300
563 383 759 436 Annnnmx.
1203 361 1275 431 573

119 572 150 644 S.
174 569 204 627 8.
251 579 276 628 et
293 572 394 646 nnuc]
420 567 521 629 omia.
546 579 572 627 et
595 569 674 627 Flor.
691 569 775 626 DFI.
818 569 965 628 harimano
988 585 1068 625 orare
1084 568 1213 642 primam]
1233 567 1268 623 la.

16 657 160 712 orimana
181 660 268 730 coepit
285 675 365 714 orare
381 659 500 730 primum
517 655 594 713 Flor.
612 653 747 712 DEFHI
771 654 858 712 Bora.
875 655 920 728 B,
944 655 1011 711 lacn
1029 670 1143 710 euocare
1159 655 1277 727 prinum

16 741 112 798 Flor.
136 739 190 815 G,
207 745 293 816 coepit
310 742 339 800 in
356 741 445 800 Voss.
464 743 482 799 2
507 741 549 820 (ct
565 740 629 798 Pu.
647 740 676 797 2.
694 741 729 814 3)
752 749 818 816 post
832 743 953 816 primum
969 738 1091 812 audiun,
1108 739 1232 814 itemque
1248 737 1279 794 in

16 827 105 884 Mer.
128 826 208 884 Ald.
225 826 291 884 Iun.
311 829 343 901 (a
358 825 458 886 Modio
476 827 645 901 sublatum).
684 827 886 902 beniuolentiae]
906 825 1024 884 Annoto
1042 825 1083 884 sio
1099 824 1129 881 in
1147 825 1278 882 omnibus

16 912 115 971 libris
136 912 250 971 nostn's
267 931 331 971 esso
347 922 459 989 practer
474 913 553 972 Flor.
572 909 597 970 O
614 912 645 969 in
662 929 719 986 qao
736 912 937 970 beneuolentiae.

123 1001 152 1072 S.
176 1001 227 1057 10.
271 1001 394 1057 causari
410 1001 509 1076 caelus]
528 999 671 1057 adversari
693 997 773 1055 Flor.
789 995 898 1057 PGH]
914 997 1001 1055 Barn.
1018 995 1045 1054 B
1063 995 1151 1055 voss.
1171 997 1188 1054 2
1208 996 1278 1055 Ala.

20 1086 108 1159 (non
127 1084 202 1141 Iun.
220 1092 272 1142 aut
288 1083 382 1161 Mod.)

124 1171 153 1244 S.
176 1170 226 1227 12.
269 1172 347 1229 modo
364 1171 449 1246 illiue]
479 1170 571 1228 omitt.
594 1170 675 1228 Flor.
691 1169 734 1244 E,
761 1171 840 1228 modo
857 1169 899 1228 illi
921 1169 1001 1228 Flor.
1019 1169 1125 1227 DFHI
1147 1168 1234 1226 Rem.
1252 1167 1278 1223 B

22 1255 128 1314 Voss.
150 1255 183 1313 2.

126 1343 154 1416 S.
177 1341 227 1399 15.
270 1342 419 1417 Peucolao]
438 1343 576 1401 Pncaclao
593 1341 673 1400 Laid.
691 1340 780 1399 Voss.
800 1342 815 1398 1
839 1340 925 1398 Bern.
943 1339 975 1398 A
992 1341 1070 1398 Flor.
1088 1341 1129 1414 A,
1149 1341 1279 1414 peuculao

27 1425 119 1486 Flor.
139 1426 180 1500 B,
198 1427 264 1486 inde
280 1435 444 1504 comptum
462 1429 592 1502 pcnoaclo
609 1428 687 1486 Flor.
704 1424 864 1486 CDEFHI
880 1427 966 1484 Bern.
981 1426 1008 1487 B
1026 1425 1089 1483 Pal.
1111 1428 1137 1482 1.
1154 1426 1171 1480 2
1191 1424 1279 1484 Voss.

30 1515 65 1586 2,
85 1515 203 1588 petulco
220 1513 299 1572 Flor.
318 1511 348 1572 G
365 1513 431 1571 Pnl.
449 1514 486 1587 3,
503 1515 578 1572 unde
595 1514 715 1572 Peculao
732 1514 795 1571 edd.
813 1521 883 1570 vett.
899 1531 992 1588 usquo
1008 1513 1045 1569 ad
1062 1511 1206 1582 Modiam,
1232 1510 1281 1584 qui
1333 1567 1336 1574 ,

31 1599 154 1675 primns
179 1600 317 1657 Peucolao
334 1599 420 1658 dedit.
463 1599 569 1675 adlicit]
595 1601 679 1658 adicit
701 1617 800 1656 omnes
824 1599 914 1657 nostri
938 1605 1050 1674 praeter
1073 1598 1151 1657 Flor.
1175 1597 1206 1654 H
1232 1594 1282 1670 qui

33 1685 148 1743 adiicit.
191 1683 386 1759 Apboebetnm]
407 1686 562 1760 apoebetunt
578 1685 659 1743 Leia.
684 1684 773 1743 Voss.
794 1686 809 1741 1
837 1693 866 1741 et
883 1683 973 1742 nostri
994 1701 1108 1756 omncs,
1132 1682 1189 1740 nisi
1206 1682 1282 1758 quod

35 1770 231 1844 Apboebetum
250 1771 296 1843 (ut
312 1770 393 1840 editi)
419 1771 498 1829 Flor.
517 1769 563 1842 G,
589 1770 746 1846 apocbctum
767 1769 845 1828 Flor.
863 1769 900 1827 Ε.
944 1769 1063 1843 Iocucm]
1084 1773 1183 1827 toccum
1199 1767 1280 1824 Laid.

23 1855 133 1914 Voss.
157 1857 186 1912 1.
205 1855 223 1912 2
246 1863 276 1913 et
291 1875 389 1914 omnes
407 1855 511 1930 nostri,
529 1856 585 1914 nini
607 1857 683 1931 quad
700 1859 797 1914 iactum
814 1856 893 1914 Flor.
911 1855 971 1913 ΕΗ
988 1855 1074 1912 Bam.
1093 1855 1137 1928 B,
1162 1853 1282 1911 Locuun

36 1943 122 1999 Flor.
142 1940 174 2000 G
192 1941 258 2000 Pal.
279 1944 294 1999 1
314 1942 405 2000 Voss.
424 1943 441 1998 2
461 1951 490 2000 et
506 1941 569 2000 edd.
587 1961 629 2018 pr.
647 1941 717 2000 Ald.
735 1941 801 1999 Iun.
818 1940 898 1998 Mod.
916 1941 965 1998 rel.
991 1939 1159 2015 Diocenuu]
1190 1939 1280 1996 omitt.

37 2028 123 2085 Flor.
141 2027 180 2099 B,
203 2029 359 2085 idiocenum
375 2027 457 2084 Laid.
474 2027 560 2085 Bern.
578 2025 636 2086 AO
653 2027 718 2086 Pu.
739 2029 767 2101 1,
784 2025 958 2086 Adiacenunt
975 2025 1064 2083 Voss.
1084 2027 1118 2099 1,
1142 2027 1282 2082 diaconum

39 2114 125 2170 Flor.
144 2111 176 2171 Gr
194 2113 260 2169 odit
278 2131 338 2187 ρι.,
355 2113 503 2171 diaconum
519 2113 645 2186 Aldina,
669 2113 797 2185 Iuntina,
815 2114 957 2188 diaconum
973 2111 1052 2169 Mod.
1095 2110 1279 2184 Arabepolim]

43 2199 196 2271 arccpolim
218 2197 308 2256 Voss.
334 2201 362 2255 1.
387 2197 405 2254 2
428 2198 514 2256 ch.
538 2195 571 2258 A
599 2199 677 2257 Flor.
700 2195 831 2274 ABGG,
860 2199 1007 2273 arcopolim
1028 2197 1130 2273 mliqui
1151 2196 1229 2253 Flor.
1254 2203 1283 2252 et

46 2285 135 2342 Bern.
153 2283 190 2340 B.

114 2365 187 2445 Cap.
201 2368 251 2442 26,
263 2369 287 2443 S.
306 2369 354 2427 16.
380 2367 520 2445 Cebalino]
539 2369 669 2430 chalino
683 2369 808 2427 Born.B
822 2375 994 2442 constanter,
1013 2368 1062 2426 sod
1074 2368 1147 2427 aliae
1161 2367 1281 2426 vanneto·

48 2463 92 2513 tcs
104 2473 161 2512 non
172 2463 326 2513 enotuntur
341 2473 378 2512 ex
391 2455 471 2513 codd.
483 2457 598 2531 nostris,
613 2457 748 2516 acbaliao
758 2455 824 2514 odit.
838 2475 882 2532 pr.
894 2455 944 2514 sod
961 2464 1063 2532 postea
1078 2455 1150 2513 nihil
1166 2473 1185 2512 a
1202 2453 1282 2529 vulg.

52 2541 180 2598 Cebalino
196 2539 342 2599 divorsum
359 2549 487 2615 notatur,
516 2541 654 2601 Oebollino
669 2542 741 2601 Ald.
758 2542 823 2600 Iun.
841 2543 921 2600 Mod.
957 2539 1015 2599 Sed
1031 2541 1191 2612 Κεβαλῑνοι
1207 2539 1283 2615 apud

48 2627 208 2686 Diodorum
225 2637 270 2686 oet
293 2645 318 2686 c.
336 2628 354 2684 7
359 2627 387 2685 9.
421 2627 559 2688 Balenae
582 2629 661 2705 apud
682 2629 830 2686 Plutarch.
853 2627 884 2685 in
905 2628 994 2685 Alex.
1012 2629 1069 2697 49,
1093 2625 1142 2682 scd
1160 2626 1284 2701 Anony-

50 2732 128 2786 mus,
142 2720 175 2770 ut
191 2714 278 2788 solet,
293 2721 370 2771 moto
385 2713 510 2788 corn‘git.
553 2714 712 2789 cubsiatere]
731 2715 880 2772 substinere
897 2713 975 2770 Flor.
994 2709 1135 2784 DEFHI,
1152 2713 1285 2768 uictinere

51 2799 137 2856 Bern.
154 2798 191 2859 B.

138 2885 162 2959 5.
182 2885 230 2942 18.
274 2886 416 2959 incertum]
441 2886 559 2942 incertae
580 2885 659 2942 Flor.
678 2881 824 2959 CDFGI,
846 2882 982 2942 omittunt
997 2881 1076 2940 Flor.
1094 2881 1127 2941 H
1143 2882 1230 2939 Bern.
1248 2880 1284 2937 B.
1344 2905 1349 2910 ·

53 2971 217 3046 ucbotiterat]
236 2971 394 3028 ucbcioterat
411 2971 498 3028 Born.
511 2973 552 3044 A,
569 2971 723 3028 subsisteret
740 2969 820 3028 Laid.
837 2969 927 3028 Voss.
943 2969 957 3026 1
978 2968 1057 3026 Flor.
1073 2967 1141 3040 AB,
1159 2969 1285 3024 conciue-

54 3067 98 3113 rat
115 3059 142 3114 in
158 3059 234 3131 reaia
250 3059 368 3132 aenceflt.
385 3056 448 3114 buia
469 3055 531 3114 Ceb.
554 3057 633 3116 Flor.
652 3053 692 3129 C,
716 3057 873 3114 cuboiatecet
896 3057 925 3112 in
947 3055 1024 3129 recia
1040 3055 1203 3127 oupecaenit.
1222 3051 1285 3108 ltuic
1355 3105 1362 3112 ,

61 3142 121 3199 Oeb.
137 3141 213 3200 Flor.
231 3139 271 3201 G.
314 3143 450 3216 nuntiare]
470 3146 598 3200 nuntiare
614 3142 693 3200 Flor.
710 3141 748 3216 E,
765 3146 898 3200 nunciare
914 3141 958 3197 od.
976 3157 1020 3215 ρι’.
1037 3137 1111 3195 Mer.
1129 3137 1199 3196 Ald.

139 3229 163 3301 s.
191 3227 242 3285 21.
284 3247 318 3286 ne
342 3237 398 3285 tam
421 3227 543 3304 quidun]
567 3248 600 3286 ne
622 3237 710 3286 tamen
733 3230 841 3304 quidem
864 3227 943 3286 Flor.
962 3225 1021 3282 ΕΗ
1047 3225 1126 3300 (cup.
1144 3242 1197 3282 scr.
1216 3219 1286 3298 tun)

58 3313 141 3372 Bam.
162 3311 197 3370 B.

139 3401 163 3476 ς.
188 3399 237 3457 22.
277 3399 390 3457 Metron
407 3408 467 3457 erat
483 3401 509 3458 ei
524 3401 631 3474 nomae]
651 3408 737 3457 melon
759 3399 837 3459 Flor.
855 3399 896 3472 Ε,
922 3399 1051 3457 Metrano
1069 3395 1157 3454 Bam.
1176 3395 1218 3468 B,
1243 3396 1287 3453 M.

60 3495 116 3543 erut
131 3503 222 3545 nanen
239 3487 265 3542 ei
280 3485 349 3543 etit.
367 3505 411 3562 pr.
427 3485 501 3544 Mer.
519 3487 590 3545 Ald.
608 3485 685 3560 Iun,
703 3485 830 3544 omittei
846 3485 927 3544 Mod.

143 3585 209 3663 Cap.
224 3588 275 3661 27,
293 3589 318 3663 ς.
337 3589 387 3646 25.
422 3589 606 3664 percontatae]
625 3597 816 3663 percunctatus
833 3587 912 3645 Flor.
931 3585 1044 3645 BCFH
1061 3605 1079 3644 a
1095 3604 1139 3663 ρι’.
1157 3605 1206 3660 ιιι,
1222 3601 1288 3662 per-

64 3679 180 3729 antuus
202 3671 280 3729 Flor.
299 3670 362 3730 GH
384 3675 420 3732 ab
438 3674 486 3730 alt.
508 3693 547 3731 m.
571 3673 659 3731 Bern.
683 3673 725 3747 Β,
750 3671 938 3748 perconctatus
962 3671 1042 3730 Flor.
1060 3673 1099 3730 D.
1142 3674 1286 3748 coqnoccit]

64 3759 174 3832 coyncolt
190 3757 268 3814 Flor.
286 3757 419 3815 DEFHI
436 3759 523 3816 Bern.
541 3759 577 3815 B.

143 3861 165 3936 §.
183 3859 232 3917 27.
277 3861 373 3936 coepit]
393 3860 489 3918 omisit
506 3859 622 3918 Modius
641 3877 694 3916 suo
711 3877 798 3916 more.

144 3965 166 4038 s.
183 3963 233 4022 28.
279 3964 427 4039 qnondam]
448 3964 566 4038 quodum
583 3962 662 4020 Flor.
679 3959 756 4018 EHI
773 3961 861 4020 Bern.
880 3959 916 4020 B.

144 4067 166 4139 s.
182 4065 232 4122 29.
276 4067 469 4139 accusaretur]
489 4063 539 4144 δίο
555 4065 642 4122 edidit
656 4062 745 4122 Snak.
759 4071 787 4122 et
801 4064 872 4122 nihil
884 4061 1034 4123 annotavit
1044 4064 1081 4122 do
1096 4063 1176 4123 codd.
1193 4061 1289 4120 Etiam

66 4150 147 4210 nostri
162 4151 264 4210 habent
278 4152 354 4227 quod
366 4151 611 4228 praescripsimus,
628 4158 742 4208 tantum
754 4151 830 4223 quod
841 4152 1019 4208 accerciretur
1030 4150 1059 4206 in
1070 4151 1150 4208 Flor.
1160 4145 1290 4206 OEFGI

67 4240 145 4296 Bern.
161 4238 194 4312 B,
210 4241 392 4296 arceaelretur
409 4237 488 4296 Flor.
506 4237 547 4296 D.
751 4237 760 4258 “

143 4343 164 4414 S.
181 4343 230 4400 30.
265 4341 392 4415 accitani]
413 4342 523 4413 coqnoai
539 4341 619 4398 Flor.
639 4335 800 4397 CDEFHI
818 4337 904 4398 Bcrn.
924 4335 960 4394 B.
996 4334 1293 4410 {occasionumque

71 4428 118 4503 clef.
133 4427 203 4485 Flor.
219 4426 303 4486 DFI.
337 4426 478 4501 noanon]
498 4425 600 4486 Omitt.
618 4443 637 4483 a
654 4424 685 4482 in
703 4423 782 4481 Flor.
800 4423 827 4480 B
844 4423 931 4481 Bern.
949 4423 989 4480 A.
1025 4421 1083 4478 Hic
1099 4417 1246 4486 conlapsae
1266 4425 1296 4473 et

71 4515 226 4588 colloquitur.
