3238 5296
525 337 574 388 nn
601 335 727 390 onsrrs
753 337 864 392 anax.
890 340 967 410 vm,
987 340 1010 386 1.
1315 326 1388 398 357
1478 313 1480 320 ’

119 520 372 621 eperduceret.
424 522 548 621 ltaque
573 522 808 622 incomposito
829 527 970 625 agmine
991 528 1187 625 solutisque
1205 527 1388 605 ordinibus

152 633 297 707 Attinas
335 633 612 738 praedabundus
653 637 885 732 sequebatur3
936 663 1042 736 quem
1086 649 1390 739 praetergressum

154 746 298 838 silvam,
334 750 394 847 qui
419 748 455 821 in
482 773 526 822 ea
551 746 806 840 consederant,
841 775 888 823 ex
914 750 1107 848 improviso
1134 749 1270 844 adorti,
1309 779 1390 826 curn

119 859 318 933 comnibus
343 863 610 934 interemerunt.
664 857 835 933 Celeriter
860 859 908 932 ad
935 858 1121 936 Craterum
1146 862 1251 936 huius
1279 863 1389 937 cladis

153 971 248 1046 fama
278 974 418 1071 perlata
442 983 516 1062 est,
560 971 620 1068 qui
652 996 733 1044 cum
765 973 862 1044 omni
894 974 1054 1070 equitatu
1085 976 1310 1072 supervenit:
1354 987 1391 1050 et

151 1080 376 1184 Massagetae
409 1080 551 1180 quidem
583 1083 655 1155 iam
685 1083 908 1180 refugerant,
943 1083 1067 1158 Dahae
1098 1085 1194 1160 mille
1228 1089 1389 1186 oppressi

153 1205 257 1268 sunt:
305 1219 457 1293 quorum
502 1194 601 1268 clade
646 1195 757 1298 totius
797 1195 950 1294 regionis
990 1196 1092 1268 finita
1130 1195 1284 1271 defectio
1323 1210 1388 1272 est

119 1306 360 1380 rAlexander
392 1329 548 1402 quoque,
588 1302 775 1404 Sogdianis
807 1329 931 1378 rursus
964 1307 1137 1397 subactis,
1174 1306 1391 1382 Maracanda

152 1420 292 1516 repetit.
352 1417 407 1491 Ibi
440 1414 592 1508 Berdes,
637 1441 742 1515 quem
776 1416 824 1492 ad
859 1414 1012 1517 Scythas
1047 1443 1155 1516 super
1175 1418 1389 1518 Bosporum

117 1532 310 1606 scalentes
335 1530 491 1619 miserat,
518 1553 599 1601 curn
621 1529 747 1626 legatis
764 1529 880 1626 gentis
899 1530 1061 1602 occurrit.
1101 1529 1389 1628 Phrataphernes

103 1687 105 1692 ,
153 1665 303 1738 quoque,
331 1642 391 1738 qui
409 1638 623 1714 Chorasmiis
649 1650 823 1738 praeerat,
848 1637 1061 1739 Massagetis
1086 1651 1124 1714 et
1139 1639 1251 1716 Dahis
1278 1645 1389 1742 regio·

152 1777 239 1824 num
270 1753 423 1826 confinio
456 1751 660 1842 adiunctus,
698 1751 861 1841 miserat,
901 1751 961 1847 qui
999 1752 1177 1824 faatmum
1215 1753 1391 1850 imperata

117 1865 413 1962 apollicerentur.
466 1860 621 1962 Scythae
647 1863 833 1960 petebant,
869 1871 910 1934 ut
934 1862 1029 1959 regis
1056 1862 1112 1936 sui
1136 1862 1246 1934 filiam
1270 1865 1389 1936 matri·

152 1975 273 2048 monio
300 1976 367 2049 sibi
393 1974 573 2072 iungeret:
611 1974 641 2044 si
674 1972 926 2072 dedignaretur
957 1972 1181 2074 affinitatem,
1213 1974 1390 2072 principes

151 2083 390 2160 Macedonum
429 2111 510 2158 oum
547 2085 759 2182 primoribus
803 2109 889 2158 suae
928 2085 1044 2182 gentis
1084 2083 1261 2157 connubio
1297 2085 1390 2158 coire

151 2206 353 2295 pateretur:
388 2197 505 2295 ipsum
531 2220 671 2293 quoque
698 2220 819 2294 regem
845 2204 1038 2268 venturum
1064 2195 1111 2268 ad
1137 2220 1218 2268 eum
1249 2195 1389 2294 pollice·

97 2307 312 2384 abeatur·
347 2307 508 2405 Utraque
533 2307 710 2405 legatione
741 2306 893 2405 benigne
919 2306 1057 2398 audita,
1088 2304 1391 2404 Hephaestionem

152 2431 191 2492 et
215 2417 438 2493 Artabazum
465 2418 669 2517 opperiens,
708 2419 840 2491 stativa
864 2418 1009 2492 habuit:
1049 2418 1178 2514 quibus
1204 2417 1390 2507 adiunctis,

151 2531 187 2604 in
215 2532 408 2630 regionem,
435 2555 526 2627 quae
551 2531 751 2628 appellatur
776 2528 933 2620 Bazaira,
959 2529 1133 2627 pervenit.
1227 2575 1230 2582 -

73 2645 129 2712 ¹'11
256 2640 437 2715 Barbarae
459 2639 661 2739 opulentiae
682 2642 719 2713 in
743 2639 810 2714 illis
833 2639 920 2712 locis
941 2639 1040 2712 haud
1061 2641 1133 2712 ulla
1154 2649 1240 2712 sunt
1256 2639 1390 2711 maiora
1419 2640 1440 2710 2

151 2751 298 2843 indicia,
331 2777 439 2850 quam
463 2753 602 2850 magnis
625 2751 832 2825 nemoribus
859 2750 1077 2846 saltibusque
1104 2749 1276 2822 nobilium
1301 2751 1390 2822 fera·

187 3007 211 3074 §.
229 3011 253 3058 4.
343 3007 392 3060 eda
437 3006 569 3058 erdaceret
622 2999 756 3055 Omittunt
824 3003 881 3068 §.a
916 2999 1003 3069 ipraam
1020 3014 1119 3067 qaoque
1136 2997 1231 3076 repam]
1266 2997 1349 3050 Bern.
1366 3001 1392 3050 Δ

147 3075 255 3143 praeda
304 3093 341 3128 or.
359 3023 469 3126 Dela
485 3071 549 3125 edit.
599 3068 703 3124 odiana
789 3063 1392 3147 iearrreyemquoqae,Lerd.Voss.1Flor.

188 3149 210 3209 5.
229 3147 253 3195 5.
290 3144 380 3212 quiin
397 3159 429 3195 ea
446 3142 615 3194 consederant
654 3139 681 3190 ia
699 3153 755 3190 eam
816 3133 940 3204 Caesam
955 3151 1043 3202 repam
1059 3149 1108 3201 qao
1126 3150 1158 3186 ae
1171 3149 1264 3202 reqem,
1282 3129 1393 3186 Flore

153 3212 319 3264 considerant
340 3209 416 3264 Leid.
434 3209 505 3263 Flor.
522 3207 601 3260 ΑΕΗ
647 3223 702 3258 ern.
721 3205 754 3272 B,
789 3211 892 3257 mutato
910 3201 1050 3255 verborum
1072 3219 1102 3254 or
1122 3201 1163 3281 'pe
1186 3202 1393 3322 ipsamhpaoque
1482 3263 1485 3266 Ι

152 3279 320 3334 considerant
336 3278 416 3332 etiam
434 3271 754 3332 Voss1.2Flor.DFl.
789 3290 879 3342 repam
896 3287 993 3340 repam,
1017 3277 1099 3339 atque
1116 3286 1153 3322 sic
1174 3269 1257 3322 erdrt
1306 3268 1392 3333 odius,

186 3351 243 3418 §.t
268 3348 353 3415 finita
372 3347 426 3416 des.
444 3347 492 3414 eet]
516 3343 606 3414 Vulgo
625 3339 756 3396 omittitur
789 3350 862 3394 ratus
880 3339 913 3392 ab
933 3337 1054 3392 omnibus
1074 3336 1285 3416 barbarisreqea
1302 3354 1393 3456 razim

151 3427 188 3470 est
206 3417 352 3470 secundam
369 3413 487 3468 Bernd
504 3413 575 3466 Flor.
593 3410 627 3476 Β,
645 3410 691 3464 sed
708 3409 764 3462 ada
790 3406 937 3480 appellatos
963 3422 1033 3473 esse,
1084 3424 1111 3458 ur
1142 3405 1259 3475 pluribus
1284 3422 1341 3475 regi
1362 3421 1393 3484 ps

150 3486 223 3538 ditur
241 3485 269 3538 in
286 3482 334 3536 reli
355 3482 394 3534 uis
410 3499 471 3535 mes.
489 3489 517 3534 at
534 3481 597 3534 edit.
614 3479 690 3532 Mod.
789 3475 980 3548 imperitarent.
1008 3473 1062 3528 Sed
1095 3491 1128 3527 oo
1142 3491 1197 3527 non
1211 3473 1331 3527 novimus
1344 3489 1394 3524 nrsr

185 3557 210 3620 ξ.
220 3557 243 3605 8.
262 3552 309 3620 qai
321 3499 484 3603 Cloranrriia
497 3550 634 3619 praeerat]
653 3545 756 3615 Regem
791 3546 825 3599 de
846 3543 953 3615 regibus
970 3541 1112 3596 Persarum
1136 3549 1165 3593 et
1188 3541 1232 3612 qui
1254 3541 1283 3594 in
1304 3558 1394 3620 eorum

153 3615 691 3680 ctoramioram,dicitarrianus1v‚1a,
709 3613 757 3666 sed
790 3613 876 3668 locum
890 3617 1068 3665 successerunt
1076 3609 1242 3662 Parthorum.
1267 3608 1395 3662 Ordinem

150 3685 256 3741 nomine
274 3682 501 3752 Φαρασμάνηνα
539 3681 611 3746 ellat,
630 3681 662 3733 cf.
677 3679 757 3734 etiam
791 3681 872 3734 etiam
888 3679 1029 3731 verborum
1067 3676 1093 3728 ui
1111 3673 1151 3728 est
1168 3676 1195 3728 in
1213 3677 1287 3730 codd.
1301 3684 1395 3730 contra

150 3754 241 3810 strab.
254 3765 297 3816 xl,
315 3768 342 3820 p.
358 3756 422 3814 513,
440 3749 486 3819 qui
501 3701 670 3804 Chorasmios
688 3747 756 3800 eius-
791 3749 881 3827 faeere
897 3752 1027 3822 putamus.
1045 3693 1148 3821 ltaque
1164 3745 1289 3796 mendum
1305 3743 1395 3815 potius

150 3825 212 3878 dem
229 3817 317 3891 gentis
334 3835 365 3870 ec
381 3817 546 3886 Massagetas
561 3815 705 3884 Sacasque,
723 3815 757 3866 ad
792 3815 957 3866 hbrarrorum
974 3817 1160 3863 existimamus.

149 3885 443 3962 eoaqueSpitamanem
458 3882 557 3952 fugisse
571 3881 660 3935 tradit
686 3879 758 3934 Hine
827 3883 851 3948 ς.
863 3885 903 3932 10.
930 3896 996 3948 quae
1014 3879 1162 3948 appellatur
1170 3880 1303 3946 Bazaira]
1326 3878 1395 3932 Edd

149 3979 206 4017 non
224 3953 332 4012 difficile
349 3953 400 4007 fuit
417 3951 525 4006 Redero
542 3949 682 4003 restituere
699 3947 726 3999 h.
740 3947 757 3998 l.
792 3946 928 4012 Bazaria,
955 3963 1002 3998 nos
1027 3945 1142 4015 regionis
1167 3963 1263 4000 nomen
1289 3945 1395 4000 aliunde

152 4027 367 4084 Choraarniorum
388 4027 497 4086 nomen,
522 4034 583 4071 cum
600 4016 628 4069 in
645 4033 706 4068 mss.
724 4013 759 4067 sit
792 4033 846 4068 non
869 4021 962 4068 notum
983 4012 1020 4066 sic
1037 4012 1224 4083 expressimus,
1252 4023 1283 4066 ut
1303 4021 1345 4067 est
1366 4014 1396 4068 in

150 4099 299 4169 qatcroraa
314 4089 456 4160 (deora)
470 4087 607 4157 praeierat
625 4083 671 4165 (al.
714 4099 758 4136 ae·
793 4081 869 4136 codd.
887 4079 1071 4134 Leiavoar
1091 4081 1228 4136 seram
1246 4081 1318 4135 Flor.
1331 4081 1396 4150 AG,

150 4172 217 4231 erat)
244 4171 273 4216 et
297 4179 315 4214 a
331 4157 437 4213 Vindel
464 4155 566 4210 editum
593 4171 637 4224 qur
695 4167 757 4204 oras
792 4148 897 4204 Flor.B
915 4150 1058 4215 Baizaira,
1076 4149 1158 4203 ceteri
1176 4151 1287 4202 bazaaa.
1314 4151 1398 4220 Apud

169 4242 284 4297 raeerat,
303 4229 338 4282 ab
356 4227 426 4282 Aldo
443 4233 470 4280 at
487 4221 578 4287 Iunio,
601 4221 687 4274 eiecto
703 4235 759 4272 mo·
792 4217 943 4272 Diodorum
964 4217 992 4270 in
1014 4216 1100 4270 indiae
1127 4215 1239 4287 capitum
1256 4215 1317 4271 libri
1330 4231 1399 4274 xvu

145 4254 319 4355 leatoverbo
382 4297 393 4349 ι’
428 4288 759 4358 raeeratMassaqetis-
792 4294 834 4340 est
852 4285 1001 4340 dehacra:
1020 4290 1084 4357 περὶ
1100 4291 1152 4338 τοῦ
1171 4287 1399 4346 ἐνΒασίστοις

152 4370 300 4433 adiunctis,
320 4314 449 4419 thodlo
468 4359 623 4416 coniectura
645 4373 693 4422 uso
714 4356 759 4425 qui
793 4359 961 4426 κυνηγησίου
985 4359 1032 4406 καὶ
1054 4357 1106 4405 τοῦ
1129 4349 1258 4416 πλήθους
1281 4357 1341 4403 τῶν
1366 4360 1400 4410 ἐν

149 4445 275 4508 praeerat
296 4433 390 4488 Choria
405 4463 443 4492 ,—
460 4429 603 4486 adiunctis.
793 4421 870 4488 αὐτῷ
887 4422 1008 4495 θηρίων.
