3158 5294
485 388 536 438 nr.
561 386 687 439 anama
713 387 823 440 anax.
850 384 950 455 x,1e.
1254 368 1326 438 507

91 572 191 646 dere.
243 570 293 645 Et
318 573 399 668 quia
424 573 608 645 oculorum
640 571 805 644 cessabat
828 595 931 661 usus,
964 569 1125 643 fremitus
1151 593 1329 667 vocesque

91 682 241 756 auribus
268 683 470 781 captabant,
497 707 539 754 ac
564 674 772 779 pleflrmque
798 705 892 754 vano
915 691 1013 755 metu
1039 682 1153 754 territi
1179 706 1243 779 per
1269 680 1329 753 ob·

91 819 219 868 scuras
246 795 406 882 semitas,
438 793 527 865 alius
560 793 618 864 alii
644 802 887 877 occursantes,
926 793 1076 864 invicem
1108 791 1264 889 suspecti
1289 815 1331 862 ac

32 927 70 972 1⁷
92 905 235 979 solliciti
270 905 484 978 ferebantur.
537 904 684 992 Persae,
720 903 828 974 comis
855 928 921 975 suo
955 929 1056 976 more
1081 902 1259 991 detonsis,
1295 900 1331 972 ia

92 1016 240 1114 lugubri
264 1025 380 1106 veste,
415 1040 496 1088 cum
521 1013 730 1111 coniugibus
756 1037 798 1086 ac
824 1013 959 1103 liberis,
991 1041 1065 1088 non
1090 1025 1132 1088 ut
1157 1015 1330 1087 victorem

93 1137 132 1200 et
157 1125 267 1200 modo
301 1127 458 1216 hostem,
498 1125 629 1199 sedat
666 1125 782 1222 gentis
804 1149 907 1218 ,suae
942 1119 1172 1198 iustissimum
1210 1147 1332 1222 regem

93 1261 184 1310 vero
217 1235 391 1310 desiderio
431 1237 612 1334 lugebant
677 1235 823 1308 Assueti
858 1235 924 1308 sub
957 1259 1041 1334 rege
1076 1237 1214 1325 vivere,
1256 1258 1330 1306 non

93 1349 222 1438 alium,
258 1347 318 1444 qui
342 1347 534 1442 imperaret
559 1348 660 1445 ipsis,
692 1344 890 1442 digniorem
919 1347 1029 1419 fuisse
1060 1346 1330 1420 confitebantur.

33 1479 73 1528 ra
198 1457 272 1532 Nec
304 1459 415 1532 muris
449 1458 546 1531 urbis
587 1459 703 1531 luctus
736 1457 1000 1547 continebatur,
1033 1457 1097 1530 sed
1131 1457 1380 1554 proximaml‘l

93 1570 277 1669 regionem
303 1569 348 1642 ab
376 1595 427 1659 ea,
454 1567 582 1642 deinde
608 1593 775 1666 magnam
801 1579 940 1666 partem
961 1568 1069 1642 Asiae
1096 1570 1146 1642 cis
1172 1566 1331 1665 Euphra·

37 1702 75 1749 rs
95 1692 159 1754 ten
185 1682 276 1754 tanti
301 1681 385 1754 mali
410 1681 506 1760 lama
530 1694 747 1777 pervaserat.
799 1677 859 1752 Ad
880 1678 989 1753 Darei
1015 1703 1156 1776 quoque
1181 1687 1332 1750 matrem

96 1793 258 1865 celeriter
283 1792 420 1890 perlata
446 1800 511 1864 est.
562 1789 716 1864 Abscisa
741 1815 827 1888 ergo
852 1800 970 1880 veste,
997 1815 1068 1887 qua
1093 1789 1219 1862 induta
1246 1798 1332 1878 erat,

95 1903 284 2000 lugubrem
306 1902 467 2000 sumpsit,
493 1901 727 1996 laceratisque
753 1900 907 1974 crinibus
925 1900 1022 1974 humi
1049 1925 1177 1997 corpus
1196 1899 1333 1972 abiecit.

37 2033 78 2081 ιο
96 2011 293 2086 Assidebat
318 2013 351 2086 ei
376 2013 490 2085 altera
515 2037 562 2084 ex
587 2011 764 2108 neptibus,
790 2037 905 2109 nuper
930 2011 1099 2084 amissum
1124 2008 1335 2108 Hephaesti-

98 2149 220 2210 onem,
247 2123 303 2194 cui
329 2132 515 2219 nupserat,
550 2123 691 2220 lugens,
723 2122 956 2219 propriasque
982 2145 1107 2193 causas
1140 2119 1272 2196 doloris
1298 2122 1335 2194 in

40 2254 76 2303 21
98 2235 278 2307 communi
303 2233 481 2306 maestitia
506 2234 733 2307 retractabat.
786 2229 860 2306 Sed
884 2235 1041 2306 omnium
1070 2256 1217 2304 suorum
1242 2233 1336 2306 mala
1391 2287 1396 2292 -

100 2341 320 2444 Sisygambis
351 2369 424 2416 una
459 2343 630 2443 capiebat.
682 2342 748 2416 Illa
782 2369 900 2436 suam,
934 2345 994 2418 illa
1027 2343 1187 2440 neptium
1220 2343 1335 2415 vicem

98 2456 217 2529 flebat.
271 2455 406 2529 Recens
433 2455 535 2529 dolor
560 2455 667 2528 etiam
692 2457 885 2554 praeterita
909 2463 1153 2533 revocaverat.
1206 2450 1334 2526 Crede·

99 2591 156 2640 res
182 2565 290 2640 modo
316 2567 486 2639 amissum
502 2565 669 2655 Dareum,
697 2576 734 2638 et
758 2569 891 2665 pariter
917 2568 1067 2640 miserae
1094 2563 1247 2637 duorum
1272 2563 1335 2636 fili·

100 2703 202 2751 orum
229 2677 398 2773 exequias
425 2701 504 2750 esse
527 2675 717 2750 ducendas.
757 2676 883 2751 Flebat
909 2677 1013 2749 simul
1034 2685 1193 2747 mortuos
1220 2675 1337 2747 vivos-

44 2811 81 2858 ιι
101 2814 178 2886 que.
232 2785 346 2877 Quem
380 2789 474 2863 enirn
509 2787 706 2885 puellarum
739 2798 903 2860 acturum
938 2810 1016 2858 esse
1051 2784 1194 2856 curam?
1230 2809 1336 2880 quern
1409 2857 1412 2864 ,

100 2901 208 2974 alirnn
232 2900 392 2972 futurum
417 2895 688 2971 Alexandrum?
715 2899 844 2972 iterum
871 2921 950 2971 esse
977 2919 1016 2968 se
1041 2904 1181 2991 captas,
1209 2895 1337 2967 iterum

135 3119 158 3183 5.
182 3123 221 3170 lt.
251 3117 284 3186 pl
429 3116 509 3185 vaae]
553 3112 624 3167 Flor.
650 3113 699 3167 AB
770 3117 794 3182 §.
818 3120 859 3168 19.
897 3114 1009 3166 Abscisa
1039 3128 1100 3180 erpo
1125 3113 1203 3178 veste]
1247 3109 1337 3182 Vulgo

97 3187 247 3255 plenaeque
269 3186 326 3253 qui,
388 3182 423 3236 id.
441 3183 553 3236 Voss.1
578 3183 658 3235 Bern.
676 3182 701 3233 A
737 3183 862 3235 abscissa.
898 3181 939 3235 Cf.
957 3182 991 3234 ad
1007 3195 1051 3246 111,
1069 3185 1112 3245 19,
1130 3184 1171 3232 25.

98 3255 247 3324 pleramque
264 3269 338 3323 qaae.
787 3256 855 3304 .20.
888 3252 973 3303 altera
999 3267 1030 3302 ea
1052 3267 1070 3300 ιι
1102 3247 1179 3312 abus]
1214 3245 1295 3299 Multi
1312 3254 1339 3299 et

136 3322 290 3388 acsolliciti}
309 3320 353 3373 Sic
361 3336 451 3374 ornnes
460 3319 550 3373 nostri.
568 3319 657 3441 Vulqp
670 3329 701 3372 et.
736 3319 799 3372 boni
830 3317 891 3371 libri
916 3317 987 3371 Flor.
1013 3317 1063 3369 AB
1119 3313 1192 3367 Laid.
1219 3315 1295 3368 Voss.
1323 3322 1337 3367 1

136 3395 209 3456 §.lt
235 3391 314 3442 comit
332 3407 378 3441 sao
395 3405 465 3442 more
482 3389 608 3455 detonsis]
657 3387 701 3440 dd.
737 3386 824 3457 Bong.
850 3387 998 3456 nepotibus,
1024 3385 1052 3438 in
1078 3383 1147 3436 Dan.
1174 3382 1271 3449 (Bern.
1296 3381 1337 3448 A)

103 3466 166 3511 vett
184 3465 213 3510 et
238 3455 340 3510 codices
362 3456 425 3509 olim
450 3455 542 3510 collati
567 3457 702 3511 conmisso
737 3455 815 3509 litera
832 3473 846 3508 o
865 3463 966 3524 puncto
982 3460 1098 3507 notatur.
1139 3450 1233 3521 Neque
1249 3457 1338 3521 potest

102 3543 178 3580 more.
213 3523 373 3578 Emendevit
390 3523 537 3578 Palmeritm
553 3525 624 3594 apud
642 3524 702 3578 Mo·
736 3523 774 3578 sic
792 3523 899 3577 defendi
916 3531 946 3576 ut
962 3522 1079 3576 dieamus
1101 3529 1204 3588 nepotes
1222 3535 1339 3572 eommu-

104 3594 181 3646 dium.
213 3593 368 3662 Equatuor
393 3601 496 3646 tantum
521 3591 592 3646 Flor.
610 3591 702 3646 FGHI
735 3592 807 3645 niter
833 3591 885 3654 dici
912 3592 945 3643 de
971 3598 1051 3660 nepte
1078 3595 1106 3640 et
1131 3594 1229 3656 nepote
1261 3603 1338 3656 quem

104 3669 132 3713 et
148 3668 262 3729 utroque
278 3659 359 3712 Bern.
386 3664 519 3714 conaemmso
541 3677 612 3713 more
639 3659 702 3714 mihi
737 3659 818 3712 Darei
841 3659 922 3710 filium
946 3675 1034 3711 secum
1048 3655 1149 3720 babuit,
1168 3671 1228 3708 narn
1245 3663 1340 3708 auctor

105 3735 239 3792 enotatnr,
266 3734 297 3779 ut
313 3727 340 3778 in
357 3726 464 3794 reliquis
491 3727 612 3780 extitisse
629 3728 703 3780 vide·
737 3745 796 3780 cum
814 3726 882 3778 dixit
908 3729 1007 3790 altera,
1035 3727 1068 3777 de
1087 3722 1231 3776 Alexandri
1256 3738 1339 3776 uxore

105 3804 164 3848 atur
180 3795 251 3864 quod
268 3792 413 3846 Palmerius
432 3803 505 3848 recte
521 3795 676 3848 coniecerat.
739 3793 907 3848 Statirasine
924 3793 1005 3845 dubio
1019 3790 1153 3861 cogitavit.
1181 3791 1339 3844 Mendosum

139 3881 194 3916 cam
212 3863 363 3931 caclaspides
380 3861 478 3931 primns
496 3861 580 3915 edidit
589 3861 703 3926 Medius,
737 3861 802 3914 item
819 3862 951 3929 estquod
969 3859 996 3912 in
1013 3859 1087 3913 libris
1105 3859 1201 3911 nostris
1218 3867 1246 3912 ct
1259 3858 1339 3912 Snslr.

105 3932 170 3984 sicut
187 3929 277 3984 lunius
294 3931 322 3983 in
338 3930 456 3999 margine
473 3937 588 3993 notarat,
606 3929 632 3980 in
650 3928 704 3998 pri·
738 3928 859 3983 omnibus
880 3927 977 3996 legitur
992 3929 1180 3993 retractabant,
1199 3944 1260 3980 nam
1276 3925 1340 3979 illud

105 3999 191 4054 oribus
209 3998 286 4052 editt.
304 4005 332 4051 et
341 3997 474 4052 codicibus
488 3999 522 4050 sd
530 4001 615 4050 nnum'
622 3996 705 4050 omni·
738 3998 773 4050 ad
790 3996 872 4050 solam
889 3995 1035 4066 Drypetin,
1054 3994 1257 4065 Hephaestionis
1274 4011 1340 4047 uxo·

104 4071 152 4122 bus
168 4085 225 4121 cam
242 4066 381 4133 omittitur,
400 4065 522 4120 videlicet
539 4072 648 4134 propter
664 4065 705 4117 in·
738 4082 794 4118 rem
801 4104 809 4144 2
831 4063 954 4133 pertinet.
996 4063 1057 4128 Quo
1082 4062 1218 4117 intellecto
1235 4061 1340 4116 Freins-
1366 4112 1369 4120 ,

105 4143 257 4215 sequentem
283 4135 385 4188 literam
403 4153 425 4188 e.
469 4133 608 4202 Singulare
633 4131 705 4186 uliud
739 4134 840 4188 bannus
856 4133 1015 4186 retractabat
1032 4131 1122 4185 edidit.

105 4205 202 4270 viuum,
222 4204 293 4273 quod
309 4203 337 4256 in
355 4221 415 4256 mss.
426 4202 490 4255 item
501 4200 622 4255 omnibus
639 4200 704 4271 legi-
773 4205 795 4269 ξ.
814 4205 855 4254 21.
891 4201 968 4253 simul
985 4211 1098 4254 mortuos
1121 4199 1252 4268 vivosque]
1279 4197 1340 4250 Hoc

106 4283 149 4326 tur
165 4283 188 4326 et
206 4275 282 4326 modo
299 4281 327 4324 at
344 4273 448 4324 tostas.
561 4269 563 4277 ’
737 4271 819 4322 verba
844 4268 936 4322 ordine
962 4267 1127 4322 collocantur
1152 4266 1179 4320 in
1206 4265 1288 4318 Snal.
1313 4274 1340 4318 et

56 4343 57 4346 ’
139 4339 202 4410 Gap.
223 4343 365 4407 lt,§.18.
401 4341 439 4392 cis
457 4337 622 4407 Euphraten]
658 4336 704 4391 Sic
737 4335 975 4399 nostrisomnibus,
993 4354 1053 4390 eum
1066 4336 1339 4405 vulgopraeterquam

108 4426 163 4461 cnm
189 4408 322 4462 Snslrcnb.
349 4407 412 4460 edit.
430 4407 511 4459 Bern.
528 4407 555 4458 A
581 4413 609 4458 et
630 4404 702 4460 Flor.
737 4423 755 4458 a
770 4405 864 4459 Medio
881 4405 1102 4458 edaturmorteos
1120 4403 1196 4456 amal
1213 4402 1338 4467 vivosque.
1374 4459 1377 4466 ,

108 4474 227 4529 ADFGl.
261 4476 350 4546 Vulgo
368 4478 405 4529 cis
421 4476 592 4544 Euphratem
739 4473 780 4528 cf.
799 4474 833 4526 ad
850 4487 895 4539 111,
915 4479 955 4540 12,
973 4479 998 4526 2.
