3254 5292
251 351 323 426 '136
714 373 748 435 Q·
784 370 909 423 oanan
940 371 1027 424 aum

242 559 323 630 ficio
349 557 417 629 rite
441 564 663 653 perpetrato,
697 555 873 650 reliquum
903 557 1018 628 noctis
1046 557 1272 652 acquieturus
1298 559 1335 630 in
1362 560 1479 634 taber-

241 669 409 740 naculum
433 666 547 739 rediit
587 663 660 738 Sed
684 691 751 741 nec
776 689 941 738 somnum
967 673 1104 764 capere,
1129 692 1196 740 nee
1221 669 1377 764 quietem
1402 671 1479 769 pati
1524 689 1528 696 ·

241 787 393 876 poterat.
444 775 553 850 Modo
578 801 599 848 e
624 774 707 872 iugo
732 776 864 848 montis
891 777 1003 850 aciem
1028 777 1065 848 in
1091 777 1260 851 dextrum
1285 779 1477 854 Persarum

241 914 352 961 comu
380 885 566 959 demittere
593 886 762 983 agitabat,
776 884 885 959 modo
909 898 1009 961 reeta
1033 889 1151 962 fronte
1177 913 1389 964 concurrere
1414 892 1477 964 ho·

240 998 301 1088 sti,
332 994 512 1070 interdum
543 995 737 1086 haesitare,
772 1020 819 1067 an
850 998 969 1094 potius
1004 997 1041 1070 in
1075 1000 1219 1071 laevam
1245 998 1475 1097 detorqueret

239 1133 377 1206 agmen.
431 1104 592 1179 Tandem
623 1119 813 1204 gravatum
848 1107 955 1180 animi
990 1108 1173 1182 anxietate
1207 1133 1336 1207 corpus
1369 1112 1474 1185 altior
1493 1131 1526 1177 1:

238 1243 384 1292 somnus
413 1217 600 1316 oppressit.
683 1225 692 1232 “

187 1331 234 1402 49
339 1328 485 1424 lamque
518 1326 598 1399 luce
624 1335 704 1400 orta
737 1327 845 1400 duces
871 1325 917 1399 ad
942 1325 1148 1425 accipienda
1172 1327 1320 1425 imperia
1345 1353 1472 1402 eonve-

235 1450 379 1529 nerant,
413 1439 556 1512 insolito
588 1438 681 1510 eirea
712 1438 930 1535 praetorium
965 1437 1104 1510 silentio
1140 1439 1299 1510 attoniti:
1341 1441 1470 1537 quippe
1491 1457 1525 1507 18

234 1551 321 1622 alias
348 1574 528 1623 accersere
554 1549 662 1647 ipsos,
676 1559 713 1620 et
737 1547 918 1620 interdum
943 1557 1124 1621 morantes
1151 1549 1326 1645 castigare
1352 1573 1469 1622 assue-

233 1671 352 1733 verat:
387 1672 472 1733 tune
503 1685 549 1733 nc
577 1659 702 1730 ultimo
735 1657 877 1754 quidem
902 1683 1022 1731 rerum
1048 1658 1248 1732 discrimine
1275 1660 1472 1732 excitatum

236 1795 313 1845 esse
339 1771 569 1861 mirabantur,
597 1779 634 1842 et
659 1794 731 1841 non
758 1795 883 1842 somno
910 1770 1103 1866 quiescere,
1128 1769 1192 1843 sed
1218 1794 1351 1867 pavore
1377 1794 1469 1842 mar·

201 1934 204 1940 -
234 1905 314 1954 cere
348 1880 551 1954 credebant.
603 1877 685 1952 Non
717 1891 837 1954 tamen
854 1881 1059 1976 oquisquam
1086 1903 1133 1952 ex
1158 1879 1366 1954 custodibus
1393 1906 1467 1954 cor-
1488 1902 1520 1949 ro

232 1993 328 2089 poris
363 1993 496 2064 intrare
530 1991 801 2062 tabernaculum
828 1989 998 2062 audebat:
1033 1998 1071 2061 et
1095 1989 1167 2060 iam
1193 2000 1334 2087 tempus
1360 1991 1468 2064 nasta-

231 2103 309 2193 bat,
336 2128 402 2175 nee
434 2103 533 2176 miles
558 2100 696 2172 iniussu
722 2100 821 2173 ducis
848 2109 911 2172 aut
936 2123 1036 2171 anna
1062 2124 1187 2197 capere
1212 2111 1370 2197 poterat,
1404 2111 1466 2173 aut

229 2213 265 2284 in
293 2211 435 2283 ordines
460 2213 521 2283 ire.
560 2207 632 2281 Diu
645 2208 834 2282 Parmenio
860 2219 1058 2301 cunctatus,
1077 2211 1194 2283 cibum
1219 2219 1261 2282 ut
1287 2222 1464 2308 caperent,
1483 2231 1517 2279 ro

228 2323 305 2419 ipse
336 2320 554 2417 pronuntiat.
614 2317 759 2414 lamque
786 2318 884 2392 exire
909 2343 1055 2392 necesse
1081 2330 1174 2392 erat:
1209 2328 1295 2392 tunc
1321 2319 1464 2392 demum

227 2435 337 2504 intrat
363 2427 650 2517 tabernaculum,
677 2429 888 2524 saepiusque
914 2430 1055 2502 nomine
1083 2429 1348 2525 compellatum,
1381 2458 1462 2504 cum

210 2565 316 2617 ‘voce
348 2565 421 2612 non
459 2547 596 2635 posset,
636 2548 735 2610 tactu
771 2539 950 2610 excitavit.
1009 2539 1120 2612 aaran
1146 2539 1220 2632 lae,
1246 2540 1371 2636 inquit,
1397 2555 1463 2614 est:
1480 2561 1512 2608 21

227 2653 420 2726 lustratam
454 2647 559 2721 maara
597 2647 697 2721 lestis
729 2647 894 2720 adierant.-
942 2662 1017 2722 taas
1051 2650 1144 2722 miles
1178 2649 1287 2722 adlata
1326 2650 1462 2725 inermis

227 2775 372 2862 aspectat
397 2761 584 2858 inperium.
646 2757 715 2831 Uti
738 2771 786 2830 est
809 2759 903 2856 viper
929 2759 982 2832 itte
1007 2759 1115 2832 animi
1139 2760 1212 2832 tui?
1237 2783 1354 2857 nempe
1379 2763 1462 2834 eac-i-

225 2886 295 2947 tare
320 2871 435 2971 or'qc'les
460 2871 552 2944 soles.
605 2867 667 2940 Ad
701 2870 790 2941 haec
815 2867 1037 2940 Alexander:
1074 2867 1249 2960 Credisne,
1283 2895 1334 2942 are
1360 2871 1462 2969 prise
1479 2889 1513 2936 aa

225 3011 377 3060 sannam
403 3005 520 3079 capere
540 2980 698 3078 potuisse,
712 3005 814 3078 param
838 3003 1049 3053 exonerarem
1075 2979 1461 3072 anirnomsollicitudr'ae,

142 3139 147 3149 ·
226 3121 310 3196 qaae
337 3094 474 3194 quietem
499 3090 711 3165 morabatur?
737 3090 947 3186 signumque
972 3114 1114 3187 pugnae
1132 3089 1220 3161 tuba
1246 3089 1324 3162 dari
1350 3091 1460 3164 iussit.

225 3204 273 3278 Et
300 3229 381 3274 eum
406 3203 443 3273 in
469 3201 594 3273 eadem
620 3200 853 3272 admiratione
880 3198 1068 3272 Parmenio
1094 3211 1353 3297 perseveraret,
1365 3200 1461 3296 quod
1478 3219 1513 3269 aa

226 3315 384 3386 solutum
417 3337 454 3382 se
489 3311 582 3382 curis
616 3334 780 3381 somnum
807 3309 941 3405 cepisse
968 3309 1133 3399 dixisset,
1159 3310 1310 3400 llliar'mc,
1336 3311 1460 3406 inquit,

260 3498 282 3562 ς.
304 3500 342 3546 16.
368 3495 507 3559 denritterel
532 3491 617 3545 Codd.
634 3490 717 3544 nostri
736 3505 825 3542 omnes
859 3491 1000 3559 aremare,
1033 3491 1078 3544 alii
1144 3492 1191 3546 lor.
1221 3491 1296 3545 GEH
1318 3490 1398 3544 Bern.
1419 3490 1460 3562 B)

225 3569 254 3616 et
272 3560 428 3642 quosSnak.
442 3559 556 3613 eontulit
571 3561 710 3623 dimittere,-
727 3557 825 3628 primus
860 3575 992 3626 exercere,
1011 3577 1078 3612 unus
1095 3560 1166 3613 For.
1184 3560 1210 3612 D
1228 3577 1287 3612 eum
1304 3557 1360 3612 Pal.
1381 3567 1393 3611 1
1413 3577 1459 3612 ar-

226 3634 356 3684 deaattere
375 3628 449 3698 dedit
466 3626 564 3680 Iunius.
860 3627 964 3692 rescire,
984 3626 1070 3680 nullus
1088 3645 1227 3681 arcessere.

261 3714 413 3751 concurrere
430 3699 506 3764 tosta]
526 3696 626 3750 Idonea
639 3694 720 3764 igitur
734 3703 826 3748 aucto-
894 3697 919 3759 s.
931 3701 970 3748 19.
989 3698 1123 3765 qaisquam
1143 3714 1175 3748 ea
1193 3697 1351 3763 custodibus]
1369 3695 1459 3766 Vulgo

225 3765 306 3819 ritate
323 3763 365 3818 hic
379 3765 450 3818 loeus
464 3765 600 3834 vulgatam
608 3765 744 3818 lectionem
754 3762 825 3832 apud
861 3778 874 3814 e
898 3772 973 3826 eust,
1006 3781 1054 3816 nos
1082 3765 1154 3834 quod
1178 3763 1206 3816 in
1238 3763 1310 3817 libris
1339 3763 1459 3816 omnibus

225 3833 381 3898 Liv.xx1V,
402 3840 432 3885 15
451 3833 576 3886 defendet
593 3833 684 3901 quibas
703 3851 759 3886 cum
778 3833 825 3882 im·
857 3829 1083 3898 praetermeat}
1100 3839 1139 3884 est
1156 3831 1274 3886 dedimus
1290 3849 1348 3885 cum
1358 3833 1458 3884 Medio.

218 3905 298 3970 ptyra
307 3901 441 3954 Numidae
459 3903 657 3968 concurrissent,
676 3899 702 3952 in
717 3898 826 3952 dubium
894 3899 922 3950 ia
939 3900 1043 3950 ordines
1062 3901 1107 3952 ire.
1140 3899 1184 3952 Sic
1201 3914 1264 3966 vm,
1284 3907 1316 3954 ts
1336 3916 1459 3966 auareque

224 3979 344 4022 vocatam
361 3986 378 4021 a
395 3967 545 4022 Douiatio.'
860 3983 952 4034 capere
969 3969 1063 4020 milites
1081 3977 1105 4019 et
1123 3970 1162 4019 ire
1180 3969 1208 4018 ia
1226 3970 1332 4021 ordines
1351 3969 1433 4020 iussit.

259 4039 287 4088 ia
319 4038 418 4089 laevum
445 4039 603 4104 detorqueret
628 4053 721 4105 agmen
746 4035 825 4088 codd.
893 4037 918 4098 S.
942 4040 983 4086 21.
1019 4038 1132 4087 excitare
1158 4036 1259 4102 vigiles]
1296 4037 1394 4089 Omnes
1420 4033 1458 4087 sie

224 4115 253 4156 et
274 4103 326 4156 mei
347 4112 376 4156 et
393 4103 475 4156 Snalr.
493 4120 582 4156 omnes
606 4121 665 4155 eum
682 4101 745 4155 edit.
764 4103 825 4155 Mo·
858 4099 927 4153 libri.
945 4102 1087 4156 Modiana:
1105 4103 1244 4155 mendosos
1259 4103 1338 4156 fuisse
1352 4119 1458 4156 neceme

225 4173 320 4234 diane,
344 4172 417 4240 quod
443 4170 527 4223 libens
554 4169 652 4239 accipio
674 4187 727 4291 pro
753 4169 824 4239 vulg.
859 4177 908 4234 est,
927 4170 971 4240 qui
991 4173 1133 4223 exercitare
1151 4169 1303 4225 exhibeant.

224 4249 360 4309 torqueret,
378 4255 464 4308 neque
479 4241 548 4291 enim
561 4246 673 4308 torquen
694 4237 825 4290 'verbum
894 4241 917 4306 §-
934 4245 975 4291 23.
1006 4247 1185 4308 perseveraret
1207 4242 1278 4307 quad
1297 4241 1407 4293 solatran
1429 4254 1458 4291 se

225 4307 262 4361 sic
280 4307 382 4359 dicitur.
860 4308 930 4359 curis
940 4323 1055 4360 scamnum
1065 4308 1163 4374 cepisse
1172 4309 1294 4377 dixisset]
1313 4307 1381 4360 Edd.
1390 4313 1456 4359 vett.

261 4375 326 4444 Cep.
345 4381 388 4439 49,
408 4378 431 4438 §-
452 4380 491 4426 18.
514 4377 657 4441 accersere]
679 4373 734 4427 Alii
751 4374 825 4426 dete·
859 4385 1020 4428 asseveraret
1041 4377 1111 4443 qaod
1140 4391 1246 4428 serame
1274 4393 1390 4429 :carnum
1416 4391 1457 4426 ce-

222 4444 305 4498 riorcs
323 4443 400 4497 codd.
419 4443 501 4513 (Flor.
520 4442 594 4511 FGI)
621 4450 650 4495 et
676 4442 736 4496 edd.
759 4450 825 4498 vett.
855 4444 953 4512 pisset,
974 4443 1065 4496 sedin
1082 4441 1154 4495 nullo
1172 4443 1270 4510 codiee,
1289 4462 1399 4514 quorum
1416 4459 1458 4496 ae-
