3270 5290
536 393 586 445 uu
613 392 741 446 cnsrrs
767 392 877 444 snex.
904 394 940 463 v,
967 393 1013 445 ao.
1332 373 1403 448 199

164 583 298 684 gadum
324 579 451 657 urbem
476 575 700 670 condiderat,
734 602 841 676 quam
866 573 1076 652 Alexandro
1102 579 1304 676 praefectus
1330 577 1405 654 eius

167 693 328 772 Gobares
353 691 511 768 tradidit

115 829 145 876 11
267 807 349 882 Rex
374 826 493 880 arcem
518 802 738 901 Persepolis,
765 824 818 876 111
843 801 985 876 milibus
1011 800 1248 878 Macedonum
1273 802 1454 900 praest-21

166 919 226 995 dio
252 919 401 1009 relictis,
434 911 669 991 Nicarchiden
694 911 788 986 tueri
813 913 930 987 iubet:
968 911 1117 988 Tiridati
1150 939 1309 1013 quoque,
1345 915 1406 1012 qui

165 1057 292 1130 gazam
316 1027 530 1120 tradiderat,
557 1033 722 1100 servatus
749 1034 806 1098 est
829 1025 964 1118 honos,
991 1052 1098 1126 quem
1123 1026 1220 1126 apud
1245 1025 1433 1110 Dareum,

165 1144 357 1218 habuerat:
400 1165 601 1239 magnaque
636 1137 814 1212 exercitus
848 1147 952 1235 perte
988 1149 1025 1212 et
1057 1136 1320 1236 impedimentis
1355 1139 1405 1212 ibi

116 1275 147 1324 rs
165 1254 307 1346 relictis,
334 1252 572 1327 Parmeniona
592 1247 849 1345 Craterumque
874 1250 1053 1345 praefecit.
1093 1247 1176 1348 Ipse
1202 1275 1284 1326 cum
1309 1252 1404 1324 mille

165 1365 342 1463 equitibus
367 1363 599 1464 peditumque
626 1357 795 1459 expedita
819 1385 929 1434 manu
945 1362 1151 1437 interiorem
1169 1361 1326 1438 Persidis
1351 1388 1404 1436 re·

165 1477 308 1576 gionem
333 1478 400 1552 sub
426 1476 544 1576 ipsum
570 1472 809 1572 Vergiliarum
840 1472 939 1548 sidus
970 1473 1092 1574 petiit,
1126 1476 1317 1574 multisque
1342 1477 1404 1550 im·

165 1589 288 1663 bribus
315 1601 353 1664 et
383 1613 496 1688 prope
529 1584 744 1661 intolerabili
768 1595 983 1684 tempestate
1008 1596 1179 1680 vexatus,
1210 1587 1405 1687 procedere
1478 1619 1481 1630 ¹

116 1723 147 1771 rs
165 1711 296 1792 tamen,
323 1727 395 1798 quo
419 1697 638 1788 intenderat,
670 1699 923 1801 perseveravit
975 1697 1135 1773 Ventum
1161 1711 1239 1774 erat
1264 1699 1312 1774 ad
1335 1700 1405 1776 iter

164 1814 346 1913 perpetuis
372 1814 530 1888 obsitum
555 1811 707 1901 nivibus,
735 1835 823 1908 quas
849 1812 989 1909 frigoris
1015 1811 1070 1885 vis
1095 1812 1179 1909 gelu
1205 1811 1403 1886 adstrinxe-

164 1935 231 2000 rat
283 1924 461 2000 Locorum
487 1925 632 2022 squalor
657 1933 694 1996 et
719 1922 928 1998 solitudines
958 1925 1075 1998 inviae
1101 1924 1290 2022 fatigatum
1314 1924 1402 1996 mili·

164 2049 239 2114 tem
264 2039 464 2127 terrebant,
499 2036 735 2112 humanarum
766 2058 887 2108 rerum
919 2037 1090 2110 terminos
1116 2061 1155 2110 se
1181 2036 1304 2112 videre
1330 2061 1404 2110 cre·

167 2149 320 2225 dentem.
361 2145 491 2223 Omnia
516 2157 755 2246 vastantque
782 2147 858 2222 sine
884 2148 956 2222 ullo
982 2148 1129 2223 humani
1155 2148 1270 2224 cultra
1296 2149 1403 2224 vesti·

165 2393 339 2475 Persapadas
355 2409 389 2447 sn
404 2393 561 2473 Persppada
574 2391 693 2447 nomines
709 2409 769 2465 per·
804 2394 891 2473 lidan,
908 2401 973 2477 post
987 2393 1196 2476 Nicartlidem.n
1210 2393 1296 2477 Oodd.
1312 2395 1406 2478 optimi

163 2463 226 2517 inde
243 2462 356 2518 vrdetur.
374 2461 445 2516 Nem
461 2463 506 2516 hb.
524 2477 555 2528 x,
576 2463 695 2516 4Persa
714 2466 768 2516 ada
802 2462 909 2584 quidem
930 2463 1125 2532 Nsclarttden,
1153 2463 1199 2518 slu
1223 2465 1405 2531 Nearclsdem,

164 2531 269 2587 codices
287 2531 422 2599 exhibent,
440 2531 508 2585 deut
518 2529 688 2586 Ptolemaeus
724 2547 768 2585 eo-
826 2530 874 2586 lor.
894 2530 918 2585 B
936 2532 1135 2600 Nicanlsidem,
1158 2531 1229 2587 Flor.
1248 2533 1270 2588 Ο
1288 2535 1315 2586 in
1337 2533 1405 2588 Oar-

164 2597 649 2673 graphusappellst(11aaapycida),
671 2617 730 2654 essm
752 2618 769 2653 s
804 2601 910 2667 illidere,
933 2602 1004 2656 Mod.
1021 2600 1086 2656 edit.
1102 2601 1287 2656 Nicartdiden.
1319 2602 1405 2658 Paulo

164 2671 258 2726 ceteris
275 2664 461 2744 Πασαργάδαι
476 2668 593 2723 dicatur:
610 2669 643 2724 ef.
661 2667 769 2723 (lellsrii
802 2677 864 2740 post
880 2671 1058 2724 Panacaiona
1076 2668 1205 2724 Gmeesm
1225 2672 1335 2726 sormam
1356 2691 1405 2744 pro

164 2739 262 2810 Geogr.
295 2737 373 2793 Tam.
399 2753 423 2791 11
447 2757 472 2806 p.
501 2743 560 2793 elo.
605 2737 768 2808 Persagedss
801 2737 874 2818 vulg.
900 2737 997 2792 latins
1016 2739 1216 2793 Pannonionem
1239 2740 1355 2812 plerique
1377 2750 1406 2794 et

164 2808 242 2864 hodie
259 2823 316 2862 esse
333 2806 458 2880 oppidum
474 2807 506 2861 M
556 2808 620 2874 hsb,
638 2807 710 2878 quod
728 2805 768 2860 in·
802 2806 894 2878 optuni
917 2806 977 2862 libri
998 2807 1137 2873 exhibent,
1161 2817 1296 2870 sementes
1323 2809 1351 2862 in
1373 2826 1405 2863 ess

163 2876 276 2932 tervsllo
294 2894 388 2931 novem
405 2877 487 2930 ferme
506 2893 542 2929 mr
578 2893 669 2947 geogr.
687 2875 769 2929 distet
801 2891 832 2929 re
847 2893 948 2931 morem
965 2875 1132 2931 Curtianum.
1153 2875 1215 2930 vid.
1225 2877 1259 2930 ad
1273 2892 1316 2945 111,
1326 2885 1369 2944 38,
1379 2885 1405 2931 2.

163 2944 769 3070 intemeratissimae..
801 2947 1101 3067 ..intr
1116 2945 1404 3068 Vnr¹

165 3085 194 3152 (i.
213 3101 236 3137 e.
253 3083 429 3156 qnadraginta
445 3082 595 3152 columnae)
617 3099 653 3153 ap
722 3080 767 3150 tis,
802 3099 862 3136 cum
883 3081 1033 3151 ignoremus
1062 3030 1184 3134 ei'drtum
1215 3031 1404 3151 sngdlocssum:

164 3153 297 3224 situmque
318 3152 373 3206 eius
395 3151 511 3222 regionis
538 3152 617 3206 docet
674 3150 767 3204 'iterus
801 3159 830 3205 et
854 3151 1015 3205 matutinum
1039 3167 1074 3204 an
1099 3149 1278 3220 vespertinum
1299 3151 1405 3204 dixerit.

165 3221 263 3304 Geogr.
286 3220 363 3275 Tom.
388 3233 443 3275 vm
468 3239 494 3292 p.
521 3225 571 3275 876
597 3237 655 3291 sqq.
682 3235 768 3273 norae
801 3221 856 3274 Sed
877 3237 998 3274 oceasum
1023 3218 1114 3274 sideris
1131 3217 1310 3290 vespertinum
1327 3219 1405 3274 intel-

164 3289 295 3344 editronis.
800 3288 870 3361 lign't,
888 3295 919 3342 nt
935 3295 1012 3360 patet
1028 3305 1062 3341 ex
1079 3288 1137 3410 ipsa
1153 3303 1197 3354 re,
1223 3287 1315 3342 hiemis
1333 3288 1404 3342 enim

198 3377 245 3414 sea
266 3361 341 3414 milia
367 3359 492 3412 talentum
540 3356 767 3421 Veram-formam
800 3365 988 3430 tempestatem
1005 3356 1089 3412 deseri
1108 3356 1139 3423 it,
1156 3357 1203 3410 sed
1216 3355 1269 3410 ism
1282 3357 1404 3412 adfinem

164 3427 283 3501 genitivi,
302 3443 462 3500 quamquam
479 3434 540 3480 sset
554 3425 635 3480 Smlr.
653 3426 687 3478 de
704 3426 766 3494 suis,
797 3427 949 3498 vergentis,
981 3443 1041 3480 cum
1066 3425 1152 3480 medio
1174 3443 1244 3480 suno
1264 3425 1293 3480 in
1314 3426 1405 3480 Medis

161 3514 254 3552 omnes
271 3495 331 3551 libri
349 3495 434 3550 nostri
447 3496 583 3562 exhibent,
602 3493 667 3549 editi
676 3497 767 3566 (prae-
800 3497 953 3551 Alexander
965 3502 1124 3563 rerssretur,
1138 3503 1281 3566 postquam
1290 3503 1404 3567 quatuor

164 3575 208 3620 ter
227 3565 314 3631 Mod.)
341 3567 504 3620 talentorwn.
537 3563 608 3618 Vide
629 3581 709 3635 snpra
731 3564 766 3618 sd
799 3583 901 3619 menses
923 3565 951 3619 in
967 3564 1056 3619 Persis
1073 3571 1248 3619 commoratus
1265 3571 1321 3632 est,
1339 3563 1404 3618 Plu·

164 3648 211 3700 m,
227 3640 271 3699 tt,
291 3641 331 3688 16.
799 3635 894 3689 tarcho
910 3643 980 3688 teste
997 3641 1072 3688 att.
1089 3632 1222 3687 Plinnst.
1239 3633 1300 3687 hist
1318 3647 1404 3700 xvrrr,

203 3702 331 3771 Gobares]
366 3701 412 3758 Sic
428 3702 526 3784 primns
543 3701 649 3769 Iunius,
671 3700 766 3754 deinde
798 3710 871 3758 etti
890 3721 911 3756 s.
930 3711 1015 3758 66111
1033 3703 1129 3756 Nonas
1144 3703 1252 3772 Apriles
1270 3705 1299 3756 in
1312 3704 1404 3756 Attica

165 3770 285 3826 Freinsh.
301 3779 330 3824 et
345 3771 449 3842 reliqui,
467 3787 527 3826 cerm
539 3770 568 3824 in
580 3769 766 3841 eddantiquis
805 3773 938 3841 Verpilias
963 3790 1005 3825 ves
1025 3787 1067 3825 ere
1098 3773 1275 3825 ocndtantar:
1301 3774 1405 3826 eaedem

165 3847 195 3895 et
220 3838 296 3894 codd.
322 3839 446 3894 Glotaris
469 3839 494 3893 le
529 3847 581 3893 tur.
624 3839 766 3912 Γωβάρην
794 3841 926 3912 postridie
949 3842 978 3893 in
1021 3841 1114 3908 asotia,
1139 3839 1359 3894 Caesariensem
1382 3850 1406 3894 et

165 3909 313 3982 quendem,
344 3908 471 3979 Oxyartis
517 3907 594 3976 hum,
621 3906 650 3961 in
675 3907 767 3962 Medis
803 3910 947 3965 Chaldaeis
964 3909 1060 3962 Nonis.

156 3985 328 4060 ppgnsntem
347 3977 484 4058 'moenum'
505 3985 704 4058 quossempore
725 3993 770 4031 oc·
839 3981 862 4060 ᾗ.
886 3984 926 4032 1³.
966 3979 1079 4032 locorwn
1100 3979 1222 4100 qpoalor]
1263 3979 1407 4058 inpriore

164 4043 769 4202 indesinentem
802 4047 1060 4198 stamme
1078 4045 1107 4170 t
1130 4053 1406 4196 rantur

163 4183 769 4334 tt⁰t0¹tti²t⁰ltttt¹tdl²⁰⁰l¹ffff
801 4201 896 4308 titt
913 4185 1316 4309 deditohi'sffi.mi‘ss
1334 4202 1406 4334 rili

199 4321 264 4394 cap.
291 4328 336 4385 sl,
364 4325 388 4387 s.
411 4329 452 4375 11.
491 4323 673 4376 Nicarchiden
695 4320 767 4374 edrdr
801 4323 828 4376 A
844 4331 962 4390 secutus,
980 4323 1042 4396 quia
1062 4323 1203 4395 descriptio
1226 4322 1287 4378 hinc
1304 4323 1405 4394 incipit,

163 4405 199 4444 ex
215 4388 400 4445 emendatione
415 4389 606 4457 Freinshemii,
628 4389 655 4443 id
672 4405 768 4443 nomen
801 4407 869 4462 quse
890 4392 976 4446 minas
1003 4399 1076 4447 recte
1103 4393 1271 4447 continuatur
1292 4409 1352 4446 cum
1373 4391 1405 4446 iis

164 4457 236 4512 inter
259 4459 419 4514 trierarchos
437 4459 500 4540 'legi
529 4459 601 4540 apud
625 4456 768 4540 Amisum
802 4476 870 4530 quse
892 4461 967 4532 qussi
992 4461 1168 4536 praeparandi
1190 4479 1267 4518 musa
1282 4475 1404 4534 praeces·

164 4527 224 4581 Ind.
246 4543 268 4583 a.
286 4535 323 4585 18
340 4527 468 4584 docenda
503 4525 575 4584 Olnn
590 4534 651 4584 eret
666 4527 768 4583 Nicar-
802 4535 902 4584 serunt.
