3214 5288
505 409 554 459 na
581 408 709 462 snsrrs
735 406 845 458 snex.
871 407 923 476 nr,
951 363 995 453 la
1313 393 1360 464 21

121 589 307 692 interfluit,
333 600 371 665 et
395 601 482 665 tunc
509 603 626 667 aestas
653 601 741 682 erat,
768 591 868 664 cuius
895 592 992 664 calor
1017 617 1091 665 non
1118 595 1223 666 eliam
1249 596 1365 693 magis

122 727 232 800 quam
260 699 399 783 Ciliciae
426 729 526 777 oram
560 728 695 802 vapore
722 702 806 780 solis
832 701 1011 792 accendit,
1044 712 1082 776 et
1107 703 1178 778 diei
1202 705 1363 778 fervidis-

85 815 255 888 asimum
279 823 422 913 tempus
448 825 649 914 exceperat
700 811 855 886 Pulvere
887 814 993 886 simul
1024 839 1066 887 ac
1092 814 1222 888 sudore
1247 819 1366 914 periu-

124 949 206 999 sum
230 949 353 1022 regem
378 925 547 1000 invitavit
572 928 688 1023 liquor
712 924 878 1015 fluminis,
905 934 947 997 ut
972 924 1126 998 calidum
1151 925 1269 999 adhuc
1289 953 1367 1000 cor·

122 1061 193 1135 pus
220 1036 391 1109 ablueret.
443 1036 568 1134 ltaque
593 1045 695 1111 veste
731 1033 896 1132 deposita
920 1036 957 1107 in
984 1047 1178 1134 conspectu
1204 1038 1365 1135 agminis,

125 1146 313 1246 (decorum
339 1172 479 1244 quoque
505 1149 666 1221 firturum
691 1157 803 1236 ratus,
830 1147 860 1218 si
885 1147 1102 1220 ostendisset
1128 1150 1210 1239 suis,
1237 1150 1309 1222 levi
1329 1159 1367 1222 et

124 1258 276 1356 parabili
314 1260 414 1331 cultu
454 1259 614 1356 corporis
649 1283 687 1332 se
723 1281 802 1332 esse
841 1256 1077 1356 contentum)
1110 1257 1295 1332 descendit
1328 1260 1367 1332 in

87 1369 270 1442 eflumen.
323 1367 468 1466 Vixque
503 1371 652 1467 ingressi
687 1371 806 1443 subito
837 1370 987 1443 horrore
1022 1378 1122 1442 artus
1147 1370 1263 1467 rigere
1289 1396 1368 1444 coe·

125 1489 277 1578 penrnt,
311 1481 427 1579 pallor
458 1478 586 1555 deinde
613 1481 769 1554 suffirsus
796 1491 866 1572 est,
903 1489 941 1554 et
964 1489 1082 1552 totum
1107 1479 1368 1578 propemodum

88 1614 257 1687 rcorpus
283 1591 403 1665 vitalis
428 1592 527 1664 calor
550 1592 662 1688 liquit
697 1591 887 1691 Expiranti
913 1591 1063 1664 similem
1088 1591 1241 1665 ministri
1258 1617 1370 1665 manu

129 1700 326 1798 excipiunt,
354 1727 420 1776 nec
446 1703 533 1776 satis
560 1713 762 1801 compotem
793 1703 924 1776 mentis
950 1702 987 1774 in
1013 1702 1285 1776 tabernaculum
1311 1703 1370 1775 de-

105 1814 259 1884 ·ferunt.
307 1811 438 1910 Ingens
471 1812 672 1888 sollicitudo
707 1823 746 1887 et
779 1838 894 1912 paene
925 1814 997 1886 iam
1030 1815 1147 1886 luctus
1178 1814 1370 1887 incastris

91 1941 108 1988 5
130 1932 218 1996 erat
258 1922 402 1998 Flentes
428 1926 679 2022 querebantur,
698 1925 736 1997 in
760 1934 864 1996 tanto
890 1925 1023 2022 impetu
1049 1949 1226 2019 cursuque
1252 1948 1373 1997 rerum

130 2034 248 2107 omnis
274 2035 402 2108 aetatis
428 2060 470 2108 ac
495 2037 688 2110 memoriae
716 2035 949 2108 clarissimum
981 2059 1103 2132 regem
1135 2059 1209 2106 non
1234 2035 1272 2106 in
1299 2035 1373 2107 acie

129 2145 270 2234 saltem,
291 2169 364 2216 non
390 2146 436 2219 ab
462 2145 569 2220 hoste
596 2144 782 2236 deiectum,
803 2144 868 2218 sed
894 2145 1099 2218 abluentem
1125 2169 1219 2240 aqua
1244 2169 1374 2242 corpus

93 2265 297 2351 cereptum
321 2279 400 2328 esse
427 2265 465 2330 et
491 2257 699 2330 extinctum.
745 2256 884 2330 Instare
910 2255 1087 2346 Dareum,
1112 2256 1287 2330 victorem
1313 2281 1373 2327 an-

131 2374 281 2460 tequam
305 2364 456 2440 vidisset
481 2367 632 2441 hostem.
673 2363 749 2441 Sibi
775 2365 920 2442 easdem
945 2377 1079 2458 terrea,
1108 2390 1196 2464 quas
1222 2367 1374 2440 victoria

166 2537 193 2583 et
209 2531 263 2584 diei
275 2531 489 2612 fervidissimum
511 2543 610 2615 tempus
632 2551 692 2587 exce
711 2550 736 2587 e·
772 2533 865 2588 eoloris
874 2533 1017 2588 communis
1027 2540 1068 2587 est
1076 2533 1189 2604 utrique.
1214 2531 1285 2586 Tum
1293 2531 1374 2612 vulgo

128 2599 187 2719 ¹rut]
223 2598 404 2720 ἓὲξὼμῐιοωε
427 2599 525 2672 aliquid
528 2602 670 2724 00ringstssin
686 2552 738 2724 iqp
771 2605 845 2724 qqlor
861 2604 993 2723 “liulfi
1008 2620 1056 2656 nos
1067 2619 1144 2723 pupq
1161 2601 1374 2723 liqqqhdqdrmup

128 2685 204 2790 ἢ.
222 2735 246 2788 Β
261 2735 287 2788 G
304 2679 623 2816 eixlcriiidlaildsbiunoque
646 2687 736 2805 eliuore,
785 2679 962 2810 mgniriiddle
984 2688 1182 2792 bedidensemoii
1207 2687 1375 2792 familiaosiua

128 2811 197 2857 rtem
213 2801 341 2857 Modrano
359 2803 441 2873 libro,
460 2823 520 2860 cum
535 2807 616 2878 vulgo
633 2758 738 2877 ligatur
790 2807 936 2876 menoare),
955 2808 1019 2860 item
1032 2807 1117 2861 Modii
1134 2807 1292 2878 exemplum.
1307 2805 1374 2886 ¹Fre·

130 2881 260 2942 coeperat.
302 2871 360 2926 Nec
377 2881 467 2927 tamen
485 2877 602 2945 excepere
618 2875 738 2930 absolute
790 2893 855 2929 nens
878 2875 948 2947 apud
967 2875 1089 2929 Curtium
1110 2875 1220 2928 verbum
1278 2879 1375 2928 ’‘trcum

129 2959 181 3062 ppo
199 2943 314 3010 coepisse
336 2940 387 2994 dici
404 2941 614 2997 existimaverim.
657 2943 738 3014 Apud
772 2894 905 3014 linquere,
929 2943 1055 3014 imprimis
1073 2942 1106 2995 de
1123 2943 1210 2995 animo
1228 2893 1292 2994 ‹1¹2oe

154 3008 237 3062 ivium
262 3023 295 3075 11,
323 3015 338 3062 6
369 3012 539 3064 turbulentior
564 3015 626 3066 inde
652 3029 738 3065 annua
808 3015 865 3079 §.t
901 3012 1266 3078 nosvietoricperoqrcssent
1301 3007 1377 3062 Editi

1262 2941 1373 2994 ficiente.

132 3071 233 3146 excepit
249 3075 324 3130 facile
342 3077 474 3149 intelligas
490 3080 609 3150 proxime
622 3098 634 3132 s
630 3079 738 3200 fflpken'o·
773 3087 880 3150 praeter
928 3077 1052 3132 odianum
1069 3079 1191 3143 victores,
1210 3093 1245 3146 qu
1298 3075 1377 3130 fluxit

132 3161 205 3211 rern,
224 3153 302 3214 utque
319 3145 347 3198 in
364 3143 396 3198 iis
414 3146 490 3215 locis,
533 3167 581 3201 uos
603 3147 629 3200 D
705 3147 740 3199 ad
774 3147 886 3200 eBem.
913 3147 938 3199 B
955 3145 1027 3198 Flor.
1045 3143 1073 3197 Η
1099 3145 1201 3200 vossa
1225 3152 1253 3197 et
1270 3142 1377 3215 reliquis

133 3211 210 3266 illum
226 3212 311 3270 locum
329 3223 473 3284 comparat,
540 3234 582 3269 em
590 3218 668 3270 modo
686 3233 740 3268 non
774 3215 830 3268 cius
847 3221 934 3268 sectae
951 3213 1024 3267 libris
1046 3231 1106 3267 mss.
1147 3213 1202 3267 Sed
1224 3212 1307 3266 maior
1327 3221 1398 3290 nu3'

133 3280 238 3334 difficile
248 3282 424 3335 accumtirum
433 3284 559 3340 attrahas.
576 3283 637 3338 Hoc
651 3293 740 3337 sutem
773 3300 861 3337 merus
893 3298 1035 3337 omnesne
1066 3281 1180 3336 melioris
1210 3289 1290 3336 notae
1316 3280 1378 3334 libn

131 3349 191 3404 loco
215 3366 249 3402 ex
271 3350 329 3430 ipso
351 3351 512 3405 nominativo
526 3355 740 3424 fervidissimum
773 3354 898 3418 victoria,
924 3369 960 3426 qu
1017 3351 1158 3405 restituere
1174 3367 1228 3404 non
1246 3349 1377 3403 dubitavi-

131 3429 233 3488 tempus
258 3419 312 3472 diei
337 3417 537 3490 intelligendum
562 3429 632 3474 esset
653 3423 739 3476 minus
773 3437 839 3474 mus.
882 3419 978 3490 Neque
1003 3420 1072 3472 enim
1098 3419 1126 3473 in
1153 3419 1203 3472 hac
1225 3417 1378 3472 condicione

121 3489 272 3558 fervidum.
774 3488 893 3542 codicum
915 3505 976 3541 mss.
999 3487 1111 3558 speciem
1133 3487 1265 3558 quandam
1286 3485 1377 3539 varici·

166 3559 191 3624 §.
209 3562 235 3609 2.
269 3556 375 3624 pulvere
392 3557 471 3610 simol
488 3573 519 3610 ac
537 3559 631 3611 rudore
643 3560 736 3628 perso·
774 3555 928 3610 militudinis
946 3558 1085 3610 observare
1102 3573 1168 3627 opus
1185 3563 1236 3623 est,
1254 3573 1307 3626 qua
1320 3571 1378 3609 mo-

130 3625 203 3694 arrm]
239 3621 318 3676 Hanc
338 3622 483 3694 legitimam
503 3627 644 3679 verborum
661 3627 740 3679 simul
774 3633 818 3680 tus
836 3624 968 3678 Oudendo
1002 3625 1060 3678 .ad
1077 3623 1152 3678 Suet.
1162 3625 1232 3694 Aug.
1247 3630 1278 3678 93
1298 3625 1378 3676 victo-

131 3709 166 3744 cc
184 3690 384 3746 collocationem
405 3709 494 3746 omnes
512 3692 587 3747 codd.
605 3693 690 3747 nostri
711 3701 739 3747 et
774 3695 824 3746 riis
841 3693 929 3773 potius
946 3709 979 3746 ve
999 3709 1051 3746 esc
1064 3692 1174 3764 scripsit,
1192 3691 1289 3763 quippe
1306 3690 1378 3772 quod

131 3757 231 3829 reliqui
249 3759 293 3828 qni
317 3761 462 3813 accuratius
484 3761 573 3816 collati
598 3768 660 3816 sunt
686 3778 739 3816 scr-
773 3778 822 3832 pro
841 3779 881 3814 rus
907 3761 1044 3814 accederet
1070 3762 1105 3813 ad
1130 3762 1246 3813 victores.
1283 3759 1377 3814 Cicero

131 3833 209 3880 rant.
246 3825 291 3880 Sic
307 3827 385 3882 etiarn
403 3829 482 3900 paulo
498 3839 559 3901 post
580 3832 673 3884 amicis
687 3849 740 3900 pc·
774 3780 880 3900 quidem
897 3828 1007 3882 dixisset
1020 3829 1205 3895 cumvictorrb,
1224 3827 1301 3882 sicuti
1310 3827 1378 3881 dixit

131 3897 201 3949 riter
218 3911 252 3949 erc
269 3899 375 3950 medicis
399 3905 427 3950 ct
444 3912 507 3966 vm,
529 3905 559 3952 17
583 3900 685 3952 obsides
703 3899 740 3952 si·
777 3915 803 3968 p.
812 3897 899 3950 Balbo
909 3903 933 3964 6,
949 3899 971 3966 §.
984 3904 1014 3951 16
1033 3899 1108 3950 cuius
1126 3913 1168 3949 res
1184 3907 1274 3966 pastae
1291 3912 1379 3949 corner

131 3966 187 4018 mul
203 3965 343 4018 labitur-rra
362 3975 385 4018 et
402 3966 508 4020 milites.
531 3965 585 4020 Vul
605 3969 743 4037 optrivere
775 3976 865 4036 pentes
884 3983 940 4019 cum
958 3967 1108 4019 clarissima
1122 3966 1379 4018 victoricterrama·

131 4051 165 4086 ce
182 4037 281 4086 sudore
298 4035 378 4086 simui
391 4037 538 4104 perfusum.
568 3983 636 4088 bion
653 4045 676 4088 et
689 4053 742 4105 pc-
777 4036 852 4104 rique
862 4043 1064 4116 percqrcsserrl,
1083 4033 1129 4086 sed
1138 4033 1261 4103 simplicis
1270 4031 1379 4087 ablativi

131 4102 215 4154 rabili
233 4101 300 4154 item
317 4119 407 4174 omnes
424 4103 523 4172 nostri,
542 4102 607 4156 editi
625 4106 743 4174 (praeter
776 4101 805 4155 iu
822 4101 870 4156 tals
888 4110 1021 4156 structura
1038 4119 1114 4155 usrun
1126 4099 1237 4154 Liviana
1253 4101 1380 4173 imprimis

131 4170 224 4240 Mod.)
243 4187 284 4223 ac.
776 4169 897 4242 exemplis
912 4171 1074 4237 defendunt,
1096 4187 1112 4222 a
1129 4169 1238 4222 Dukero
1255 4170 1289 4223 ad
1306 4168 1379 4224 Flor.

166 4241 190 4306 ξ.
210 4245 235 4292 3.
250 4239 344 4308 pallor
362 4239 454 4292 deinde
472 4241 590 4310 effluens
609 4248 657 4307 est,
675 4247 742 4292 et-
777 4246 839 4306 n,1
861 4247 939 4292 rorum
958 4241 1044 4292 ortem
1062 4247 1193 4292 terrorum
1212 4239 1287 4292 bellis
1300 4239 1379 4293 victo·

130 4309 238 4362 calorii
256 4305 307 4376 uit]
328 4307 456 4386 Sqffrrndi
473 4309 506 4362 de
523 4309 619 4362 rubore
637 4317 666 4360 et
683 4323 741 4360 san·
776 4309 826 4360 riis
845 4325 877 4360 oe
893 4309 1050 4378 percyrcvit
1076 4315 1105 4359 et
1130 4305 1322 4360 aRuhnlrenio
1343 4305 1379 4361 ad

170 4375 176 4387 '
197 4393 213 4428 e
231 4324 266 4429 dr
285 4375 455 4429 interioribus
467 4377 586 4448 partibus
594 4377 742 4448 prodeunte
775 4325 867 4430 Vellei.
878 4389 911 4444 11,
931 4381 963 4430 89
982 4383 1011 4429 et
1029 4383 1060 4430 97
1079 4393 1134 4429 non
1150 4374 1227 4428 huius
1244 4375 1283 4428 rei
1300 4392 1379 4429 causa

149 4443 231 4498 icitur
258 4441 381 4514 proprie,
408 4461 461 4499 non
487 4445 551 4499 item
577 4444 682 4517 proprie
708 4445 741 4496 de
776 4445 823 4497 sed
844 4451 874 4498 ut
892 4447 1061 4525 peraprondi
1083 4446 1194 4497 verbum
1217 4443 1379 4496 illustrarent

130 4513 233 4584 pallore
251 4510 299 4583 qui
317 4509 546 4584 induciturisciei,
565 4516 610 4568 sed
627 4513 741 4569 mutatio
776 4512 864 4569 allata.
906 4514 1059 4568 Omiserunt
1075 4512 1180 4569 Livium
1198 4525 1251 4581 v11,
1269 4519 1303 4566 20
1320 4528 1378 4565 cam
