3270 5288
257 349 333 420 434
726 367 760 429 o.
787 364 911 418 curru
935 365 1020 418 auru

257 550 339 648 quia
370 547 495 623 eadem
530 547 739 623 aestimatur
772 549 808 622 in
844 549 973 622 liberis.
1025 545 1140 620 Huius
1166 545 1283 646 gentis
1309 542 1498 644 oppidum,
1516 562 1545 608 2⁷

255 661 311 734 oui
338 658 546 734 Alexander
578 661 795 766 admoverQ
819 660 956 758 copias,
991 658 1036 733 ab
1069 659 1147 756 ipso
1174 653 1322 756 Sopithe
1354 655 1498 729 obtine-

218 797 227 816 *
254 774 370 848 batur.
425 769 575 846 Clausae
601 786 704 848 erant
735 782 877 873 portae,
912 769 977 844 sed
1002 770 1090 843 nulli
1115 769 1152 842 in
1178 768 1290 841 muris
1316 767 1498 840 turribus·

255 909 322 981 que
350 908 389 956 se
415 885 543 956 armati
569 885 822 976 ostendebant,
855 881 1137 978 dubitabantque
1163 877 1393 968 Macedones,
1429 875 1495 950 de·

254 996 449 1094 senuissent
481 994 607 1067 urbem
637 995 789 1085 incolae,
825 1019 871 1066 an
905 991 1030 1066 fraude
1065 1017 1104 1065 se
1139 991 1360 1079 occulerent;
1395 1013 1495 1077 curn,
1514 1004 1546 1052 28

254 1106 373 1179 subito
399 1106 579 1205 patefacta
602 1117 718 1204 porte,
744 1129 811 1178 rex
836 1103 946 1178 Indus
973 1129 1054 1178 curn
1081 1101 1221 1176 duobus
1248 1099 1379 1174 adultis
1405 1099 1495 1172 filiis

172 1203 176 1215 ’
254 1217 424 1308 occurrit,
460 1217 612 1290 multum
642 1218 736 1290 inter
768 1241 891 1289 omnes
928 1216 1101 1290 barbaros
1134 1215 1292 1288 eminens
1328 1210 1495 1309 corporis

252 1329 379 1426 specie.
432 1327 553 1401 Vestis
581 1339 659 1402 erat
685 1352 773 1402 auro
799 1351 1026 1425 purpuraque
1053 1325 1229 1416 disfincta,
1262 1322 1545 1422 quaestines

254 1463 359 1511 crura
397 1438 561 1529 velabat;
606 1441 722 1514 aureis
763 1437 868 1511 soleis
910 1437 1108 1512 inseruerat
1139 1460 1325 1534 gemmas3
1363 1432 1494 1506 lacerti

252 1571 393 1645 quoque
420 1560 457 1622 et
480 1549 627 1623 brachia
656 1548 857 1648 margaritis
883 1559 1010 1622 ornata
1035 1558 1147 1623 erant
1199 1545 1410 1620 Pendebunt
1437 1567 1490 1616 ex
1509 1559 1542 1606 ³0
1601 1541 1602 1590 ἕ

251 1657 396 1731 auribus
427 1660 582 1758 insignes
610 1659 763 1734 candore
798 1668 835 1732 et
866 1658 1110 1756 magnitudine
1143 1658 1262 1756 lapilli.
1315 1655 1492 1729 Baculum

251 1793 399 1842 aureum
439 1769 566 1870 berylli
607 1769 893 1870 distinguebant:
941 1795 1012 1868 quo
1047 1767 1180 1843 tradito
1214 1777 1400 1867 precatus,
1449 1775 1493 1837 ut
1601 1849 1602 1852 Ἴ

251 1903 375 1979 sospes
402 1882 592 1980 acciperet,
620 1907 658 1955 se
684 1883 885 1977 liberosque
913 1891 950 1953 et
974 1889 1119 1978 gentem
1146 1904 1248 1952 suam
1273 1877 1419 1950 dedidit
1601 1879 1602 1892 ¹

201 1990 221 2060 6
326 1989 472 2066 Nobiles
499 1993 545 2068 ad
562 1993 767 2067 venandum
794 2016 900 2064 canes
925 1991 962 2064 in
990 2016 1032 2065 ea
1057 1989 1202 2088 regione
1225 2001 1326 2064 sunt:
1351 1989 1538 2060 latratum

250 2102 429 2176 abstinere
465 2101 645 2196 dicuntur,
678 2129 758 2176 cum
784 2100 952 2175 viderunt
976 2103 1105 2191 feram,
1137 2101 1298 2174 leonibus
1332 2099 1491 2172 maxime

247 2214 375 2286 infesti.
428 2212 568 2287 Horum
593 2216 666 2288 vim
692 2225 734 2288 ut
760 2210 966 2286 ostenderet
991 2211 1215 2303 Alexandro,
1248 2213 1285 2285 in
1312 2219 1490 2307 conseptu
1508 2226 1538 2274 ³2

248 2325 389 2397 leonem
416 2325 565 2398 eximiae
591 2323 844 2424 magnitudinis
871 2323 974 2395 iussit
993 2323 1116 2414 emitti,
1143 2333 1179 2396 et
1193 2333 1364 2421 quattuor
1376 2321 1491 2393 omni·
1601 2399 1602 2414 ,

248 2459 295 2506 no
326 2433 510 2508 admoveri
534 2461 649 2525 canes,
677 2435 737 2533 qui
755 2431 915 2506 celeriter
938 2433 1051 2506 feram
1076 2443 1352 2532 occupaverunt.
1392 2430 1490 2504 Tum
1601 2431 1602 2484 ἒ

248 2568 295 2616 ex
321 2545 386 2636 his,
414 2546 473 2642 qui
500 2557 734 2622 assueverant
759 2544 889 2618 talibus
907 2544 1120 2635 ministeriis
1148 2569 1240 2616 unus
1268 2545 1364 2617 canis
1390 2542 1490 2616 leoni
1601 2561 1602 2564 ’

282 2755 356 2822 §.22
375 2756 550 2809 deseruissent
568 2756 666 2828 arbem]
684 2757 848 2811 Mssomnes
882 2773 895 2808 s
971 2795 977 2809 .
1011 2755 1074 2810 Non
1091 2753 1135 2808 ine
1154 2761 1182 2808 te
1196 2751 1315 2808 Freinsh.
1332 2760 1361 2806 et
1370 2751 1490 2818 Submis-
1601 2779 1602 2808 1

246 2819 283 2874 sic
300 2821 527 2902 exhibentem
548 2823 576 2877 in
593 2826 670 2880 editis
688 2843 720 2880 ne
737 2825 848 2879 interro-
883 2763 970 2877 ‹lelld
987 2841 1046 2879 cum
1076 2825 1103 2877 in
1129 2771 1202 2876 llos.
1228 2821 1332 2876 Heinsii
1358 2830 1386 2874 et
1412 2819 1489 2874 Leid.
1601 2831 1602 2890 l

246 2890 364 2958 gutirum
381 2891 532 2960 adiicietur,
562 2896 635 2964 quod
657 2896 750 2949 abesse
771 2909 848 2963 posse
882 2893 1022 2962 conseptul
1072 2889 1490 2961 tur,atqueidemfereDen.ex-

245 2967 358 3012 constat.
394 2959 513 3013 Tantum
530 2965 689 3017 occultarent
700 2979 756 3086 gro
774 2979 848 3014 occa-
882 2960 982 3028 hibent,
1001 2970 1031 3014 et
1067 2959 1344 3014 iodorusubieandem
1358 2975 1415 3012 rem
1426 2975 1490 3010 nar·

245 3027 326 3082 lerant
345 3029 444 3081 babent
461 3027 531 3082 Flor.
541 3029 593 3083 ΕΗ
611 3032 691 3085 Ber-n.
743 3034 847 3083 Voss.·2.
882 3041 925 3082 rut
942 3029 982 3082 his
1000 3029 1087 3083 verbis
1105 3036 1206 3081 utatur:
1229 3027 1372 3098 εἴςήγαγεν
1395 3027 1433 3080 εἷς
1460 3047 1490 3078 τι

274 3097 349 3162 §.td
368 3098 749 3169 insiqnescandoreetmayn.]
765 3097 849 3151 Recte
882 3103 1061 3177 ueplppuypa
1080 3095 1182 3150 λέοντα
1198 3093 1316 3158 τέλειον,
1335 3095 1398 3148 olim
1415 3093 1489 3164 apud
1601 3137 1602 3160 ,

244 3179 272 3216 se
290 3165 371 3217 habet
384 3164 502 3218 Freinsh.
516 3165 594 3221 lectio
631 3185 771 3239 numquam
788 3165 848 3218 libri
884 3165 1005 3219 curuum
1023 3165 1102 3218 fuisse
1119 3163 1288 3218 coniecerunt
1310 3164 1339 3216 ia
1356 3181 1417 3217 conr
1452 3172 1487 3230 to,
1601 3207 1602 3222 ,

243 3232 356 3287 variant.
373 3231 492 3285 Primum
507 3236 618 3304 insignis
650 3234 848 3288 lor.ABBern.
883 3233 938 3288 sive
965 3233 1044 3286 etiarn
1070 3236 1098 3286 ia
1124 3242 1257 3300 consque,
1284 3249 1345 3285 nam
1371 3247 1404 3284 ne
1440 3247 1489 3284 aec
1601 3235 1602 3238 ’

243 3298 353 3354 ALeid.
373 3300 449 3353 Voss.
463 3309 485 3365 l,
503 3300 582 3354 iidem
601 3315 624 3356 et
642 3305 779 3366 omittunt,
817 3319 847 3354 ro
903 3301 991 3355 uidem
1016 3302 1100 3359 sonna
1125 3299 1203 3354 analo
1225 3300 1230 3311 “
1282 3306 1362 3354 caret
1414 3297 1488 3352 Vide
1601 3305 1602 3316 ¹

244 3385 297 3436 quo
316 3367 344 3420 in
365 3366 425 3446 saliis
442 3367 512 3421 Flor.
532 3369 608 3448 nFG
639 3379 668 3424 et
690 3370 752 3424 edit
774 3319 848 3422 blbd.
883 3319 1006 3448 dobneid.
1024 3368 1114 3424 Gram.
1130 3375 1190 3448 ⁴⁸2
1204 3317 1352 3448 liboeum
1370 3367 1488 3438 seipsis-

244 3444 286 3488 est
303 3452 345 3501 uc,
363 3435 424 3488 rnC
462 3453 492 3488 ue
516 3437 690 3493 adrecticium.
725 3437 849 3508 Denique
883 3455 939 3491 sem
965 3455 992 3490 ιιι
1019 3445 1208 3492 commentario
1234 3452 1371 3490 omiseram
1396 3443 1488 3488 tamen

247 3505 331 3556 colore
350 3501 431 3555 Patr
475 3502 524 3556 lor.
534 3504 565 3557 F.
882 3506 911 3559 in
927 3503 1014 3575 priore
1031 3505 1094 3558 edit.
1112 3503 1174 3576 quia
1190 3503 1255 3557 nihil
1272 3503 1367 3558 diversi
1385 3503 1488 3558 eFlor.

279 3581 309 3624 ut
326 3586 416 3639 sospes
434 3574 575 3644 uccrpmt]
610 3573 722 3628 Nescire
739 3587 768 3626 se
786 3571 850 3626 dicit
884 3581 1038 3627 annotatum
1064 3581 1117 3638 est,
1149 3589 1220 3626 nunc
1245 3571 1308 3642 quie
1333 3573 1433 3626 doceor
1458 3570 1488 3624 in

243 3637 448 3705 Freinshemius,
484 3658 519 3694 uo
528 3641 661 3710 pertineat
670 3659 769 3711 sospes,
783 3639 849 3696 adeo
882 3641 963 3696 Bern.
980 3643 1007 3694 A
1023 3659 1064 3712 pr.
1088 3661 1122 3694 m.
1144 3657 1201 3694 esse
1224 3651 1389 3709 coruepectu,
1410 3647 1438 3692 et
1459 3657 1488 3693 se

241 3708 354 3776 sospites
371 3706 396 3759 lc
417 3707 423 3718 “
441 3658 509 3778 vlle,
527 3710 752 3782 adstipulantibus
765 3709 848 3762 Hein-
882 3710 911 3764 in
927 3727 1030 3778 rasura,
1053 3707 1231 3781 recipiendum
1251 3707 1356 3762 ridetur
1378 3711 1405 3762 in
1427 3725 1488 3762 coa·

241 3773 281 3828 sio
304 3783 331 3828 et
356 3725 479 3830 Ccdlrio.
514 3779 554 3832 At
575 3780 692 3859 pertinet
715 3780 749 3832 ad
772 3777 849 3856 solla:
882 3789 963 3848 septu.
1192 3819 1195 3826 »
1365 3843 1371 3857 .

242 3860 303 3896 mne
332 3844 419 3897 bonae
443 3845 602 3902 valetudinis
632 3856 737 3914 votum,
774 3864 849 3916 quasi
912 3847 1003 3916 feram
1021 3857 1223 3916 occupauerunt,
1246 3845 1298 3898 boe
1315 3845 1407 3910 ordine
1424 3861 1487 3898 mss.

241 3911 342 3964 diceret
362 3913 435 3981 quod
459 3913 523 3968 felix
544 3915 715 3997 faustumque
732 3913 782 3969 tibi
806 3913 849 3968 sit.
882 3915 981 3969 nostri:
1003 3932 1064 3968 nam
1086 3915 1157 3984 quod
1183 3931 1217 3968 ex
1234 3911 1309 3967 Leid.
1328 3915 1403 3966 Voss.
1427 3920 1486 3965 Η

241 3979 286 4033 Sic
309 3979 397 4032 Plaut.
417 3979 478 4034 Cas.
496 3990 522 4049 4,
541 3991 573 4037 41
600 3986 703 4038 Scaeam
730 3993 850 4054 superat·
883 3983 969 4054 Bong.
987 3990 1097 4038 notatur
1110 3999 1273 4052 occupauere,
1290 3981 1414 4052 equidem
1431 3998 1488 4034 non

242 4051 301 4102 tolle
319 4050 409 4116 limen,
428 4066 494 4104 aava
513 4062 610 4121 nepte:
632 4069 723 4121 sospes
741 4054 791 4106 iter
808 4052 849 4104 in·
883 4051 996 4122 reperio.

240 4118 297 4185 cipe
314 4118 369 4169 loc.
918 4129 971 4173 trun
988 4137 1020 4173 ee
1037 4122 1077 4174 lu's
1093 4150 1128 4160 —
1145 4137 1213 4172 unus
1230 4119 1305 4172 cunis
1321 4121 1383 4238 cetg
1401 4113 1486 4171 coda

276 4184 343 4254 Cap.
366 4190 397 4250 6,
423 4189 446 4250 5.
464 4191 505 4239 tl.
541 4205 598 4241 cum
615 4189 736 4242 viderunt
745 4190 848 4258 ferum]
883 4187 1069 4242 renuntiator
1086 4197 1148 4254 tum,
1167 4197 1235 4254 tuac,
1250 4205 1315 4252 cum,
1334 4203 1362 4240 se
1394 4183 1489 4240 otimi

239 4251 331 4322 Vulgo
357 4253 465 4320 videre,
496 4271 557 4308 mss.
592 4258 702 4310 videdat
729 4259 806 4309 Voss.
833 4262 848 4309 2
883 4263 975 4310 temen
993 4267 1054 4322 tum,
1072 4254 1178 4309 Floret
1194 4254 1386 4308 Leid.Voss.1
1406 4203 1486 4307 dem.
1601 4257 1602 4268 ¹

239 4319 362 4375 Bemss
387 4319 459 4398 Flos
483 4321 591 4392 DFGI,
614 4323 696 4379 ceteri
709 4327 849 4391 uiderunt,
885 4324 910 4376 Α
927 4341 976 4380 nec
992 4323 1104 4378 multum
1127 4322 1183 4377 abit
1200 4323 1272 4376 Flor.
1289 4321 1313 4375 B
1331 4321 1359 4376 in
1378 4340 1430 4392 quo
1447 4329 1487 4375 est

240 4407 306 4460 quos
324 4394 410 4442 secuti
431 4407 527 4444 sumus.
885 4401 977 4446 tamen.
1016 4391 1084 4446 Mihi
1107 4391 1213 4462 quidem
1235 4401 1288 4444 tum
1314 4390 1487 4444 assemanum

273 4465 295 4529 ξ.
312 4463 354 4512 32.
390 4457 417 4509 ia
446 4462 579 4530 conseptu]
621 4459 713 4532 Vulgo
735 4463 763 4515 in
791 4477 851 4516 con·
884 4460 1002 4529 ridetur,
1029 4478 1090 4515 nam
1116 4477 1174 4514 cum
1194 4491 1229 4504 ··-
1250 4461 1333 4529 coepit
1360 4457 1487 4531 explicari
