3268 5286
567 352 614 404 on
640 351 767 406 cssms
792 350 902 404 snex.
928 352 992 422 vn,
1020 350 1043 398 1.
1336 331 1408 405 289

180 533 238 599 (40)
260 528 366 586 Relicto
391 527 527 601 praesidio
553 529 651 586 Bactra
676 531 761 602 redit,
787 534 945 605 (inepisote
966 535 1047 588 bieme
1068 535 1134 588 anni
1154 549 1172 586 a
1192 531 1255 586 Olor.
1277 541 1330 586 ont.
1353 539 1412 588 329.

179 609 318 679 exeuntia)
336 622 386 661 neo
402 623 467 660 vero
486 605 530 660 diu
548 605 586 660 ibi
603 609 732 678 constitit,
751 611 800 663 sed
817 612 1003 682 supplemento
1016 609 1128 664 militum
1137 617 1235 678 auctus,
1255 608 1317 663 Oxo
1327 609 1415 662 denuo

179 694 303 758 snperato
313 683 587 752 amadrcumfcrens,
606 687 1054 759 quaecunquedefectioneturbata
1070 697 1152 754 erant,
1170 685 1315 757 componit,
1333 693 1416 739 novas

179 762 260 816 etiam
276 779 324 816 rex
341 762 421 815 urbes
438 760 530 816 condit
546 761 616 816 circa
632 763 806 836 Marganiam.
842 767 901 836 (41)
919 763 1063 836 Supererat
1079 773 1165 836 petra,
1184 781 1263 836 quam
1279 753 1432 816 Arimazes

180 837 328 909 Sogdianus
346 838 495 907 obtinebat,
513 837 584 910 regis
601 839 685 894 minas
703 842 819 896 eludens.
846 842 940 915 Itaque
949 841 1102 896 Alexander
1111 847 1162 896 300
1171 840 1279 894 iuvenes
1298 838 1416 892 delectos

178 915 298 970 maximis
321 915 456 986 promissis
478 923 602 970 oneratos
619 915 647 969 in
673 935 801 970 summum
821 917 919 972 montis
937 917 1064 973 verticem
1081 935 1175 973 averso
1192 916 1286 970 itinere
1303 917 1417 970 evadere

177 991 259 1046 iubet
295 995 353 1060 (42)
377 992 429 1058 Qui
447 1009 498 1064 per
514 1008 610 1062 aspera
627 1000 655 1046 et
672 993 785 1064 abrupta
802 993 869 1060 enisi
885 996 995 1050 tandem
1012 1011 1044 1048 eo
1062 994 1232 1066 perveniunt,
1251 994 1416 1065 signumque,
1506 1052 1508 1058 ¹

178 1069 213 1122 de
230 1087 284 1140 quo
301 1078 474 1138 convenerat,
498 1070 588 1124 edunt.
625 1075 682 1138 (43)
706 1069 766 1135 Quo
784 1078 933 1126 monstrato
951 1071 1085 1127 Arimazes
1106 1071 1261 1144 perterritus
1283 1069 1340 1142 regi
1358 1086 1416 1124 sese

179 1145 263 1214 dedit,
282 1147 329 1200 sed
346 1145 487 1218 superbiae
504 1164 583 1202 causa
599 1145 728 1220 supplicio
746 1145 866 1202 afficitur.

144 1505 158 1552 1
280 1425 477 1558 Philotan
504 1484 596 1560 sicut
621 1485 824 1561 recentibus
852 1486 994 1561 sceleris
1030 1487 1105 1561 eius
1144 1487 1303 1585 vestigiis
1337 1487 1413 1564 iure
1443 1491 1462 1562 1
1493 1501 1497 1510 '

177 1597 346 1670 affectum
372 1595 545 1694 supplicio
565 1607 778 1672 censuerant
790 1598 930 1692 milites,
956 1600 1017 1690 ita,
1044 1609 1235 1696 postquam
1262 1597 1418 1673 desierat

143 1726 258 1783 aesse
284 1731 390 1808 quem
416 1707 587 1799 odissent,
613 1707 1089 1784 invidiainmisericordiam
1101 1710 1219 1783 vertit.
1253 1707 1419 1786 Moverat

179 1830 216 1893 et
250 1821 391 1894 claritas
424 1819 581 1912 iuvenis,
617 1830 654 1894 et
684 1820 796 1918 patris
832 1821 908 1894 eius
944 1831 1109 1894 senectus
1137 1829 1244 1916 atque
1271 1823 1416 1894 orbitas.

143 1928 319 2005 aPrimus
358 1931 484 2006 Asiam
523 1941 713 2029 aperuerat
751 1932 827 2030 regi
867 1932 1025 2005 omnium
1064 1931 1299 2031 periculorum
1341 1935 1417 2006 eius

179 2041 376 2141 particepS,
412 2068 553 2142 semper
584 2043 735 2116 alterum
767 2042 804 2113 in
831 2042 906 2116 acie
932 2067 1044 2116 cornu
1078 2040 1302 2134 defenderat,
1336 2041 1417 2116 Phi-

179 2153 277 2251 lippo
312 2179 453 2252 quoque
488 2165 571 2228 ante
599 2178 723 2228 omnes
750 2154 899 2246 amicus,
935 2163 972 2226 et
1002 2153 1071 2251 ipsi
1095 2152 1305 2227 Alexandro
1340 2163 1417 2227 tam

177 2263 287 2356 fidus,
326 2276 368 2340 ut
406 2264 590 2348 occidendi
614 2265 779 2370 Attalum
812 2290 885 2338 non
919 2263 988 2337 alio
1015 2265 1178 2338 ministro
1205 2266 1258 2337 uti
1284 2265 1416 2338 mallet.

143 2371 317 2450 allorum
356 2377 525 2476 cogitatio
564 2377 708 2451 subibat
747 2377 962 2467 exercitum,
1008 2376 1268 2474 seditiosaeque
1308 2400 1417 2449 voces
1536 2379 1540 2392 “

179 2489 426 2564 referebantur
452 2487 499 2562 ad
524 2513 655 2588 regem.
691 2483 778 2589 Quis
794 2487 851 2562 ille
865 2485 963 2562 haud
990 2512 1076 2562 sane
1102 2497 1232 2578 motus,
1260 2485 1417 2583 satisque

179 2599 348 2696 prudens,
375 2601 438 2674 otii
451 2599 539 2673 vitia
557 2600 702 2699 negotio
721 2598 860 2692 discuti,
888 2598 1003 2691 edicit,
1032 2609 1072 2672 ut
1098 2623 1222 2673 omnes
1248 2597 1285 2669 in
1313 2595 1418 2671 vesti·

145 2709 265 2785 obulo
290 2712 410 2811 regiae
437 2721 581 2809 praesto
608 2711 689 2784 sint.
730 2707 829 2798 Quos
842 2710 904 2784 ubi
929 2711 1134 2806 frequentes
1149 2710 1275 2786 adesse
1289 2733 1417 2807 cogno·

178 2821 251 2913 vit,
290 2823 327 2896 in
365 2823 568 2896 contionem
605 2821 788 2921 processit
841 2819 950 2895 Haud
990 2820 1097 2895 dubie
1137 2848 1184 2896 ex
1218 2819 1416 2917 composito

177 2929 366 3008 Atharrias
399 2935 582 3034 postulare
614 2933 747 3031 coepit,
786 2942 829 3006 ut
863 2929 1059 3029 Lyncestes
1091 2929 1314 3022 Alexander,
1355 2929 1415 3027 qui

178 3043 292 3117 multo
318 3057 401 3120 ante
416 3069 524 3144 quam
535 3042 698 3118 Philotas
724 3067 847 3142 regem
873 3043 1048 3118 voluisset
1073 3041 1245 3134 occidere,
1272 3041 1416 3114 exhibe·

145 3163 287 3228 cretur.
338 3157 374 3231 A
399 3155 541 3231 duobus
566 3154 758 3248 indicibus,
793 3155 886 3229 sicut
920 3152 1229 3254 supradiximus,
1265 3151 1416 3244 delatus,

211 3432 388 3489 Liber-mr.
424 3434 489 3506 Cap
508 3441 533 3504 1,
547 3439 578 3558 ὦ
597 3442 621 3490 1.
655 3434 782 3492 Philoton
850 3439 918 3504 §.a
953 3429 1417 3499 Athamas.Videndv,7.Vul-

179 3500 281 3557 Graeca
301 3503 486 3560 terminatione
513 3505 572 3558 da'
597 3505 781 3560 accedentibus
815 3504 939 3574 gatumA
958 3506 1051 3558 terias
1064 3500 1292 3569 estinFlor.AB,
1311 3503 1418 3570 Aptar-

178 3571 231 3623 b.l.
248 3571 335 3652 tribus
351 3572 423 3628 Flor.
432 3571 506 3627 ABG
522 3573 557 3626 ad
573 3581 691 3628 veterem
699 3574 780 3628 Bern.
814 3575 872 3626 rias
890 3572 918 3627 in
935 3521 1008 3626 llor.
1025 3569 1066 3640 D,
1094 3572 1224 3652 Asopius
1248 3569 1276 3623 in
1294 3569 1372 3624 Voss.
1390 3575 1416 3649 J,

133 3657 137 3666 ·
178 3639 206 3692 A
221 3648 412 3694 auctoretatem.
447 3641 518 3695 Tum
534 3643 636 3696 invidie
653 3673 688 3684 —
704 3644 780 3696 vertit
814 3659 831 3694 a
855 3643 945 3694 anisa
971 3641 1051 3694 Bessa
1073 3641 1099 3693 A
1125 3639 1209 3708 Lerd,
1232 3641 1362 3708 aphoreua
1389 3653 1417 3690 ιιι

178 3705 293 3777 primm
316 3707 437 3778 Modius,
464 3709 559 3764 deinde
584 3709 780 3765 Freinshemius
847 3727 885 3764 or.
902 3709 970 3777 ΕΗ,
987 3712 1105 3778 <fiarent
1122 3707 1245 3762 BermB
1278 3707 1416 3777 upbarrios

177 3775 357 3900 pcepppuorrant}
380 3778 559 3901 ιιιιιῖιωιιιιὶίξιέο
572 3785 630 3902 tppp
657 3780 780 3902 sdes-atzar
812 3777 885 3900 {pon
904 3777 961 3900 gl,
996 3777 1122 3846 optarius
1148 3775 1220 3830 Flor.
1242 3745 1274 3844 Il,
1300 3777 1416 3830 udarrus

288 3883 294 3896 ·
654 3865 726 3902 vane
846 3864 885 3901 or.
928 3885 935 3899 .

176 3912 224 3966 aad
256 3861 419 3995 integfidiii
440 3915 500 3970 libri
532 3923 642 3972 tuentur
666 3887 779 3972 activani
1080 3975 1083 3984 λ

176 3967 289 4035 solmam
305 3981 400 4054 irquos
409 3983 489 4038 Smk.
502 3985 613 4040 eonbrlit
630 3993 658 4038 et
675 3993 779 4040 nostro-
848 3985 913 4062 §.a
947 3982 1015 4036 sinc
1032 3983 1258 4064 supradiximus]
1288 3978 1416 4061 lntellige

175 4067 234 4104 rum
250 4049 331 4105 Bern
349 4059 411 4106 uter
430 4069 464 4106 ue
480 4051 551 4106 Flor.
568 4053 687 4120 ABEH,
712 4054 779 4107 invi-
813 4050 841 4104 in
866 4049 933 4105 libro
959 4051 1074 4106 amando
1099 4052 1176 4104 huius
1204 4051 1343 4116 hustonae,
1389 4063 1417 4099 us
1526 4110 1528 4118 y

176 4119 248 4172 dium
270 4129 371 4174 oenum
397 4069 470 4175 aloc.
488 4119 525 4190 C,
552 4123 681 4176 invidiam
704 4123 779 4175 verat
812 4118 899 4200 periit.
925 4118 1032 4200 Aepidit
1048 4120 1118 4200 enim
1127 4136 1179 4186 res,
1197 4135 1257 4172 cum
1265 4065 1417 4196 Alexander

174 4183 248 4241 Flor.
266 4187 295 4242 Η
311 4188 393 4242 Barn
410 4189 445 4243 B.
812 4205 841 4242 ιιι
858 4206 911 4243 ons
928 4188 1008 4242 Asiae
1024 4205 1131 4243 mmons
1148 4188 1311 4242 versabatur.
1345 4181 1416 4237 Vide

210 4259 234 4320 3.
252 4259 277 4308 4,
316 4267 427 4326 praesto
455 4259 515 4311 siat
550 4257 641 4330 Vulgo
668 4267 779 4328 praesto
814 4256 956 4310 Arrianum
967 4271 988 4324 1,
998 4262 1041 4337 ab,
1061 4255 1304 4337 Diodor.xvm‚82.
1321 4257 1417 4331 Itaque

175 4325 298 4392 offerent,
315 4325 411 4380 mirum
421 4327 619 4395 undeduetum,
634 4325 780 4382 namcodd.
813 4324 893 4446 paulo
910 4324 970 4395 plus
991 4325 1136 4380 triennium
1156 4325 1273 4392 efflauit,
1297 4337 1416 4394 quamvis

176 4391 260 4446 nonni
277 4393 384 4465 quidem
400 4401 428 4449 et
442 4393 523 4450 Snaln
541 4411 632 4450 omnes
648 4402 681 4450 ut
697 4393 780 4449 edidi-
814 4411 848 4514 be
864 4394 1003 4514 eademdrie
1018 4392 1137 4516 tloquens
1159 4393 1215 4466 ipse
1231 4409 1281 4448 rex
1297 4404 1364 4458 vm,
1381 4394 1415 4442 26

176 4474 242 4514 mus.
831 4479 946 4516 senorum
989 4477 1019 4517 ca

1099 4552 1206 4603 ,19
