3158 5294
506 377 555 428 nn
582 377 709 430 essms
735 378 844 429 snex.
871 379 922 447 m,
942 376 985 427 24.
1280 360 1352 432 459

119 558 266 658 Iamque
296 560 452 636 confusis
485 562 632 636 vocibus
663 561 790 636 flentes
822 585 904 635 eum
930 563 1098 653 orabant,
1138 573 1179 636 nt
1209 559 1356 634 tandem

120 673 319 746 exsatiatas
356 670 454 746 laudi
490 671 638 746 modum
674 673 823 764 faceret,
858 699 900 746 ec
941 674 1047 747 saluti
1085 698 1187 766 suae,
1226 671 1264 744 id
1302 683 1358 746 est

119 783 298 880 publicae,
330 791 502 881 parceret.

66 912 99 960 10
224 891 336 970 Grata
355 904 433 966 eret
454 895 530 993 regi
551 895 664 992 pietas
685 895 888 970 amicorum.
933 894 1059 993 Itaque
1081 897 1239 994 singulos
1257 896 1404 968 farri-25

68 1026 99 1072 rr
119 1005 240 1078 linrius
267 1005 453 1102 amplexus
480 1004 665 1102 considere
691 1006 799 1086 iubet
851 1007 1041 1104 Altiusque
1068 1030 1231 1081 sermone
1256 1030 1355 1103 repe·
1384 1075 1391 1094 ,

119 1117 206 1207 tito,
247 1114 348 1191 Voltis
380 1116 529 1215 quidem,
569 1117 698 1213 inquit,
741 1142 760 1191 e
784 1116 952 1214 fidissimi
981 1118 1196 1217 piissimique
1232 1117 1355 1191 civium

118 1239 215 1326 atque
241 1228 439 1318 amicornm,
468 1239 581 1328 pratee
611 1253 675 1327 apo
705 1229 882 1326 habeoque,
920 1253 988 1302 nan
1017 1229 1125 1302 solum
1151 1253 1187 1303 eo
1213 1229 1354 1319 nomine,

118 1337 209 1436 quod
232 1337 328 1412 lodie
351 1338 490 1413 salutem
515 1363 624 1412 ream
648 1352 774 1414 vestrae
795 1340 1013 1438 praepandit,
1039 1339 1099 1414 sed
1124 1341 1214 1440 qnod
1238 1365 1260 1412 a
1280 1340 1354 1436 pri-

110 1447 259 1522 mordiis
283 1449 357 1523 belli
380 1449 509 1524 ondam
539 1475 619 1550 erpo
637 1476 701 1524 ‘rne
730 1449 961 1539 benipalentiae
986 1451 1115 1551 piperis
1147 1463 1244 1550 atque
1269 1449 1355 1523 indi·

118 1559 206 1632 cium
231 1560 401 1652 immistis,
435 1562 518 1636 adeo
543 1575 580 1635 rit
610 1561 826 1659 corfiteodum
856 1561 914 1653 rit,
948 1588 1121 1662 nunqnam
1145 1561 1229 1634 milii
1251 1562 1354 1636 vitam

117 1695 227 1744 meare
247 1671 361 1772 fiiisse
386 1685 453 1746 tam
479 1697 609 1765 caram,
642 1699 743 1774 quam
768 1696 838 1746 esse
863 1674 981 1771 caepi,
1018 1685 1055 1746 nt
1077 1673 1168 1746 vobis
1194 1671 1254 1745 dia
1274 1673 1355 1772 frui

66 1801 100 1849 18
111 1783 253 1881 possim.
308 1779 461 1858 Ceteram
485 1809 551 1859 non
576 1786 693 1860 eadem
718 1797 765 1858 est
790 1782 938 1880 capitatio
964 1808 1092 1873 corani,
1125 1782 1185 1881 qui
1207 1807 1275 1880 pro
1301 1807 1353 1856 me

94 1893 205 1968 'meri
229 1907 349 1992 optant,
375 1907 524 1968 storea:
562 1899 621 1994 qai
653 1895 786 1994 quidem
816 1893 901 1966 lanc
932 1891 1180 1968 benivolentiam
1212 1905 1355 1966 aceram

116 2004 234 2078 virtute
260 2006 419 2079 seruisse
443 2031 496 2078 me
522 2004 642 2078 iudico.
704 2003 885 2079 Veserim
919 2005 1114 2078 diuturnam
1135 2005 1289 2102 firoetnm
1314 2028 1355 2076 er

8 2169 9 2182 .
117 2137 178 2204 me,
203 2113 353 2214 forsitan
378 2115 476 2190 etiarn
497 2126 706 2213 perperaum,
731 2113 906 2213 percipere
932 2114 1091 2215 cupiatis:
1128 2137 1186 2212 epa
1212 2138 1264 2186 me
1289 2140 1353 2188 rre-

8 2275 9 2320 ,
68 2224 181 2298 mlier
214 2247 282 2297 nen
315 2226 430 2300 aare
463 2225 589 2326 spatio,
627 2225 688 2300 sed
716 2225 854 2324 pieriae.
911 2225 1025 2301 Iricriit
1051 2225 1204 2322 paternis
1238 2226 1354 2323 opibus
1410 2325 1412 2330 Ι

118 2345 261 2408 ametro
292 2335 381 2434 intra
411 2335 629 2412 Macedoniae
665 2336 819 2412 terminos
850 2361 917 2435 per
948 2338 1049 2411 otiam
1080 2334 1227 2437 corporis
1258 2362 1353 2436 eape-

8 2607 9 2620 ,
152 2554 175 2619 ξ.
188 2555 227 2604 15.
261 2553 406 2608 exsatiatae
424 2554 508 2622 lauda]
539 2551 623 2607 Medii
637 2567 717 2606 mem-
751 2552 819 2607 sicut
844 2553 944 2625 primus
969 2553 1054 2608 edidit
1079 2553 1178 2608 Iunius.
1224 2553 1277 2615 Sed
1303 2555 1354 2608 hoc

8 2673 9 2682 ,
116 2619 214 2674 branae
232 2617 437 2742 sigebergenses
455 2639 486 2675 ea
503 2625 632 2684 sanitate,
655 2620 717 2674 item
733 2613 857 2701 'quidem
879 2623 986 2678 videtur
1011 2637 1116 2676 necesse
1142 2637 1212 2689 esse,
1239 2631 1267 2676 et
1283 2621 1352 2676 veri-

8 2691 9 2754 ]
116 2686 202 2740 nost-ri
218 2685 335 2743 rnen
386 2730 392 2752 ,
421 2700 444 2743 et
462 2707 493 2744 er
510 2693 628 2744 solidate
645 2687 717 2742 Flor.
751 2688 835 2742 simile
857 2689 902 2756 fii,
934 2708 993 2746 cum
1019 2699 1108 2758 optant
1133 2691 1290 2760 praecedat,
1317 2693 1352 2744 ob

116 2755 164 2808 Er
190 2755 312 2810 Bern.B
335 2757 429 2826 quibus
451 2757 555 2811 secedit
582 2756 670 2810 Pell
694 2765 717 2808 et
750 2756 819 2810 illius
845 2757 921 2810 verbi
938 2767 1083 2810 extremam
1104 2756 1221 2810 litteram
1242 2773 1352 2828 sequen·

8 2861 9 2864 *
117 2825 260 2890 cruciclata,
279 2827 432 2878 ersacietate
449 2825 520 2880 Flor.
540 2827 576 2888 Α,
599 2836 623 2878 et
640 2826 717 2876 sarie·
751 2831 805 2876 tem
819 2825 1034 2879 coniunctionem
1048 2824 1183 2878 excidisse.
1218 2824 1273 2877 Sed
1282 2827 1353 2896 quod

116 2893 164 2944 tati
187 2893 275 2946 landis
297 2893 375 2946 Voss.
390 2899 414 2946 2.
448 2893 491 2948 Es
512 2893 600 2946 omnis
622 2889 718 2944 vitiose
752 2891 872 2961 sequitur
890 2903 913 2946 et
931 2895 1045 2962 quiden,
1068 2908 1101 2945 eo
1124 2891 1229 2946 videtur
1246 2893 1351 2960 ducere,

117 2967 187 3014 sunt.
221 2961 312 3014 Laudi
333 2962 443 3014 modurn
463 2961 550 3014 fecere
572 2966 648 3030 petet
666 2957 717 3012 diei
751 2967 782 3012 ut
799 2961 916 3030 equidem
933 2959 1097 3013 scribendum
1120 2977 1241 3026 censeas,
1268 2978 1351 3030 quon·

116 3046 164 3098 pro
181 3026 266 3082 laudis
283 3027 437 3098 cupiditati,
460 3045 529 3100 quse
551 3029 649 3082 dudum
671 3045 717 3080 ex-
750 3027 803 3079 ism
820 3043 852 3079 ee
873 3027 929 3081 fere
951 3027 1053 3081 ratione
1073 3027 1131 3080 fleri
1149 3029 1216 3081 solet
1233 3027 1260 3081 in
1278 3036 1352 3081 vete·

116 3095 198 3216 ffiem,
216 3096 353 3178 exestiete,
372 3113 428 3150 esse
445 3098 563 3150 debebat
575 3096 717 3150 secundum
750 3094 822 3216 ribus
838 3093 928 3216 lippis.
942 3095 1022 3217 hipp
1045 3095 1350 3217 ⁸Pfflfffl2t.dl⁸⁰¹'l¹¹¹i¹¹v

147 3180 225 3311 {mppr
239 3181 403 3288 ‘'iiiiiilin
422 3251 450 3286 eo
467 3234 580 3301 nomine]
598 3231 717 3286 Primum
750 3181 945 3298 iiimiiorimi,
961 3179 1174 3286 isoeiisieilieii
1188 3181 1350 3300 liliixrinprlliis,

118 3298 183 3352 editi
203 3301 279 3370 (ente
301 3301 376 3372 Ald.)
403 3309 431 3356 et
456 3319 516 3356 mss.
544 3317 634 3354 omnes
662 3318 717 3356 meo
751 3317 806 3353 non
823 3300 920 3372 exponi
936 3299 985 3353 nisi
1002 3299 1064 3353 inde
1081 3301 1256 3372 obsequente
1273 3302 1350 3367 enim,

8 3365 9 3392 ³
118 3369 233 3435 nomine,
259 3370 331 3439 quod
348 3370 441 3424 falsum
458 3385 515 3424 esse
536 3378 565 3422 et
585 3367 718 3440 applicata
751 3376 779 3422 et
848 3385 876 3422 se
896 3377 977 3449 etque
998 3369 1065 3422 adeo
1088 3369 1186 3421 debere
1207 3368 1242 3421 sd
1262 3367 1350 3438 expli-

118 3444 236 3489 extrema
247 3436 344 3507 prioris
353 3437 423 3492 vocis
436 3437 513 3492 litere
526 3445 623 3505 ortum,
640 3437 717 3492 facile
751 3454 798 3490 een
818 3455 860 3490 em
881 3454 951 3507 regn
974 3437 1119 3491 orationem
1140 3445 1228 3490 totum
1254 3437 1305 3490 hoe
1327 3447 1351 3490 et

8 3501 9 3532 ³
118 3502 283 3573 intelligitur.
318 3505 418 3560 Similia
434 3505 495 3560 ride
512 3505 540 3559 in
554 3505 644 3560 Indice
662 3524 716 3560 sv.
750 3508 851 3575 quidem
868 3508 936 3559 hane
953 3507 1145 3560 benimlentiam
1166 3516 1277 3558 vestram
1299 3507 1350 3558 oir-

116 3569 242 3624 Litterse.
751 3585 802 3630 tute
816 3575 940 3627 remisse
952 3591 990 3626 me
1004 3575 1091 3627 indico
1104 3572 1267 3626 interiectum
1276 3573 1350 3643 qussi

151 3641 222 3692 vobis
233 3640 308 3710 frui]
351 3643 401 3694 Vos
424 3641 507 3695 edidit
524 3641 643 3708 Modius,
669 3641 716 3694 sed
749 3659 798 3712 per
815 3641 992 3712 parenthesim
1008 3641 1108 3712 putari.
1130 3640 1224 3721 Itaque
1238 3649 1350 3694 utnunc

8 3713 9 3722 ¹
118 3722 183 3775 qnos
200 3706 303 3760 codices
322 3707 426 3774 landet,
448 3727 538 3762 eorum
555 3709 652 3763 similes
669 3727 715 3762 ex-
749 3725 791 3762 res
808 3718 858 3776 est,
876 3709 990 3774 Iunium,
1015 3709 1059 3779 qni
1078 3711 1124 3778 qni
1141 3711 1243 3777 pardem
1260 3725 1349 3762 emen-

8 3777 10 3808 l
116 3781 174 3826 tare
191 3792 244 3829 non
261 3775 442 3854 comperimus.
477 3775 574 3830 Sensus
595 3777 647 3830 loci
673 3776 715 3832 hic
749 3776 836 3841 davit,
861 3775 953 3830 sinon
971 3792 1047 3842 vere,
1069 3784 1098 3829 at
1115 3775 1290 3830 verisimiliter
1307 3785 1348 3830 ta·

116 3849 168 3896 est:
190 3842 246 3895 vite
266 3842 328 3895 mihi
351 3860 409 3896 mes
425 3861 478 3897 non
495 3861 637 3898 suscense
654 3861 715 3898 cars
748 3863 808 3898 men
822 3843 974 3897 emendasse
987 3861 1087 3898 censeo.
1123 3843 1247 3898 Cetemm
1262 3856 1347 3899 vestra

116 3916 164 3976 est,
190 3910 237 3964 sed
254 3918 375 3980 tempore
391 3911 448 3966 fleri
466 3911 568 3982 coepit,
594 3929 654 3966 cum
670 3929 715 3964 ve-
748 3930 797 3983 pro
817 3921 928 3964 vertram
944 3912 972 3964 in
989 3911 1106 3982 plurimis
1123 3929 1183 3966 mss.
1194 3920 1222 3965 et
1238 3911 1267 3965 in
1284 3913 1347 3966 edit.

8 3977 10 4010 ³
114 3985 198 4032 strum
215 3995 329 4032 amorem
346 3995 540 4050 cognoscerem,
558 3995 643 4051 eoque
657 3979 714 4034 diu·
748 3979 810 4034 olim
826 3978 959 4050 impressis
975 3979 1082 4050 legitur,
1099 3997 1192 4051 perum
1201 3997 1347 4035 accommo-

114 4045 166 4100 tius
183 4045 236 4100 frui
253 4046 355 4100 vellem.
749 4049 810 4101 date
828 4047 862 4100 sd
880 4047 983 4100 leudem
999 4047 1078 4118 regis.

8 4141 9 4144 =
148 4119 170 4182 §-
190 4121 231 4168 18.
266 4125 289 4168 et
312 4132 386 4168 mea:
411 4116 456 4185 qni
472 4116 590 4195 puidan]
625 4113 712 4169 Locus
776 4117 913 4236 percipere
930 4117 1051 4186 capiatis]
1083 4114 1128 4170 Sic
1145 4116 1346 4188 editnprinoeps

8 4193 10 4220 ¹
114 4181 225 4236 difficilis
242 4191 285 4238 est
301 4183 413 4237 neednm
430 4191 492 4238 satas
510 4181 574 4236 mihi
591 4183 712 4253 explora·
746 4191 775 4236 et
796 4185 844 4236 ood
865 4225 870 4235 .
893 4183 947 4236 sere
968 4201 1067 4251 omnes,
1093 4186 1186 4254 cupitis
1208 4186 1345 4254 percipere

8 4255 10 4282 ³
114 4257 162 4302 tus.
188 4251 253 4306 Mes.
267 4251 388 4374 pler-igue
405 4269 487 4304 meam
505 4263 528 4304 et
526 4253 649 4372 1¹'quidem
666 4268 712 4304 ex·
745 4255 846 4306 Voss.2
864 4251 935 4306 Flor.
952 4251 1009 4320 DI,
1031 4253 1101 4305 unde
1118 4251 1202 4306 Aldus
1226 4251 1344 4305 indiceti-

114 4316 214 4385 hrbent,
231 4319 327 4390 pauci(
353 4317 525 4374 sl.1Flor.E
548 4326 629 4386 qum
637 4319 711 4372 editt
745 4337 807 4372 vum
822 4319 851 4374 in
868 4328 974 4373 textum
992 4319 1097 4391 recepit.
1132 4319 1186 4374 Sed
1200 4320 1344 4374 coniuncti-

8 4445 11 4454 ,
115 4393 179 4448 vett.
197 4405 278 4440 neam
295 4392 407 4459 peridem,
424 4387 538 4442 Bern.B
557 4387 627 4441 Flor.
642 4387 711 4442 DllI
745 4406 807 4440 rum
828 4389 933 4442 modum
958 4407 1016 4444 eum
1038 4405 1087 4460 per
1107 4403 1135 4440 se
1156 4389 1225 4440 ferre
1247 4387 1342 4440 debes·

8 4465 10 4496 ³
114 4469 194 4506 meam
214 4458 352 4525 equidm,
372 4473 439 4509 unns
457 4457 533 4511 Voss.
552 4462 567 4510 2
592 4467 621 4510 et
643 4474 710 4525 mea,
744 4473 811 4524 mus,
828 4465 886 4510 tum
896 4457 1065 4512 commendet
1073 4453 1202 4528 particule
1216 4455 1341 4522 forsitan.
