3214 5288
245 393 313 443 XVI
754 391 971 443 PRAEFATIO.

245 575 370 672 reliqui
409 599 532 648 omnes
571 576 651 648 libri
689 572 884 648 deteriores
923 576 960 650 in
981 577 1072 678 libr.
1103 601 1144 651 1v
1179 604 1254 677 cap.
1283 582 1332 651 44
1365 587 1402 650 et
1429 581 1477 649 46

246 703 383 778 onerati
409 713 502 794 sunt,
528 729 675 801 prorsus
702 712 833 793 carent,
860 703 964 777 sicuti
988 730 1055 802 par
1081 717 1147 798 est,
1173 707 1248 782 Pal.
1279 709 1297 780 l
1326 705 1420 778 Flor.
1433 704 1478 796 D,
1511 715 1514 720 ’

245 831 376 934 partim
402 831 509 904 etiarn
533 829 562 902 F
563 832 626 904 lor.
653 828 748 922 FGI,
781 830 876 904 unde
900 857 974 905 non
1000 832 1090 906 levis
1117 835 1322 908 coniectura
1349 833 1394 907 de
1419 857 1494 931 ge-.

244 985 329 1032 nere
355 958 593 1055 interpolandi
620 958 701 1032 duci
726 970 856 1056 potest.
908 959 950 1033 In
976 959 1068 1033 Flor.
1097 959 1130 1037 G
1155 962 1365 1035 correctoris
1386 961 1479 1034 illius

245 1087 671 1184 ingenium'manilestius
698 1113 804 1183 quam
839 1088 876 1161 in
907 1089 1051 1186 reliquis
1077 1089 1176 1163 libris
1204 1091 1338 1163 elucet:
1377 1097 1480 1162 tanta

246 1214 404 1304 audacia,
432 1213 497 1287 sed
523 1240 630 1313 saepe
656 1215 763 1288 etiam
790 1214 1015 1308 dexteritate,
1042 1218 1128 1308 loci,
1156 1219 1216 1322 qui
1242 1228 1305 1291 aut
1330 1227 1480 1315 propter

245 1353 386 1416 veteres
412 1341 561 1416 mendas
588 1354 651 1416 aut
676 1353 823 1442 propter
854 1345 962 1416 aliam
993 1345 1219 1419 obscuritatis
1247 1371 1390 1418 oausam
1416 1345 1479 1416 mi·

245 1496 313 1543 nus
339 1470 440 1544 facile
465 1471 613 1568 intelligi
639 1483 797 1570 possent,
824 1471 904 1544 fulti
930 1483 967 1546 et
993 1474 1142 1547 correcti
1165 1485 1259 1564 sunt,
1287 1483 1328 1546 ut
1346 1498 1393 1545 ex
1410 1473 1479 1544 hoo

243 1598 321 1696 ipso
346 1598 438 1670 libro
465 1599 523 1670 vel
549 1599 619 1671 alio
646 1599 721 1672 eius
754 1599 858 1672 simili
892 1600 1084 1698 plurimum
1118 1602 1267 1698 vulgata
1292 1600 1478 1697 scriptura,

244 1726 398 1822 quaein
425 1724 639 1800 editionibus
666 1727 927 1818 circumfertur,
953 1727 1002 1800 ad
1026 1728 1246 1827 intelligendi
1271 1728 1478 1802 facultatem

244 1854 444 1951 profecerit.
495 1855 622 1927 Altera
648 1855 769 1929 classis
795 1855 967 1929 librorum
999 1856 1234 1946 deteriorum,
1270 1867 1308 1929 et
1333 1856 1390 1928 cui
1416 1854 1478 1926 mi·
1595 1885 1596 1912 r

243 1983 339 2055 nime
353 1981 454 2056 .fides
479 1982 647 2056 habenda
673 1995 744 2075 est,
778 1983 981 2059 Fbrentinis
1005 1985 1086 2058 ΕΗ
1102 1983 1271 2059 Barousai
1295 1986 1331 2058 B
1367 1983 1479 2059 Vossi-

245 2135 310 2184 ono
338 2111 358 2182 2
387 2111 634 2202 constituitur,
674 2137 756 2186 cum
788 2110 833 2184 ad
866 2113 1086 2208 generalem,
1126 2111 1172 2185 dc
1207 2137 1278 2208 qua
1311 2111 1478 2198 diximus,
1595 2155 1596 2194 1

243 2236 555 2335 interpolationem
580 2239 617 2310 in
644 2239 791 2337 singulis
824 2240 923 2312 libris
958 2241 1028 2313 alia
1062 2239 1282 2312 temeritatis
1307 2249 1344 2312 et
1368 2239 1477 2336 negli·
1595 2297 1596 2334 3

243 2365 386 2461 gantiae
411 2364 500 2438 vitia
525 2340 713 2456 accedant,
738 2367 791 2440 ita
816 2376 857 2439 ut
883 2368 944 2463 qui
968 2369 1006 2440 in
1031 2369 1097 2442 hos
1123 2368 1183 2441 vel
1209 2367 1339 2440 similes
1368 2366 1478 2439 libros

244 2490 434 2565 inciderint
460 2491 613 2567 editores
640 2494 677 2566 in
700 2494 908 2567 universum
923 2494 1077 2568 multum
1093 2506 1277 2594 praestare
1294 2495 1479 2591 vulgatam
1595 2527 1596 2553 r

243 2619 433 2693 lectionem
458 2621 560 2694 facile
592 2621 779 2695 senserint
830 2620 960 2694 Artam
990 2621 1162 2720 imprimis
1196 2623 1290 2695 inter
1323 2621 1416 2694 Flor.
1442 2619 1479 2694 H
1595 2643 1596 2646 ’

246 2758 283 2821 et
309 2746 415 2825 Bern.
441 2747 471 2820 B
504 2747 725 2823 intercedere
760 2750 1009 2847 cognationem
1044 2752 1294 2849 cognovimus,
1327 2748 1420 2823 Flor.
1447 2748 1479 2822 E

246 2900 318 2950 non
344 2900 426 2949 raro
452 2901 535 2950 cum
560 2877 765 2951 melioribus
791 2878 845 2952 sui
871 2879 1011 2976 generis
1038 2876 1247 2968 concordat,
1281 2875 1478 2950 Vossianus

247 3004 269 3075 2
297 3003 370 3078 suis
396 3004 491 3079 vitiis
525 3005 576 3079 ita
610 3004 789 3098 abundat,
824 3015 866 3078 ut
897 3005 960 3079 ubi
995 3006 1092 3084 solus
1127 3003 1277 3096 incedit,
1315 3015 1479 3102 repetere

246 3131 321 3204 eius
349 3132 560 3230 scripturam
586 3133 654 3206 nisi
680 3133 835 3232 exempli
859 3135 976 3232 gratia
1010 3135 1167 3208 animum
1196 3158 1269 3206 non
1301 3133 1479 3231 potuerim

244 3255 422 3331 inducere.
476 3257 702 3334 Florentinus
729 3261 881 3358 denique
909 3259 938 3335 Ο
964 3261 1135 3359 singulari
1160 3259 1315 3358 quadam
1339 3261 1480 3335 ratione

245 3383 339 3458 inter
365 3385 519 3483 optimos
546 3397 583 3460 et
610 3385 819 3462 deterrimos
845 3388 975 3480 libros,
1010 3390 1128 3463 neutri
1153 3389 1247 3488 parti
1272 3399 1481 3462 constanter

246 3509 428 3603 addictus,
468 3511 637 3604 fluctuat,
677 3524 714 3587 et
749 3498 827 3588 ciui
859 3516 1042 3590 librarium
1057 3526 1178 3616 patet
1212 3541 1259 3588 ex
1294 3516 1479 3613 utriusque

246 3638 367 3711 classis
394 3638 574 3714 codicibus
600 3651 735 3716 temere
761 3643 909 3741 elegisse
935 3669 1027 3742 quae
1053 3645 1245 3743 placerent.

350 3764 575 3842 Constituere
609 3780 751 3842 textum
786 3772 941 3845 maxime
975 3770 1163 3845 debuimus
1198 3767 1360 3842 codicum
1394 3797 1479 3847 mss.

246 3895 475 3986 auctoritate,
508 3894 571 3969 sed
598 3896 731 3994 aliquid
756 3898 803 3972 ad
829 3898 921 3972 hanc
946 3924 1022 3972 rern
1048 3897 1196 3974 subsidii
1223 3897 1330 3970 etiarn
1357 3897 1480 3974 editio-

245 4043 309 4092 nes
337 4023 432 4120 typis
459 4022 659 4121 descriptae
685 4027 892 4099 attulerunt.
945 4026 1147 4124 Principem
1172 4023 1365 4099 editionem
1398 4025 1481 4103 Vin-

176 4221 180 4228 ,
247 4138 351 4221 delini
375 4146 547 4246 Spirensb
575 4149 734 4226 Venetiis
764 4156 873 4244 1471,
900 4180 1007 4251 quum
1033 4179 1080 4227 ex
1106 4145 1321 4226 bibliotheca
1338 4155 1481 4252 publiea

248 4267 566 4376 Guelpherbytana
590 4291 718 4354 nactus
745 4305 842 4372 sum,
883 4281 1036 4379 cognovi
1070 4289 1099 4353 e'
1117 4277 1237 4353 codice
1264 4304 1328 4353 ms.
1356 4283 1481 4357 classis

247 4399 459 4476 deterrimae
485 4407 691 4505 simpliciter
724 4433 766 4480 ac
791 4406 944 4482 fideliter
976 4407 1122 4481 ductam
1148 4431 1235 4480 esse.
1287 4404 1362 4481 Nec
1387 4410 1483 4485 Bur·

246 4529 444 4604 tholomaeus
469 4531 604 4607 Merula
640 4559 721 4608 curn
748 4533 911 4609 Curtium
943 4534 1066 4608 ederet
1090 4531 1282 4608 Mediolani
1309 4563 1339 4608 a.
1370 4541 1481 4632 1491,
