3268 5286
569 347 618 397 nn
645 344 771 398 onsrrs
797 344 907 396 anax.
932 343 997 414 vn,
1024 339 1067 394 rs.
1260 328 1262 334 '
1361 320 1434 394 307

167 543 290 621 stem,
325 554 422 604 nunc
452 530 668 629 paucitatem
702 553 870 630 spernere
895 527 1077 627 incipiunt
1129 525 1326 624 Praecipue
1351 523 1443 624 Bes,

202 663 279 732 sus,
311 641 414 714 ferox
449 641 586 732 verbis,
612 654 651 717 et
674 653 778 742 parto
804 663 870 740 per
895 639 1011 714 scelus
1037 664 1149 738 regno
1176 638 1369 737 superbus,
1396 659 1437 710 ac

201 753 265 826 vix
290 763 419 851 potens
446 754 591 845 mentis,
628 753 745 828 dicere
772 751 925 842 ordiar,
960 749 1123 824 socordia
1148 749 1257 824 Darei
1283 749 1438 822 crevisse

168 863 360 938 thostium
392 866 534 938 famam.
588 861 794 940 Occurrisse
828 864 923 938 enim
948 863 986 936 in
1012 860 1154 936 Ciliciae
1179 861 1438 961 angustissimis

202 974 378 1069 faucibus,
412 1003 493 1052 cum
525 975 783 1050 retrocedendo
821 985 947 1074 posset
979 972 1175 1072 perducere
1205 973 1367 1046 mcautos
1402 972 1439 1046 in

203 1088 282 1160 loca
307 1099 457 1164 naturae
485 1089 556 1162 situ
581 1088 687 1178 invia,
701 1098 757 1162 tot
781 1087 986 1162 fluminibus
1014 1085 1171 1174 obiectis,
1185 1093 1241 1157 tot
1266 1083 1442 1158 montium
1532 1095 1536 1101 “

187 1197 364 1292 latebris,
398 1201 492 1276 inter
518 1224 607 1298 quas
634 1198 878 1298 deprehensus
904 1197 1037 1286 hostis,
1070 1221 1116 1269 ne
1148 1195 1252 1294 fugae
1288 1194 1441 1292 quidem,

169 1311 336 1385 tnedum
361 1310 550 1386 resistendi
577 1311 799 1386 occasionem
825 1310 933 1384 firerit
956 1308 1154 1382 habiturus.
1201 1303 1275 1380 Sibi
1300 1307 1441 1405 placere

204 1423 241 1496 in
260 1419 459 1522 Sogdianos
485 1420 661 1513 recedere,
677 1418 799 1496 Oxum
824 1447 966 1497 amnem
991 1421 1092 1496 velut
1116 1443 1259 1494 murum
1286 1418 1442 1493 obiectu·

203 1559 285 1608 rum
311 1534 416 1626 hosti,
431 1533 518 1608 dum
544 1559 591 1606 ex
616 1531 773 1606 finitimis
799 1532 965 1630 gentibus
992 1530 1115 1606 valida
1138 1531 1271 1605 auxilia
1297 1539 1451 1604 concur·'

171 1655 334 1718 arerent
399 1643 582 1719 Venturos
621 1653 742 1718 autern
775 1641 1001 1718 Chorasmios
1038 1654 1075 1716 et
1108 1639 1230 1716 Dahas
1263 1638 1442 1740 Sacasque

205 1767 241 1829 et
266 1753 376 1830 Indos
402 1765 439 1830 et
465 1756 560 1830 ultra
586 1753 735 1831 Tanaim
760 1781 902 1830 amnem
927 1755 1084 1828 colentes
1099 1749 1264 1851 Scythas,
1291 1779 1444 1852 quorum
1498 1845 1504 1854 .

204 1867 382 1945 neminem
417 1866 508 1941 adeo
534 1866 703 1940 humilem
731 1891 828 1957 esse,
863 1876 905 1939 ut
928 1865 1067 1940 humeri
1094 1864 1169 1938 eius
1195 1890 1269 1938 non
1294 1874 1445 1962 possent
1555 1915 1557 1918 ψ

172 1976 409 2052 tMacedonis
435 1978 555 2050 militis
581 1978 752 2052 verticem
779 2002 941 2076 aequare.
988 1975 1222 2052 Conclamant
1247 1975 1443 2067 temulenti,

207 2113 316 2162 unam
350 2089 443 2162 hanc
475 2090 690 2164 sententiam
722 2089 902 2164 salubrem
937 2113 1032 2162 esse:
1065 2097 1103 2162 et
1132 2085 1265 2161 Bessus
1299 2087 1444 2162 circum·

141 2230 146 2240 ¹
207 2201 291 2274 ferri
315 2225 454 2274 merum
479 2201 611 2300 largius
637 2201 746 2293 iubet,
773 2197 1016 2274 debellatmus
1043 2224 1152 2299 super
1177 2223 1337 2274 mensam
1363 2197 1445 2272 Ale·

208 2309 396 2384 nandium.

175 2445 190 2488 a
310 2420 400 2495 Erat
424 2424 461 2497 in
487 2447 531 2496 eo
557 2425 722 2498 convivio
749 2421 917 2516 Gobares,
942 2424 1088 2498 natione
1114 2421 1257 2515 Medus,
1284 2419 1349 2498 sed
1374 2424 1496 2496 malli

207 2533 308 2632 gicae
340 2534 426 2610 artis
461 2534 641 2635 (simodo
666 2561 724 2610 ars
753 2547 826 2626 est,
853 2562 926 2610 non
952 2535 1135 2616 vanissimi
1162 2536 1331 2635 cuiusque
1358 2533 1446 2610 ludi·

207 2645 340 2746 brium)
356 2681 360 2690 ·
375 2646 488 2745 magis
522 2647 758 2745 professione,
793 2673 902 2745 quam
942 2647 1089 2721 scientia
1123 2645 1278 2738 celeber,
1317 2646 1447 2744 alioqui

176 2755 416 2832 moderatus
444 2769 481 2832 et
505 2757 650 2857 probus.
702 2759 738 2834 Is
765 2784 846 2833 cum
871 2759 1053 2856 praefatus
1081 2768 1192 2849 esset,
1226 2759 1315 2832 scire
1342 2781 1448 2831 servo

209 2868 329 2943 utilius
357 2893 435 2945 esse
461 2895 587 2971 parere
614 2869 720 2962 dicto,
748 2895 855 2969 quam
881 2869 1009 2943 afferre
1036 2867 1232 2960 consilium,
1252 2894 1334 2944 cum
1358 2869 1448 2959 illos,

245 3103 311 3177 Cap.
331 3111 372 3175 15,
392 3109 415 3176 §.
433 3111 459 3162 2.
496 3123 616 3176 spernere
635 3104 812 3187 incipiant-
846 3105 919 3158 baad
935 3113 979 3158 tot.
1015 3101 1168 3158 Omisenrnt
1185 3105 1257 3158 invia
1279 3103 1350 3158 Flor.
1367 3101 1448 3157 ard.

210 3175 296 3229 dicere
314 3177 424 3229 orditur.
459 3171 576 3228 Restitui
593 3181 622 3228 et
639 3175 767 3244 incapiant
784 3180 813 3226 et
846 3171 919 3226 Edit
928 3190 968 3244 pr.
978 3182 1089 3226 naturae
1107 3173 1159 3228 sita
1177 3175 1249 3227 incia
1263 3182 1354 3227 outtat
1381 3171 1449 3226 Mer.

211 3247 321 3324 orditur,
341 3261 409 3315 quae
426 3241 637 3323 rerbaModius,
673 3259 813 3314 namquam
847 3251 962 3322 namma
985 3243 1037 3296 sita
1055 3244 1155 3296 munita
1181 3252 1233 3323 aut·
1255 3251 1298 3296 tot.
1332 3211 1451 3312 tlulgm

210 3313 365 3366 mommbus
383 3311 456 3366 libris
475 3311 640 3382 legebantur,
655 3261 813 3366 lausonam
847 3311 882 3364 ab
899 3309 999 3365 Aldmo
1024 3309 1126 3366 editore
1152 3319 1297 3366 consututa
1322 3317 1371 3365 est.
1408 3308 1450 3365 Ct'.

210 3380 244 3434 ob
263 3397 368 3436 causam
383 3380 468 3448 eiecit,
488 3381 558 3452 quod
566 3379 616 3434 sibi
625 3381 658 3434 ab
667 3381 814 3451 interprete
847 3392 888 3446 vr,
909 3385 950 3447 12,
971 3385 1011 3435 15.

209 3448 301 3502 addita
328 3449 489 3504 viderentur.
538 3448 668 3520 Imprimis
700 3448 813 3504 alterum
882 3451 906 3517 ξ.
925 3455 949 3503 d.
984 3451 1055 3504 altra
1076 3451 1188 3504 Tanaim
1214 3467 1315 3504 amana
1342 3450 1451 3502 colentes

209 3516 274 3570 illud
292 3517 339 3571 sibi
356 3517 496 3589 displicere
513 3518 663 3586 contendit,
691 3534 813 3590 armare
848 3517 967 3586 Scyllae.
1001 3517 1071 3572 Plin.
1089 3527 1143 3572 nat.
1161 3518 1221 3572 hist.
1240 3531 1280 3587 vr,
1301 3524 1332 3572 19
1349 3517 1452 3588 flamen
1562 3569 1571 3584 ,

209 3585 813 3709 tttttttnltttmtttttttt
847 3588 1001 3708 tttts'a
1018 3589 1452 3724 tilletsd‘ldbsr‘llaffl‘

212 3735 270 3790 cap.
288 3727 322 3774 20
349 3738 458 3788 corporo
482 3723 588 3788 deficare
609 3696 745 3794 adapertae
770 3739 813 3776 re-
847 3733 933 3776 taaera
958 3740 1021 3776 erae.
1056 3721 1093 3775 Η.
1121 3762 1128 3776 .
1154 3723 1260 3776 Tanain
1283 3722 1365 3776 Snak.
1388 3722 1451 3776 edit.

210 3787 352 3859 prehendit
369 3795 397 3840 et
416 3790 529 3856 defecere
546 3789 638 3844 edidit.
674 3792 714 3846 cf.
733 3791 813 3844 etiam
845 3799 875 3844 et
893 3790 974 3843 Ber-n.
992 3791 1026 3843 m

210 3857 244 3910 ed
262 3871 291 3924 V,
310 3861 359 3924 111,
378 3861 425 3935 8..
448 3855 562 3910 Ponitur
589 3857 670 3912 etiam
696 3861 751 3912 iaci
769 3876 812 3912 ere
882 3856 922 3910 Ca
972 3863 1019 3924 16,
1047 3861 1071 3924 3.
1099 3864 1123 3912 8.
1168 3861 1268 3940 alioqui
1295 3862 1453 3914 moderatas.

210 3926 385 3992 abundanter,
404 3932 472 3978 naut
489 3927 618 4006 coepisse:
636 3925 727 3980 (ticin
762 3943 813 3980 err.
847 3923 900 3978 Hic
935 3925 978 3978 edi
996 3928 1106 3997 alioqui,
1126 3927 1188 3998 quia
1206 3945 1242 3982 src
1260 3929 1337 3981 codd.
1347 3927 1453 3982 blond

210 4009 244 4063 11,
266 4001 311 4049 1⁷:
330 4009 444 4064 cepere
462 3994 583 4063 &acepit
603 4012 656 4063 eos,
675 4005 703 4048 at
721 3996 814 4050 obaen·
848 3993 963 4047 semu
980 3993 1055 4047 Laid.
1073 3995 1184 4051 Voss.C
1202 4005 1231 4050 et
1245 3997 1305 4050 edd·
1323 3997 1453 4050 Aldlnn.

211 4073 260 4118 tem
277 4064 432 4118 Heracliam
450 4063 625 4117 condonarent.
848 4058 982 4116 Modiana.
1019 4061 1145 4118 Ceterum
1162 4066 1241 4120 homo
1269 4064 1315 4146 qui
1332 4064 1453 4119 aCurtio

245 4135 268 4202 ξ.
287 4140 311 4187 4.
336 4141 449 4186 naturae
466 4131 519 4185 sita
537 4132 617 4186 invia.
636 4134 735 4185 Veram
758 4147 815 4185 csse
852 4131 966 4186 Colores
984 4131 1142 4204 appelletur,
1161 4135 1233 4205 apud
1243 4105 1395 4190 brodorum
1412 4139 1454 4186 eat

211 4201 279 4256 hauc
304 4199 446 4256 lectionari
469 4199 584 4271 probant
606 4199 727 4255 codicum
744 4201 814 4271 opti-
850 4200 1020 4270 Baaodoraa.

211 4287 315 4324 morum
331 4267 477 4324 variantes:
503 4267 578 4323 Loid.
596 4269 706 4324 Vosal
734 4269 815 4322 Bern.
884 4273 908 4336 ς.
928 4276 952 4324 9.
987 4287 1062 4323 amo
1080 4273 1171 4325 atilius
1188 4287 1252 4325 ease.
1280 4268 1375 4322 Adieoi
1392 4267 1456 4321 ulti·

211 4339 238 4390 A
254 4340 290 4392 ait
307 4347 352 4392 cat
374 4338 455 4391 inuia.
489 4336 562 4393 Flor.
579 4337 629 4392 AC
647 4349 745 4392 actura
763 4338 815 4392 sita
850 4355 919 4390 mam
936 4353 1028 4392 vocam
1041 4335 1457 4394 exsan.AF10r.ABcDFGI

213 4471 815 4532 ,n
1020 4406 1455 4480 r·

1243 4560 1295 4615 20·
