3254 5292
227 349 298 420 138
700 365 734 428 c.
761 364 885 416 curru
909 366 995 418 aust

222 550 305 651 parii
328 560 480 639 matam,
506 573 582 622 cnm
606 547 676 620 acie
702 547 874 620 deminae
895 547 1015 646 paret?
1048 549 1193 626 Hercula
1216 561 1327 624 comm
1352 573 1465 624 amam

223 659 377 758 iomhmt.
431 654 502 732 Sed
526 658 624 731 laius
650 657 780 732 caesidii
796 671 915 756 postea
941 683 1067 759 qaoque
1090 660 1176 734 rutro
1200 659 1378 734 reddatur:
1403 685 1462 758 aas

222 770 264 842 ite
290 769 338 842 ad
362 768 485 866 copias,
512 768 629 868 qatbm
655 769 792 869 quisque
811 781 955 866 prooem.
995 768 1070 868 Epo
1095 769 1166 842 iam
1190 769 1304 860 adero,
1330 783 1361 843 ct
1379 770 1464 870 quid

211 880 296 979 fieri
320 878 419 952 osdra
444 902 618 976 exponam.
671 879 768 952 Raro
794 877 999 968 admodum,
1025 877 1211 952 admonitu
1235 880 1351 978 magis
1378 880 1462 953 ami·
1480 898 1517 946 25

224 1014 357 1079 corum,
385 1012 492 1084 quam
516 999 616 1062 metu
642 988 853 1060 discriminis
880 987 1045 1078 adeundi,
1059 989 1207 1062 thorace
1232 989 1286 1061 uti
1312 991 1462 1080 solebat,

224 1111 311 1173 tunc
343 1123 484 1195 quoque
513 1099 735 1171 munimento
768 1099 927 1196 corporis
955 1109 1098 1195 sumpto
1125 1099 1301 1197 processit
1326 1099 1375 1172 ad
1400 1100 1463 1171 mi·

223 1211 314 1282 lites.
366 1205 475 1280 Haud
506 1208 593 1280 alias
626 1221 702 1282 tam
733 1209 888 1280 alacrem
918 1207 1085 1280 viderant
1115 1233 1254 1305 regem:
1290 1219 1327 1282 et
1358 1209 1464 1282 vultu

225 1321 302 1393 eius
327 1318 491 1390 interrito
518 1329 653 1392 certam
679 1343 780 1417 spem
805 1318 976 1390 victoriae
1002 1317 1281 1414 augurabantur.

176 1432 224 1504 50
328 1426 450 1525 Atque
480 1429 540 1501 ille
570 1438 719 1526 proruto
751 1427 846 1500 vallo
873 1429 971 1502 exire
997 1426 1118 1525 copias
1144 1427 1254 1516 iubet,
1281 1427 1464 1524 aciemque
1480 1445 1517 1497 aa

226 1537 391 1634 disponit.
442 1535 485 1610 In
512 1539 640 1612 dextro
667 1563 779 1611 cornu
803 1537 911 1611 locati
936 1549 1022 1612 sunt
1048 1537 1195 1632 equites,
1222 1561 1311 1633 quos
1337 1561 1465 1634 agema

227 1647 464 1746 appellabant.
517 1647 688 1722 Praeerat
719 1648 774 1719 his
802 1645 933 1721 Clitus:
969 1649 1026 1720 cui
1059 1647 1177 1719 iunxit
1203 1647 1365 1720 Philotae
1391 1657 1465 1720 tur-

225 1785 317 1848 mas,
351 1768 559 1854 ceterosque
602 1758 802 1856 praefectos
838 1757 997 1853 equitum
1036 1757 1139 1830 lateri
1174 1756 1248 1830 eius
1283 1757 1462 1854 applicuit.

226 1982 402 2056 prehenderit.
436 1984 508 2038 Nam
531 1984 601 2054 apud
623 1983 746 2037 Tacitum
769 2000 829 2038 cum
862 1979 951 2051 Supra
960 1986 1043 2047 1V,27
1062 1979 1209 2034 tradideret
1227 1979 1336 2035 Curtius
1353 1983 1464 2035 loricam

226 2052 582 2118 recteedsturAnn.xv1‚
610 2059 643 2104 14
661 2059 729 2106 extr.
747 2052 828 2104 iater-
862 2067 940 2118 qaam
963 2067 1026 2102 raro
1052 2049 1188 2113 induebat,
1211 2051 1304 2102 amicis
1328 2050 1464 2104 orantibus

227 2123 291 2174 cisis
308 2122 379 2172 venis
396 2130 502 2172 mortem
519 2121 716 2189 approperant,
738 2127 828 2172 tamen
862 2118 981 2186 sumpsit,
1001 2115 1071 2168 infre
1087 2130 1139 2182 vn,
1158 2121 1234 2182 33,3
1255 2117 1358 2184 (Alex.)
1376 2120 1464 2170 thora·

227 2188 272 2240 lib.
286 2203 335 2254 xv,
351 2193 384 2240 35
403 2188 567 2240 brachiorum
584 2205 663 2240 venas
682 2189 828 2240 interscidit
862 2203 916 2238 cem
933 2186 1039 2238 indutas
1051 2185 1172 2253 procedit
1189 2186 1227 2236 ad
1242 2186 1353 2252 milites,
1370 2199 1405 2252 Χ,
1429 2191 1463 2239 23

228 2255 332 2320 editur,
355 2253 429 2323 quasi
447 2255 598 2324 Torquatus
620 2254 705 2308 securi
721 2254 829 2308 brachis
862 2252 906 2304 fin.
924 2253 1060 2320 Meleapm
1073 2254 1176 2304 thorace
1189 2264 1289 2319 sumpto
1299 2255 1464 2322 capitatam.

228 2320 370 2392 abruperit
405 2321 460 2374 Sed
477 2323 542 2374 haec
557 2323 692 2376 hactenus.
862 2318 1260 2374 Annotnndumvideturetiam
1273 2320 1386 2390 primum
1399 2319 1464 2374 lem·

264 2394 288 2455 S.
306 2395 348 2442 24.
382 2391 460 2442 laius
485 2391 589 2442 consilii
603 2399 698 2458 postea
716 2389 827 2458 quoque]
862 2387 940 2440 matis
961 2389 1071 2440 verbum
1094 2387 1165 2455 quod
1186 2395 1227 2440 est
1244 2406 1321 2454 raro,
1344 2388 1372 2441 in
1389 2387 1464 2442 Leid.

229 2457 273 2510 Sic
290 2473 380 2509 omnes
396 2457 484 2522 codd.;
506 2456 586 2526 vulgo
609 2464 698 2510 sutem
715 2456 795 2510 etism
812 2473 829 2509 a
862 2455 942 2508 Bern.
959 2459 986 2507 A
1002 2455 1073 2508 Flor.
1090 2453 1164 2508 ABG
1184 2455 1264 2526 scribi
1281 2457 1364 2522 ratio,
1391 2455 1464 2508 cuius

227 2524 320 2578 Modio
337 2524 425 2576 editur
441 2526 518 2578 taius
535 2541 635 2594 qaoque
646 2525 751 2578 consilii
759 2526 828 2578 ratio
862 2531 901 2584 rei
922 2549 1000 2586 causa
1024 2540 1066 2585 est
1088 2540 1152 2585 nota
1176 2550 1206 2585 ro
1222 2530 1297 2586 male
1318 2531 1463 2599 intellecta,

227 2603 317 2662 postea
335 2595 466 2644 reddetur·
753 2633 757 2643 ·
863 2599 930 2652 nour
955 2608 1066 2671 apparet
1089 2616 1123 2652 ex
1143 2599 1215 2654 Flor.
1238 2599 1266 2652 Η
1287 2599 1316 2652 ἰιι
1356 2599 1416 2654 uoi

264 2673 288 2731 S.
306 2673 348 2721 25.
382 2684 446 2720 raro
473 2697 507 2706 -
538 2668 624 2735 inopis
650 2668 727 2720 amic.
767 2685 828 2720 uam
862 2666 915 2720 ists
931 2671 1001 2721 'nota
1023 2675 1078 2734 est,
1106 2685 1165 2721 mun
1191 2667 1219 2720 in
1243 2668 1324 2731 Bern.
1387 2666 1402 2734 Γ
1433 2685 1465 2722 us

228 2746 296 2789 meta
314 2737 394 2789 discr.
411 2736 527 2788 adeundi
543 2736 646 2788 thrace
670 2737 720 2802 att]
781 2735 829 2788 dit.
862 2735 961 2788 assecla
977 2735 1012 2789 sit
1029 2738 1106 2788 ratio.
1146 2736 1239 2804 Utique
1256 2753 1305 2806 pro
1321 2739 1361 2790 uti
1377 2743 1419 2790 est
1436 2735 1465 2789 in

229 2823 268 2874 pr.
304 2821 367 2856 raro
400 2806 540 2856 admodum
573 2805 643 2856 adm.
686 2804 829 2856 amicorum
863 2803 941 2856 Voss.
960 2811 973 2856 1
993 2803 1064 2857 Flor.
1082 2804 1111 2857 H
1127 2803 1208 2856 Bern.
1225 2803 1258 2855 B.

229 2874 404 2942 qaiameta
426 2873 523 2924 discr.
545 2873 733 2924 adeundam
758 2881 829 2924 erat
897 2881 950 2924 tam
976 2873 1106 2992 alat-ranst
1149 2872 1260 2924 Alacres
1286 2870 1362 2925 Laid.
1387 2871 1464 2926 Voss.

143 2941 145 2947 ’
228 2941 268 2994 ati
285 2942 391 2994 solebat.
408 2939 492 2992 Aldus
509 2939 583 2992 dedit
600 2957 657 2992 cam
674 2949 755 2992 metus
773 2941 828 2992 dis·
863 2938 934 2992 Flor.
959 2939 1043 2993 ABG.
1106 2957 1141 2991 on
1167 2939 1317 3008 obsequor,
1350 2957 1409 2992 nsm
1436 2939 1465 2994 in

230 3009 347 3061 marinis
369 3010 476 3074 aderat,
498 3023 582 3078 caque
599 3007 685 3060 adhuc
700 3006 830 3088 scriptura
862 3007 997 3060 nominum
1013 3005 1241 3060 tenninatiombus
1264 3007 1330 3060 fides
1347 3008 1466 3062 codicum

229 3076 301 3146 vulg.
323 3075 426 3129 mansit.
462 3075 516 3129 Sed
538 3077 613 3130 codd.
635 3093 695 3129 mss.
716 3093 829 3146 primum
863 3075 943 3128 varis.

230 3161 320 3197 ornnes
350 3151 413 3212 post
439 3147 578 3197 admodum
609 3143 711 3196 addunt
736 3162 829 3213 opens,
898 3142 965 3212 Cap.
983 3148 1030 3209 50,
1056 3144 1079 3210 5.
1095 3148 1137 3196 26.
1168 3152 1278 3212 proruto
1304 3145 1384 3212 sallo]
1421 3142 1466 3198 Sic

229 3213 300 3281 qnod
309 3211 501 3264 Freinshemius
515 3210 647 3264 intellexit
661 3227 717 3264 esse
733 3213 829 3280 napis,
863 3227 897 3262 ex
913 3209 1064 3264 melioribus
1082 3209 1157 3264 codd.
1174 3209 1236 3263 olim
1253 3211 1360 3264 Modius
1376 3212 1466 3266 edide-

230 3278 353 3346 quoniam
383 3278 502 3346 sequitur
532 3278 560 3330 iu
591 3279 666 3332 codd.
716 3278 831 3348 larisque
863 3285 922 3345 rat,
946 3279 987 3332 cui
1005 3277 1297 3348 nemo-paruit3-nuno
1318 3295 1382 3332 vcro
1402 3297 1466 3334 con·

231 3362 308 3414 qaam
330 3355 398 3398 motu
420 3344 460 3423 (in
482 3343 553 3398 Flor.
575 3344 681 3398 DEGII
728 3362 783 3398 ern.
805 3345 829 3398 B
864 3345 951 3398 sensui
968 3346 1130 3416 optimorum
1151 3345 1278 3398 librorum
1294 3345 1368 3398 Leid.
1386 3347 1465 3400 Voss.

231 3415 292 3465 dum
313 3422 395 3478 meta,
422 3430 451 3464 tn
471 3411 542 3464 Flor.
569 3411 609 3465 GI
637 3415 698 3466 ditm
723 3415 829 3473 metatu)
866 3413 978 3466 1Bern.
992 3414 1018 3466 A
1034 3414 1106 3467 Flor.
1119 3413 1169 3466 AB
1182 3413 1291 3467 aliur-mn
1308 3413 1384 3466 facile
1401 3431 1465 3467 con·

230 3481 400 3533 discrimiais.
441 3478 517 3542 Quae
534 3487 676 3549 supersunt
696 3479 725 3532 in
746 3481 831 3534 omni·
864 3481 967 3534 calent.
1012 3483 1115 3536 Vallum
1133 3497 1304 3550 prorumpere
1325 3480 1391 3534 nihil
1412 3490 1464 3549 est,

231 3547 279 3600 bus
297 3547 372 3600 codd.
391 3549 538 3600 adeundum
564 3557 622 3600 erat
637 3547 756 3600 Freinsh.
774 3548 830 3601 effi·
860 3566 1030 3618 perrumpere
1056 3549 1161 3620 probari
1191 3556 1297 3619 posset,
1327 3549 1349 3600 si
1379 3549 1465 3604 vallus

231 3631 290 3668 cere
300 3614 406 3668 volebat
420 3623 450 3666 ut
464 3614 576 3684 intelligi
589 3625 696 3686 possent
710 3615 830 3670 addendo
865 3617 933 3670 altus
951 3625 980 3670 et
997 3618 1086 3670 firmus
1103 3625 1181 3684 esset,
1200 3625 1230 3669 ut
1247 3615 1340 3670 ceteris
1354 3617 1466 3671 sumtis

231 3685 315 3752 qaod
340 3685 488 3736 adeundum
514 3693 585 3749 crat,
615 3683 768 3754 reliquaque
793 3683 830 3739 sic
864 3685 985 3754 partibus
1002 3703 1054 3738 uno
1071 3693 1176 3738 tantum
1193 3685 1251 3738 loco
1269 3684 1466 3755 aspernetur,

231 3749 407 3803 continuarit:
430 3753 469 3804 ati
486 3753 584 3804 solebat
600 3753 755 3805 munimento
773 3771 830 3805 cor·
864 3770 920 3806 non
940 3760 1014 3806 totus
1056 3753 1149 3806 edibus
1174 3752 1331 3806 deiiceretur
1355 3761 1385 3806 et
1410 3753 1466 3807 solo
1577 3803 1582 3813 ,

225 3819 319 3940 {⁰3⁸ss
344 3828 404 3872 tuac
414 3837 538 3940 bprtoquet
551 3819 829 3940 sumptotiseilicepfflep.
864 3828 1058 3942 apparacum
1074 3828 1210 3941 octputem
1224 3819 1467 3890 diciturproraere:

252 3902 267 3938 e
321 3902 508 3940 severorum
538 3905 598 3940 rans
646 3904 739 3942 iones
817 3919 829 3932 ·
865 3904 899 3941 c.
968 3903 1000 3940 1v
1078 3905 1147 3941 cx.

231 3953 333 4008 ciliores
363 3961 425 4006 sunt
450 3973 528 4024 quum
554 3906 702 4008 littdrodrum
727 3955 830 4025 aliquot
897 3928 1043 4026 ceterosq’ae
1053 3958 1202 4036 prodactae
1218 3957 1342 4035 equinum]
1357 3955 1468 4010 Detota

230 4021 386 4092 praesertim
402 4021 430 4074 in
447 4022 675 4077 terminationibus
690 4024 831 4077 verborum
865 4025 915 4078 hac
935 4023 1000 4077 aciei
1022 4025 1200 4146 descriptione
1221 4024 1282 4076 nde
1306 4023 1467 4078 Schmiedcri

233 4089 414 4143 correctiones.
437 4090 532 4160 Itaque
549 4091 672 4160 quonism
689 4090 832 4212 ruffinis-itur
865 4093 1075 4160 annomtionenr,
1125 4090 1223 4144 urtium
1244 4101 1398 4162 comparato
1414 4093 1467 4146 Ar·

232 4157 288 4210 eius
305 4155 343 4209 rei
360 4175 455 4210 nomen
469 4176 521 4227 qus
533 4175 593 4212 raro
601 4177 663 4212 usus
672 4158 707 4212 sit
751 4176 831 4212 exan-
864 4159 939 4214 riano
960 4170 988 4213 et
1010 4160 1130 4214 Diodoro
1157 4159 1215 4226 (lib.
1237 4173 1317 4226 xvn,
1340 4163 1386 4226 ot)
1408 4159 1467 4214 iure

233 4225 293 4289 der,
317 4224 413 4278 conieci
436 4229 538 4278 thorace
564 4245 629 4297 opus
656 4241 726 4294 esse,
749 4235 832 4296 atque
865 4227 1042 4298 negligentiae
1058 4227 1201 4298 arguentis.
1234 4227 1305 4281 Nam
1322 4225 1467 4296 in1dextro

232 4293 399 4362 peregrinum
416 4293 444 4345 id
460 4293 616 4348 vocabulum
632 4294 708 4348 facile
725 4312 759 4347 ex
771 4295 832 4348 reli·
866 4313 949 4350 cornu
972 4295 1115 4350 collocatae
1136 4302 1213 4348 ersnt
1234 4295 1353 4365 equitum
1370 4295 1468 4348 maico-

233 4359 290 4440 quis
308 4361 447 4416 verborum
463 4365 611 4416 adeundam
628 4374 685 4416 erat
702 4363 831 4432 procedit,
866 4381 925 4418 rum
951 4366 1097 4436 (ἑταίρων)
1124 4370 1228 4416 turmae
1253 4371 1327 4429 octo,
1354 4363 1467 4434 quorum

233 4429 347 4498 siquod
370 4445 475 4482 necesse
497 4437 538 4484 est
559 4433 675 4486 adeundi
692 4431 832 4503 scripseris.
866 4433 951 4504 prims
976 4441 1035 4486 erat
1060 4445 1128 4502 quse
1155 4427 1267 4484 luntas
1293 4432 1386 4504 ἄγημα
1412 4431 1469 4486 sire
