<?xml version="1.0" encoding="UTF-8"?>
<!DOCTYPE html PUBLIC "-//W3C//DTD XHTML 1.0 Transitional//EN"
    "http://www.w3.org/TR/xhtml1/DTD/xhtml1-transitional.dtd">
<html xmlns="http://www.w3.org/1999/xhtml" xml:lang="en" lang="en">
 <head>
  <title>
</title>
<meta http-equiv="Content-Type" content="text/html;charset=utf-8" />
  <meta name='ocr-system' content='tesseract 3.04.00' />
  <meta name='ocr-capabilities' content='ocr_page ocr_carea ocr_par ocr_line ocrx_word'/>
</head>
<body>
  <div class='ocr_page' id='page_1' title='image "./qcurtiirufidege00zumpgoog_0402.png"; bbox 0 0 3238 5296; ppageno 0'>
   <div class='ocr_carea' id='block_1_1' title="bbox 521 311 1389 398">
    <p class='ocr_par' dir='ltr' id='par_1_1' title="bbox 521 311 1389 398">
     <span class='ocr_line' id='line_1_1' title="bbox 521 311 1389 398; baseline 0.006 -20"><span class='ocrx_word' id='word_1_1' title='bbox 521 327 571 378; x_wconf 85' lang='lat' dir='ltr'>ou</span> <span class='ocrx_word' id='word_1_2' title='bbox 598 327 723 380; x_wconf 78' lang='lat' dir='ltr'>cussis</span> <span class='ocrx_word' id='word_1_3' title='bbox 750 327 960 398; x_wconf 72' lang='grc'>1111111111,</span> <span class='ocrx_word' id='word_1_4' title='bbox 989 328 1029 375; x_wconf 85' lang='lat' dir='ltr'>is.</span> <span class='ocrx_word' id='word_1_5' title='bbox 1316 311 1389 383; x_wconf 80' lang='lat'>373</span> 
     </span>
    </p>
   </div>
   <div class='ocr_carea' id='block_1_2' title="bbox 102 511 1443 1732">
    <p class='ocr_par' dir='ltr' id='par_1_2' title="bbox 105 511 1392 1172">
     <span class='ocr_line' id='line_1_2' title="bbox 105 511 1392 612; baseline -0.002 -24"><span class='ocrx_word' id='word_1_6' title='bbox 105 533 136 580; x_wconf 84' lang='lat'>1⁷</span> <span class='ocrx_word' id='word_1_7' title='bbox 153 514 220 588; x_wconf 90' lang='lat' dir='ltr'>bus</span> <span class='ocrx_word' id='word_1_8' title='bbox 248 513 320 586; x_wconf 91' lang='lat' dir='ltr'>suis</span> <span class='ocrx_word' id='word_1_9' title='bbox 347 537 455 588; x_wconf 87' lang='lat' dir='ltr'>avare</span> <span class='ocrx_word' id='word_1_10' title='bbox 480 537 522 586; x_wconf 90' lang='lat' dir='ltr'>ac</span> <span class='ocrx_word' id='word_1_11' title='bbox 549 512 701 610; x_wconf 84' lang='lat' dir='ltr'>superbe</span> <span class='ocrx_word' id='word_1_12' title='bbox 727 512 978 611; x_wconf 80' lang='lat' dir='ltr'><strong>imperabatur.</strong></span> <span class='ocrx_word' id='word_1_13' title='bbox 1019 511 1115 612; x_wconf 84' lang='lat' dir='ltr'>Ergo</span> <span class='ocrx_word' id='word_1_14' title='bbox 1130 513 1392 612; x_wconf 80' lang='lat' dir='ltr'>Phratapherni</span> 
     </span>
     <span class='ocr_line' id='line_1_3' title="bbox 153 623 1392 725; baseline 0.001 -27"><span class='ocrx_word' id='word_1_15' title='bbox 153 624 371 725; x_wconf 82' lang='lat' dir='ltr'>Hyrcaniam</span> <span class='ocrx_word' id='word_1_16' title='bbox 397 636 435 700; x_wconf 90' lang='lat' dir='ltr'>et</span> <span class='ocrx_word' id='word_1_17' title='bbox 458 623 604 698; x_wconf 89' lang='lat' dir='ltr'>Mardos</span> <span class='ocrx_word' id='word_1_18' title='bbox 632 649 714 697; x_wconf 89' lang='lat' dir='ltr'>cum</span> <span class='ocrx_word' id='word_1_19' title='bbox 739 623 891 725; x_wconf 86' lang='lat' dir='ltr'>Tapyris</span> <span class='ocrx_word' id='word_1_20' title='bbox 924 625 1086 718; x_wconf 82' lang='lat' dir='ltr'>tradidit,</span> <span class='ocrx_word' id='word_1_21' title='bbox 1126 626 1392 724; x_wconf 84' lang='lat' dir='ltr'>mandavitque,</span> 
     </span>
     <span class='ocr_line' id='line_1_4' title="bbox 153 735 1390 828; baseline -0.002 -17"><span class='ocrx_word' id='word_1_22' title='bbox 153 748 194 811; x_wconf 92' lang='lat' dir='ltr'>ut</span> <span class='ocrx_word' id='word_1_23' title='bbox 219 736 435 828; x_wconf 84' lang='lat' dir='ltr'>Phradaten,</span> <span class='ocrx_word' id='word_1_24' title='bbox 461 739 517 810; x_wconf 86' lang='lat' dir='ltr'>cui</span> <span class='ocrx_word' id='word_1_25' title='bbox 543 735 768 828; x_wconf 78' lang='lat' dir='ltr'>succedebat,</span> <span class='ocrx_word' id='word_1_26' title='bbox 795 735 842 809; x_wconf 91' lang='lat' dir='ltr'>ad</span> <span class='ocrx_word' id='word_1_27' title='bbox 869 761 907 809; x_wconf 92' lang='lat' dir='ltr'>se</span> <span class='ocrx_word' id='word_1_28' title='bbox 933 737 969 810; x_wconf 89' lang='lat' dir='ltr'>iii</span> <span class='ocrx_word' id='word_1_29' title='bbox 997 737 1196 812; x_wconf 75' lang='lat' dir='ltr'>custodiam</span> <span class='ocrx_word' id='word_1_30' title='bbox 1222 737 1390 810; x_wconf 87' lang='lat' dir='ltr'>mitteret.</span> 
     </span>
     <span class='ocr_line' id='line_1_5' title="bbox 153 839 1390 948; baseline -0.002 -26"><span class='ocrx_word' id='word_1_31' title='bbox 153 849 314 941; x_wconf 87' lang='lat' dir='ltr'>Arsanii,</span> <span class='ocrx_word' id='word_1_32' title='bbox 352 847 580 948; x_wconf 77' lang='lat' dir='ltr'>Drangarum</span> <span class='ocrx_word' id='word_1_33' title='bbox 619 839 818 948; x_wconf 83' lang='lat' dir='ltr'>praefecta,</span> <span class='ocrx_word' id='word_1_34' title='bbox 858 849 1074 923; x_wconf 89' lang='lat' dir='ltr'>substitutus</span> <span class='ocrx_word' id='word_1_35' title='bbox 1110 861 1165 923; x_wconf 87' lang='lat' dir='ltr'>est</span> <span class='ocrx_word' id='word_1_36' title='bbox 1200 847 1390 939; x_wconf 82' lang='lat' dir='ltr'>Stasan0r3</span> 
     </span>
     <span class='ocr_line' id='line_1_6' title="bbox 153 957 1391 1058; baseline 0.001 -25"><span class='ocrx_word' id='word_1_37' title='bbox 153 960 307 1034; x_wconf 85' lang='lat' dir='ltr'>Arsaces</span> <span class='ocrx_word' id='word_1_38' title='bbox 321 967 324 972; x_wconf 85' lang='grc'><strong>’</strong></span> <span class='ocrx_word' id='word_1_39' title='bbox 339 962 376 1033; x_wconf 92' lang='lat' dir='ltr'>in</span> <span class='ocrx_word' id='word_1_40' title='bbox 407 959 562 1034; x_wconf 86' lang='lat' dir='ltr'>Mediam</span> <span class='ocrx_word' id='word_1_41' title='bbox 593 961 722 1034; x_wconf 90' lang='lat' dir='ltr'>missus</span> <span class='ocrx_word' id='word_1_42' title='bbox 729 1017 738 1051; x_wconf 94' lang='lat'><strong><em>‚</em></strong></span> <span class='ocrx_word' id='word_1_43' title='bbox 773 970 815 1033; x_wconf 89' lang='lat' dir='ltr'>ut</span> <span class='ocrx_word' id='word_1_44' title='bbox 847 957 1035 1058; x_wconf 85' lang='lat' dir='ltr'>Oxydates</span> <span class='ocrx_word' id='word_1_45' title='bbox 1068 959 1151 1035; x_wconf 91' lang='lat' dir='ltr'>inde</span> <span class='ocrx_word' id='word_1_46' title='bbox 1184 960 1391 1036; x_wconf 85' lang='lat' dir='ltr'>discederet.</span> 
     </span>
     <span class='ocr_line' id='line_1_7' title="bbox 153 1069 1225 1172; baseline -0.002 -26"><span class='ocrx_word' id='word_1_47' title='bbox 153 1072 363 1172; x_wconf 89' lang='lat' dir='ltr'>Babylonia,</span> <span class='ocrx_word' id='word_1_48' title='bbox 391 1071 579 1146; x_wconf 93' lang='lat' dir='ltr'>demortuo</span> <span class='ocrx_word' id='word_1_49' title='bbox 604 1071 762 1164; x_wconf 89' lang='lat' dir='ltr'>Mazaeo,</span> <span class='ocrx_word' id='word_1_50' title='bbox 789 1069 948 1146; x_wconf 88' lang='lat' dir='ltr'>Stameni</span> <span class='ocrx_word' id='word_1_51' title='bbox 974 1072 1135 1146; x_wconf 88' lang='lat' dir='ltr'>subiecta</span> <span class='ocrx_word' id='word_1_52' title='bbox 1161 1083 1225 1146; x_wconf 88' lang='lat' dir='ltr'>est.</span> 
     </span>
    </p>

    <p class='ocr_par' dir='ltr' id='par_1_3' title="bbox 102 1181 1443 1282">
     <span class='ocr_line' id='line_1_8' title="bbox 102 1181 1443 1282; baseline 0.004 -30"><span class='ocrx_word' id='word_1_53' title='bbox 102 1203 144 1252; x_wconf 87' lang='lat' dir='ltr'>iv.</span> <span class='ocrx_word' id='word_1_54' title='bbox 257 1181 322 1257; x_wconf 88' lang='lat' dir='ltr'>His</span> <span class='ocrx_word' id='word_1_55' title='bbox 356 1185 560 1282; x_wconf 88' lang='lat' dir='ltr'>compositis</span> <span class='ocrx_word' id='word_1_56' title='bbox 593 1187 698 1258; x_wconf 82' lang='lat' dir='ltr'>tertio</span> <span class='ocrx_word' id='word_1_57' title='bbox 729 1209 853 1258; x_wconf 89' lang='lat' dir='ltr'>mense</span> <span class='ocrx_word' id='word_1_58' title='bbox 885 1209 931 1256; x_wconf 86' lang='lat' dir='ltr'>ex</span> <span class='ocrx_word' id='word_1_59' title='bbox 963 1184 1119 1258; x_wconf 88' lang='lat' dir='ltr'>hibernis</span> <span class='ocrx_word' id='word_1_60' title='bbox 1151 1185 1265 1258; x_wconf 90' lang='lat' dir='ltr'>movit</span> <span class='ocrx_word' id='word_1_61' title='bbox 1292 1187 1443 1257; x_wconf 83' lang='lat' dir='ltr'>exer-14</span> 
     </span>
    </p>

    <p class='ocr_par' dir='ltr' id='par_1_4' title="bbox 119 1289 1390 1619">
     <span class='ocr_line' id='line_1_9' title="bbox 119 1289 1390 1394; baseline 0.005 -32"><span class='ocrx_word' id='word_1_62' title='bbox 119 1295 273 1386; x_wconf 78' lang='lat' dir='ltr'>scitum,</span> <span class='ocrx_word' id='word_1_63' title='bbox 299 1295 491 1394; x_wconf 85' lang='lat' dir='ltr'>regionem,</span> <span class='ocrx_word' id='word_1_64' title='bbox 519 1289 610 1394; x_wconf 87' lang='lat' dir='ltr'>quae</span> <span class='ocrx_word' id='word_1_65' title='bbox 631 1293 775 1371; x_wconf 85' lang='lat' dir='ltr'>Gabaza</span> <span class='ocrx_word' id='word_1_66' title='bbox 801 1295 1011 1394; x_wconf 86' lang='lat' dir='ltr'>appellatur,</span> <span class='ocrx_word' id='word_1_67' title='bbox 1038 1296 1209 1369; x_wconf 85' lang='lat' dir='ltr'>aditurus.</span> <span class='ocrx_word' id='word_1_68' title='bbox 1249 1295 1390 1369; x_wconf 88' lang='lat' dir='ltr'>Primus</span> 
     </span>
     <span class='ocr_line' id='line_1_10' title="bbox 154 1405 1390 1510; baseline 0.001 -32"><span class='ocrx_word' id='word_1_69' title='bbox 154 1405 229 1481; x_wconf 92' lang='lat' dir='ltr'>dies</span> <span class='ocrx_word' id='word_1_70' title='bbox 248 1408 407 1505; x_wconf 88' lang='lat' dir='ltr'>quietum</span> <span class='ocrx_word' id='word_1_71' title='bbox 423 1408 491 1480; x_wconf 89' lang='lat' dir='ltr'>iter</span> <span class='ocrx_word' id='word_1_72' title='bbox 508 1409 690 1510; x_wconf 76' lang='lat' dir='ltr'>praebuit:</span> <span class='ocrx_word' id='word_1_73' title='bbox 717 1409 902 1508; x_wconf 88' lang='lat' dir='ltr'>proximus</span> <span class='ocrx_word' id='word_1_74' title='bbox 926 1407 958 1480; x_wconf 92' lang='lat' dir='ltr'>ei</span> <span class='ocrx_word' id='word_1_75' title='bbox 975 1407 1135 1480; x_wconf 92' lang='lat' dir='ltr'>nondum</span> <span class='ocrx_word' id='word_1_76' title='bbox 1153 1405 1297 1505; x_wconf 91' lang='lat' dir='ltr'>quidem</span> <span class='ocrx_word' id='word_1_77' title='bbox 1311 1432 1390 1504; x_wconf 93' lang='lat' dir='ltr'>pro-</span> 
     </span>
     <span class='ocr_line' id='line_1_11' title="bbox 155 1518 1390 1619; baseline 0 -27"><span class='ocrx_word' id='word_1_78' title='bbox 155 1518 306 1594; x_wconf 90' lang='lat' dir='ltr'>cellosus</span> <span class='ocrx_word' id='word_1_79' title='bbox 331 1529 368 1592; x_wconf 87' lang='lat' dir='ltr'>et</span> <span class='ocrx_word' id='word_1_80' title='bbox 390 1519 513 1612; x_wconf 84' lang='lat' dir='ltr'>tristis,</span> <span class='ocrx_word' id='word_1_81' title='bbox 541 1521 725 1594; x_wconf 89' lang='lat' dir='ltr'>obscurior</span> <span class='ocrx_word' id='word_1_82' title='bbox 750 1531 871 1595; x_wconf 87' lang='lat' dir='ltr'>tamen</span> <span class='ocrx_word' id='word_1_83' title='bbox 898 1520 1065 1619; x_wconf 85' lang='lat' dir='ltr'>pristine,</span> <span class='ocrx_word' id='word_1_84' title='bbox 1092 1546 1165 1593; x_wconf 91' lang='lat' dir='ltr'>non</span> <span class='ocrx_word' id='word_1_85' title='bbox 1191 1519 1266 1601; x_wconf 88' lang='lat' dir='ltr'>sine</span> <span class='ocrx_word' id='word_1_86' title='bbox 1287 1518 1390 1592; x_wconf 88' lang='lat' dir='ltr'>minis</span> 
     </span>
    </p>

    <p class='ocr_par' dir='ltr' id='par_1_5' title="bbox 119 1629 1391 1732">
     <span class='ocr_line' id='line_1_12' title="bbox 119 1629 1391 1732; baseline 0.003 -34"><span class='ocrx_word' id='word_1_87' title='bbox 119 1649 134 1698; x_wconf 84' lang='lat' dir='ltr'>a</span> <span class='ocrx_word' id='word_1_88' title='bbox 155 1631 344 1704; x_wconf 87' lang='lat' dir='ltr'>crescentis</span> <span class='ocrx_word' id='word_1_89' title='bbox 370 1632 454 1705; x_wconf 87' lang='lat' dir='ltr'>mali</span> <span class='ocrx_word' id='word_1_90' title='bbox 479 1631 671 1731; x_wconf 87' lang='lat' dir='ltr'>praeteriit.</span> <span class='ocrx_word' id='word_1_91' title='bbox 723 1632 845 1706; x_wconf 87' lang='lat' dir='ltr'>Tertio</span> <span class='ocrx_word' id='word_1_92' title='bbox 871 1633 917 1708; x_wconf 86' lang='lat' dir='ltr'>ab</span> <span class='ocrx_word' id='word_1_93' title='bbox 944 1633 1041 1705; x_wconf 94' lang='lat' dir='ltr'>omni</span> <span class='ocrx_word' id='word_1_94' title='bbox 1066 1643 1169 1732; x_wconf 90' lang='lat' dir='ltr'>parte</span> <span class='ocrx_word' id='word_1_95' title='bbox 1195 1631 1283 1705; x_wconf 89' lang='lat' dir='ltr'>coeli</span> <span class='ocrx_word' id='word_1_96' title='bbox 1309 1629 1391 1704; x_wconf 91' lang='lat' dir='ltr'>emi·</span> 
     </span>
    </p>
   </div>
   <div class='ocr_carea' id='block_1_3' title="bbox 144 1909 1420 4516">
    <p class='ocr_par' dir='ltr' id='par_1_6' title="bbox 150 1909 1393 2871">
     <span class='ocr_line' id='line_1_13' title="bbox 189 1909 1390 1984; baseline -0.001 -20"><span class='ocrx_word' id='word_1_97' title='bbox 189 1910 391 1982; x_wconf 74' lang='lat' dir='ltr'>Cap.18,§.17.</span> <span class='ocrx_word' id='word_1_98' title='bbox 426 1920 450 1964; x_wconf 87' lang='lat' dir='ltr'>et</span> <span class='ocrx_word' id='word_1_99' title='bbox 466 1911 580 1965; x_wconf 88' lang='lat' dir='ltr'>Mardos</span> <span class='ocrx_word' id='word_1_100' title='bbox 598 1929 655 1964; x_wconf 86' lang='lat' dir='ltr'>rum</span> <span class='ocrx_word' id='word_1_101' title='bbox 668 1911 754 1980; x_wconf 69' lang='lat' dir='ltr'>Tapp-</span> <span class='ocrx_word' id='word_1_102' title='bbox 787 1927 849 1981; x_wconf 84' lang='lat' dir='ltr'>pain</span> <span class='ocrx_word' id='word_1_103' title='bbox 866 1910 965 1964; x_wconf 84' lang='lat' dir='ltr'>factum</span> <span class='ocrx_word' id='word_1_104' title='bbox 984 1909 1057 1978; x_wconf 90' lang='lat' dir='ltr'>dicit,</span> <span class='ocrx_word' id='word_1_105' title='bbox 1081 1929 1135 1965; x_wconf 88' lang='lat' dir='ltr'>non</span> <span class='ocrx_word' id='word_1_106' title='bbox 1153 1919 1195 1966; x_wconf 87' lang='lat' dir='ltr'>est</span> <span class='ocrx_word' id='word_1_107' title='bbox 1211 1911 1281 1984; x_wconf 81' lang='lat' dir='ltr'>apud</span> <span class='ocrx_word' id='word_1_108' title='bbox 1299 1909 1390 1964; x_wconf 74' lang='lat' dir='ltr'>Arria·</span> 
     </span>
     <span class='ocr_line' id='line_1_14' title="bbox 154 1978 1185 2051; baseline 0.003 -20"><span class='ocrx_word' id='word_1_109' title='bbox 154 1979 205 2050; x_wconf 73' lang='lat' dir='ltr'>ris]</span> <span class='ocrx_word' id='word_1_110' title='bbox 242 1979 326 2034; x_wconf 79' lang='lat' dir='ltr'>codd.</span> <span class='ocrx_word' id='word_1_111' title='bbox 346 1978 402 2032; x_wconf 89' lang='lat' dir='ltr'>sine</span> <span class='ocrx_word' id='word_1_112' title='bbox 419 1989 456 2032; x_wconf 80' lang='lat' dir='ltr'>et.-</span> <span class='ocrx_word' id='word_1_113' title='bbox 473 1983 567 2033; x_wconf 86' lang='lat' dir='ltr'>cardos</span> <span class='ocrx_word' id='word_1_114' title='bbox 586 1979 641 2032; x_wconf 88' lang='lat' dir='ltr'>sive</span> <span class='ocrx_word' id='word_1_115' title='bbox 659 1983 757 2033; x_wconf 76' lang='lat' dir='ltr'>cardos</span> <span class='ocrx_word' id='word_1_116' title='bbox 788 1996 850 2031; x_wconf 92' lang='lat' dir='ltr'>num</span> <span class='ocrx_word' id='word_1_117' title='bbox 867 1985 951 2045; x_wconf 79' lang='grc'>111,’18</span> <span class='ocrx_word' id='word_1_118' title='bbox 969 1981 1015 2034; x_wconf 88' lang='lat' dir='ltr'>sed</span> <span class='ocrx_word' id='word_1_119' title='bbox 1032 1983 1185 2051; x_wconf 77' lang='lat' dir='ltr'>Atinpates.</span> 
     </span>
     <span class='ocr_line' id='line_1_15' title="bbox 154 2045 1389 2127; baseline 0 -27"><span class='ocrx_word' id='word_1_120' title='bbox 154 2065 211 2100; x_wconf 82' lang='lat' dir='ltr'>cum</span> <span class='ocrx_word' id='word_1_121' title='bbox 240 2049 352 2127; x_wconf 77' lang='lat' dir='ltr'>taphirr&#39;s</span> <span class='ocrx_word' id='word_1_122' title='bbox 378 2046 434 2112; x_wconf 85' lang='lat' dir='ltr'>(alii</span> <span class='ocrx_word' id='word_1_123' title='bbox 464 2049 601 2116; x_wconf 73' lang='lat' dir='ltr'>saphiris).</span> <span class='ocrx_word' id='word_1_124' title='bbox 640 2047 754 2101; x_wconf 83' lang='lat' dir='ltr'>Mardos</span> <span class='ocrx_word' id='word_1_125' title='bbox 823 2045 953 2102; x_wconf 80' lang='lat' dir='ltr'>demortuo</span> <span class='ocrx_word' id='word_1_126' title='bbox 979 2049 1093 2103; x_wconf 85' lang='lat' dir='ltr'>Mazaeo</span> <span class='ocrx_word' id='word_1_127' title='bbox 1128 2047 1254 2118; x_wconf 84' lang='lat' dir='ltr'>Stameni]</span> <span class='ocrx_word' id='word_1_128' title='bbox 1299 2046 1389 2116; x_wconf 86' lang='lat' dir='ltr'>Vulgo</span> 
     </span>
     <span class='ocr_line' id='line_1_16' title="bbox 154 2114 1389 2236; baseline 0 -68"><span class='ocrx_word' id='word_1_129' title='bbox 154 2115 218 2169; x_wconf 88' lang='lat' dir='ltr'>fecit</span> <span class='ocrx_word' id='word_1_130' title='bbox 234 2132 332 2187; x_wconf 89' lang='lat' dir='ltr'>primus</span> <span class='ocrx_word' id='word_1_131' title='bbox 350 2115 443 2181; x_wconf 84' lang='lat' dir='ltr'>Aldus,</span> <span class='ocrx_word' id='word_1_132' title='bbox 466 2114 623 2236; x_wconf 69' lang='lat' dir='ltr'>pometiam</span> <span class='ocrx_word' id='word_1_133' title='bbox 640 2125 664 2169; x_wconf 79' lang='lat' dir='ltr'>et</span> <span class='ocrx_word' id='word_1_134' title='bbox 680 2115 754 2168; x_wconf 84' lang='lat' dir='ltr'>addi·</span> <span class='ocrx_word' id='word_1_135' title='bbox 788 2127 887 2170; x_wconf 80' lang='lat' dir='ltr'>mortuo</span> <span class='ocrx_word' id='word_1_136' title='bbox 913 2117 954 2170; x_wconf 90' lang='lat' dir='ltr'>M.</span> <span class='ocrx_word' id='word_1_137' title='bbox 972 2118 1152 2185; x_wconf 78' lang='lat' dir='ltr'>Dedirameiii&#39;,</span> <span class='ocrx_word' id='word_1_138' title='bbox 1180 2118 1227 2172; x_wconf 89' lang='lat' dir='ltr'>sed</span> <span class='ocrx_word' id='word_1_139' title='bbox 1248 2115 1318 2186; x_wconf 85' lang='lat' dir='ltr'>quod</span> <span class='ocrx_word' id='word_1_140' title='bbox 1342 2133 1389 2168; x_wconf 89' lang='lat' dir='ltr'>nos</span> 
     </span>
     <span class='ocr_line' id='line_1_17' title="bbox 154 2181 1391 2256; baseline -0.001 -19"><span class='ocrx_word' id='word_1_141' title='bbox 154 2191 218 2237; x_wconf 84' lang='lat' dir='ltr'>tum.</span> <span class='ocrx_word' id='word_1_142' title='bbox 253 2183 307 2236; x_wconf 88' lang='lat' dir='ltr'>Sed</span> <span class='ocrx_word' id='word_1_143' title='bbox 328 2181 448 2252; x_wconf 84' lang='lat' dir='ltr'>plerique</span> <span class='ocrx_word' id='word_1_144' title='bbox 488 2202 587 2254; x_wconf 80' lang='lat' dir='ltr'>sparos</span> <span class='ocrx_word' id='word_1_145' title='bbox 604 2183 754 2248; x_wconf 87' lang='lat' dir='ltr'>ediderunt,</span> <span class='ocrx_word' id='word_1_146' title='bbox 788 2183 937 2256; x_wconf 76' lang='lat' dir='ltr'>scripsimus</span> <span class='ocrx_word' id='word_1_147' title='bbox 960 2189 1092 2242; x_wconf 78' lang='lat' dir='ltr'>demortuo</span> <span class='ocrx_word' id='word_1_148' title='bbox 1113 2197 1155 2240; x_wconf 88' lang='lat' dir='ltr'>est</span> <span class='ocrx_word' id='word_1_149' title='bbox 1172 2185 1200 2240; x_wconf 91' lang='lat' dir='ltr'>in</span> <span class='ocrx_word' id='word_1_150' title='bbox 1217 2185 1301 2238; x_wconf 86' lang='lat' dir='ltr'>tribus</span> <span class='ocrx_word' id='word_1_151' title='bbox 1319 2184 1391 2238; x_wconf 88' lang='lat' dir='ltr'>eodi-</span> 
     </span>
     <span class='ocr_line' id='line_1_18' title="bbox 154 2251 1391 2323; baseline 0.001 -19"><span class='ocrx_word' id='word_1_152' title='bbox 154 2251 233 2305; x_wconf 85' lang='lat' dir='ltr'>sicuti</span> <span class='ocrx_word' id='word_1_153' title='bbox 249 2260 378 2305; x_wconf 85' lang='lat' dir='ltr'>vocantur</span> <span class='ocrx_word' id='word_1_154' title='bbox 394 2253 465 2322; x_wconf 82' lang='lat' dir='ltr'>apud</span> <span class='ocrx_word' id='word_1_155' title='bbox 479 2251 621 2306; x_wconf 88' lang='lat' dir='ltr'>Arriunum</span> <span class='ocrx_word' id='word_1_156' title='bbox 637 2253 754 2323; x_wconf 88' lang='lat' dir='ltr'>pluribus</span> <span class='ocrx_word' id='word_1_157' title='bbox 789 2251 861 2307; x_wconf 80' lang='lat' dir='ltr'>cibus</span> <span class='ocrx_word' id='word_1_158' title='bbox 884 2254 1018 2309; x_wconf 83' lang='lat' dir='ltr'>Snakeub.</span> <span class='ocrx_word' id='word_1_159' title='bbox 1035 2263 1064 2308; x_wconf 87' lang='lat' dir='ltr'>et</span> <span class='ocrx_word' id='word_1_160' title='bbox 1089 2254 1188 2310; x_wconf 89' lang='lat' dir='ltr'>nostris</span> <span class='ocrx_word' id='word_1_161' title='bbox 1204 2254 1274 2307; x_wconf 88' lang='lat' dir='ltr'>Flor.</span> <span class='ocrx_word' id='word_1_162' title='bbox 1289 2251 1391 2307; x_wconf 74' lang='lat' dir='ltr'>ancil</span> 
     </span>
     <span class='ocr_line' id='line_1_19' title="bbox 154 2319 1390 2394; baseline -0.001 -21"><span class='ocrx_word' id='word_1_163' title='bbox 154 2319 217 2374; x_wconf 74' lang='lat' dir='ltr'>loeis</span> <span class='ocrx_word' id='word_1_164' title='bbox 235 2327 264 2373; x_wconf 88' lang='lat' dir='ltr'>et</span> <span class='ocrx_word' id='word_1_165' title='bbox 285 2337 365 2390; x_wconf 81' lang='lat' dir='ltr'>supra</span> <span class='ocrx_word' id='word_1_166' title='bbox 381 2335 422 2386; x_wconf 81' lang='lat' dir='ltr'>vr,</span> <span class='ocrx_word' id='word_1_167' title='bbox 438 2327 467 2374; x_wconf 77' lang='lat'>18</span> <span class='ocrx_word' id='word_1_168' title='bbox 492 2337 527 2374; x_wconf 85' lang='lat' dir='ltr'>ex</span> <span class='ocrx_word' id='word_1_169' title='bbox 548 2321 669 2375; x_wconf 83' lang='lat' dir='ltr'>codicum</span> <span class='ocrx_word' id='word_1_170' title='bbox 691 2322 754 2375; x_wconf 86' lang='lat' dir='ltr'>seri·</span> <span class='ocrx_word' id='word_1_171' title='bbox 789 2321 867 2374; x_wconf 86' lang='lat' dir='ltr'>Bern.</span> <span class='ocrx_word' id='word_1_172' title='bbox 877 2323 926 2375; x_wconf 84' lang='lat' dir='ltr'>AB</span> <span class='ocrx_word' id='word_1_173' title='bbox 944 2323 1076 2394; x_wconf 81' lang='lat' dir='ltr'>armagis</span> <span class='ocrx_word' id='word_1_174' title='bbox 1095 2323 1174 2376; x_wconf 87' lang='lat' dir='ltr'>etiam</span> <span class='ocrx_word' id='word_1_175' title='bbox 1188 2320 1299 2376; x_wconf 89' lang='lat' dir='ltr'>hominis</span> <span class='ocrx_word' id='word_1_176' title='bbox 1312 2331 1390 2374; x_wconf 88' lang='lat' dir='ltr'>natu-</span> 
     </span>
     <span class='ocr_line' id='line_1_20' title="bbox 153 2389 1390 2462; baseline 0 -20"><span class='ocrx_word' id='word_1_177' title='bbox 153 2395 231 2461; x_wconf 87' lang='lat' dir='ltr'>pturu</span> <span class='ocrx_word' id='word_1_178' title='bbox 243 2389 389 2442; x_wconf 80' lang='lat' dir='ltr'>Taurorum</span> <span class='ocrx_word' id='word_1_179' title='bbox 402 2389 482 2459; x_wconf 85' lang='lat' dir='ltr'>vulgo</span> <span class='ocrx_word' id='word_1_180' title='bbox 497 2389 627 2444; x_wconf 84' lang='lat' dir='ltr'>scribitur.</span> <span class='ocrx_word' id='word_1_181' title='bbox 654 2389 755 2444; x_wconf 87' lang='lat' dir='ltr'>Verum</span> <span class='ocrx_word' id='word_1_182' title='bbox 787 2390 947 2446; x_wconf 82' lang='lat' dir='ltr'>ralemvitae</span> <span class='ocrx_word' id='word_1_183' title='bbox 961 2392 1039 2446; x_wconf 84' lang='lat' dir='ltr'>finem</span> <span class='ocrx_word' id='word_1_184' title='bbox 1054 2392 1192 2462; x_wconf 82' lang='lat' dir='ltr'>signifieat.</span> <span class='ocrx_word' id='word_1_185' title='bbox 1220 2391 1390 2443; x_wconf 72' lang='grc'>1111111810-</span> 
     </span>
     <span class='ocr_line' id='line_1_21' title="bbox 155 2456 1389 2530; baseline -0.001 -20"><span class='ocrx_word' id='word_1_186' title='bbox 155 2457 299 2530; x_wconf 74' lang='grc' dir='ltr'><strong><em>Ταπύρουε</em></strong></span> <span class='ocrx_word' id='word_1_187' title='bbox 315 2456 453 2527; x_wconf 88' lang='lat' dir='ltr'>Polybius,</span> <span class='ocrx_word' id='word_1_188' title='bbox 476 2457 589 2524; x_wconf 85' lang='lat' dir='ltr'>Strabo,</span> <span class='ocrx_word' id='word_1_189' title='bbox 612 2458 755 2529; x_wconf 80' lang='lat' dir='ltr'>Dionysius</span> <span class='ocrx_word' id='word_1_190' title='bbox 788 2462 856 2513; x_wconf 83' lang='lat' dir='ltr'>meai</span> <span class='ocrx_word' id='word_1_191' title='bbox 873 2459 985 2515; x_wconf 85' lang='lat' dir='ltr'>Arriano</span> <span class='ocrx_word' id='word_1_192' title='bbox 1007 2469 1116 2514; x_wconf 84' lang='lat' dir='ltr'>auctore</span> <span class='ocrx_word' id='word_1_193' title='bbox 1141 2458 1269 2512; x_wconf 85' lang='lat' dir='ltr'>edidimus</span> <span class='ocrx_word' id='word_1_194' title='bbox 1286 2458 1332 2511; x_wconf 92' lang='lat' dir='ltr'>lib.</span> <span class='ocrx_word' id='word_1_195' title='bbox 1348 2471 1389 2524; x_wconf 76' lang='lat' dir='ltr'>iu,</span> 
     </span>
     <span class='ocr_line' id='line_1_22' title="bbox 152 2525 1391 2598; baseline -0.001 -19"><span class='ocrx_word' id='word_1_196' title='bbox 152 2525 307 2597; x_wconf 85' lang='lat' dir='ltr'>Perlegeta,</span> <span class='ocrx_word' id='word_1_197' title='bbox 330 2525 364 2579; x_wconf 88' lang='lat' dir='ltr'>al.</span> <span class='ocrx_word' id='word_1_198' title='bbox 382 2525 518 2598; x_wconf 83' lang='lat' dir='ltr'>appellunt</span> <span class='ocrx_word' id='word_1_199' title='bbox 535 2536 563 2580; x_wconf 89' lang='lat' dir='ltr'>et</span> <span class='ocrx_word' id='word_1_200' title='bbox 580 2525 682 2582; x_wconf 83' lang='lat' dir='ltr'>Plinius</span> <span class='ocrx_word' id='word_1_201' title='bbox 698 2535 754 2582; x_wconf 88' lang='lat' dir='ltr'>nat.</span> <span class='ocrx_word' id='word_1_202' title='bbox 790 2533 831 2595; x_wconf 82' lang='lat'>18,</span> <span class='ocrx_word' id='word_1_203' title='bbox 850 2529 951 2583; x_wconf 84' lang='lat' dir='ltr'>codices</span> <span class='ocrx_word' id='word_1_204' title='bbox 973 2529 1044 2584; x_wconf 88' lang='lat' dir='ltr'>enini</span> <span class='ocrx_word' id='word_1_205' title='bbox 1061 2528 1179 2583; x_wconf 87' lang='lat' dir='ltr'>Curtiani</span> <span class='ocrx_word' id='word_1_206' title='bbox 1204 2543 1293 2580; x_wconf 88' lang='lat' dir='ltr'>omnes</span> <span class='ocrx_word' id='word_1_207' title='bbox 1312 2527 1391 2578; x_wconf 79' lang='lat' dir='ltr'>Dira·</span> 
     </span>
     <span class='ocr_line' id='line_1_23' title="bbox 152 2594 1391 2668; baseline -0.002 -20"><span class='ocrx_word' id='word_1_208' title='bbox 152 2595 212 2648; x_wconf 84' lang='lat' dir='ltr'>hist.</span> <span class='ocrx_word' id='word_1_209' title='bbox 228 2611 273 2663; x_wconf 84' lang='lat' dir='ltr'>vr,</span> <span class='ocrx_word' id='word_1_210' title='bbox 293 2601 339 2660; x_wconf 82' lang='lat' dir='ltr'>is,</span> <span class='ocrx_word' id='word_1_211' title='bbox 358 2611 426 2666; x_wconf 88' lang='lat' dir='ltr'>quae</span> <span class='ocrx_word' id='word_1_212' title='bbox 448 2594 578 2650; x_wconf 83' lang='lat' dir='ltr'>scribendi</span> <span class='ocrx_word' id='word_1_213' title='bbox 601 2595 670 2650; x_wconf 87' lang='lat' dir='ltr'>ratio</span> <span class='ocrx_word' id='word_1_214' title='bbox 691 2614 755 2668; x_wconf 91' lang='lat' dir='ltr'>pro·</span> <span class='ocrx_word' id='word_1_215' title='bbox 788 2599 864 2650; x_wconf 82' lang='lat' dir='ltr'>meni.</span> <span class='ocrx_word' id='word_1_216' title='bbox 904 2597 968 2652; x_wconf 89' lang='lat' dir='ltr'>Non</span> <span class='ocrx_word' id='word_1_217' title='bbox 994 2607 1036 2651; x_wconf 87' lang='lat' dir='ltr'>est</span> <span class='ocrx_word' id='word_1_218' title='bbox 1061 2605 1150 2650; x_wconf 85' lang='lat' dir='ltr'>sutem</span> <span class='ocrx_word' id='word_1_219' title='bbox 1176 2595 1297 2659; x_wconf 88' lang='lat' dir='ltr'>dubium,</span> <span class='ocrx_word' id='word_1_220' title='bbox 1325 2594 1391 2665; x_wconf 89' lang='lat' dir='ltr'>quin</span> 
     </span>
     <span class='ocr_line' id='line_1_24' title="bbox 151 2661 1391 2734; baseline -0.002 -18"><span class='ocrx_word' id='word_1_221' title='bbox 151 2663 210 2734; x_wconf 88' lang='lat' dir='ltr'>pius</span> <span class='ocrx_word' id='word_1_222' title='bbox 241 2663 342 2718; x_wconf 82' lang='lat' dir='ltr'>accedit</span> <span class='ocrx_word' id='word_1_223' title='bbox 372 2663 406 2716; x_wconf 87' lang='lat' dir='ltr'>ad</span> <span class='ocrx_word' id='word_1_224' title='bbox 437 2663 548 2718; x_wconf 82' lang='lat' dir='ltr'>codices.</span> <span class='ocrx_word' id='word_1_225' title='bbox 587 2663 752 2718; x_wconf 86' lang='lat' dir='ltr'>Hodiernum</span> <span class='ocrx_word' id='word_1_226' title='bbox 788 2663 894 2718; x_wconf 85' lang='lat' dir='ltr'>Graecis</span> <span class='ocrx_word' id='word_1_227' title='bbox 911 2665 1023 2719; x_wconf 83' lang='lat' dir='ltr'>librariis</span> <span class='ocrx_word' id='word_1_228' title='bbox 1040 2665 1068 2718; x_wconf 92' lang='lat' dir='ltr'>in</span> <span class='ocrx_word' id='word_1_229' title='bbox 1086 2663 1188 2719; x_wconf 83' lang='lat' dir='ltr'>Graeco</span> <span class='ocrx_word' id='word_1_230' title='bbox 1205 2661 1312 2717; x_wconf 90' lang='lat' dir='ltr'>nomine</span> <span class='ocrx_word' id='word_1_231' title='bbox 1329 2662 1391 2731; x_wconf 88' lang='lat' dir='ltr'>plus</span> 
     </span>
     <span class='ocr_line' id='line_1_25' title="bbox 150 2731 1073 2813; baseline 0 -27"><span class='ocrx_word' id='word_1_232' title='bbox 150 2731 266 2813; x_wconf 69' lang='lat' dir='ltr'>regionis</span> <span class='ocrx_word' id='word_1_233' title='bbox 283 2747 380 2786; x_wconf 90' lang='lat' dir='ltr'>nomen</span> <span class='ocrx_word' id='word_1_234' title='bbox 393 2732 552 2788; x_wconf 83' lang='lat' dir='ltr'>Taberistan</span> <span class='ocrx_word' id='word_1_235' title='bbox 569 2732 631 2788; x_wconf 90' lang='lat' dir='ltr'>hinc</span> <span class='ocrx_word' id='word_1_236' title='bbox 646 2731 753 2786; x_wconf 85' lang='lat' dir='ltr'>videtur</span> <span class='ocrx_word' id='word_1_237' title='bbox 786 2733 847 2786; x_wconf 87' lang='lat' dir='ltr'>fidei</span> <span class='ocrx_word' id='word_1_238' title='bbox 864 2734 1013 2787; x_wconf 83' lang='lat' dir='ltr'>habendum</span> <span class='ocrx_word' id='word_1_239' title='bbox 1030 2733 1073 2786; x_wconf 86' lang='lat' dir='ltr'>sit.</span> 
     </span>
     <span class='ocr_line' id='line_1_26' title="bbox 152 2799 1393 2871; baseline -0.004 -18"><span class='ocrx_word' id='word_1_240' title='bbox 152 2818 190 2854; x_wconf 87' lang='lat' dir='ltr'>on</span> <span class='ocrx_word' id='word_1_241' title='bbox 211 2801 279 2853; x_wconf 84' lang='lat' dir='ltr'>&#39;nem</span> <span class='ocrx_word' id='word_1_242' title='bbox 297 2801 400 2854; x_wconf 82' lang='lat' dir='ltr'>ducere.</span> <span class='ocrx_word' id='word_1_243' title='bbox 693 2803 695 2811; x_wconf 89' lang='lat'>&#39;</span> <span class='ocrx_word' id='word_1_244' title='bbox 821 2801 886 2871; x_wconf 84' lang='lat' dir='ltr'>Cap.</span> <span class='ocrx_word' id='word_1_245' title='bbox 898 2810 938 2866; x_wconf 86' lang='lat'>14,</span> <span class='ocrx_word' id='word_1_246' title='bbox 948 2805 971 2870; x_wconf 77' lang='lat'>§.</span> <span class='ocrx_word' id='word_1_247' title='bbox 984 2811 1005 2854; x_wconf 92' lang='lat'>1.</span> <span class='ocrx_word' id='word_1_248' title='bbox 1043 2801 1168 2871; x_wconf 82' lang='lat' dir='ltr'>Gabaza]</span> <span class='ocrx_word' id='word_1_249' title='bbox 1201 2799 1307 2853; x_wconf 82' lang='lat' dir='ltr'>Nomen</span> <span class='ocrx_word' id='word_1_250' title='bbox 1320 2804 1393 2850; x_wconf 81' lang='lat' dir='ltr'>eete-</span> 
     </span>
    </p>

    <p class='ocr_par' dir='ltr' id='par_1_7' title="bbox 144 2867 1396 3145">
     <span class='ocr_line' id='line_1_27' title="bbox 211 2867 1392 2950; baseline -0.005 -28"><span class='ocrx_word' id='word_1_251' title='bbox 211 2872 338 2923; x_wconf 79' lang='lat' dir='ltr'>hradaten</span> <span class='ocrx_word' id='word_1_252' title='bbox 359 2887 409 2950; x_wconf 86' lang='lat' dir='ltr'>pro</span> <span class='ocrx_word' id='word_1_253' title='bbox 426 2868 497 2940; x_wconf 83' lang='lat' dir='ltr'>vulg.</span> <span class='ocrx_word' id='word_1_254' title='bbox 515 2869 675 2922; x_wconf 75' lang='lat' dir='ltr'>Phradatem</span> <span class='ocrx_word' id='word_1_255' title='bbox 693 2885 752 2921; x_wconf 85' lang='lat' dir='ltr'>eum</span> <span class='ocrx_word' id='word_1_256' title='bbox 785 2869 821 2922; x_wconf 90' lang='lat' dir='ltr'>ris</span> <span class='ocrx_word' id='word_1_257' title='bbox 851 2869 981 2923; x_wconf 84' lang='lat' dir='ltr'>historicis</span> <span class='ocrx_word' id='word_1_258' title='bbox 1010 2878 1040 2922; x_wconf 88' lang='lat' dir='ltr'>et</span> <span class='ocrx_word' id='word_1_259' title='bbox 1071 2867 1229 2938; x_wconf 67' lang='lat' dir='ltr'>geographis</span> <span class='ocrx_word' id='word_1_260' title='bbox 1259 2867 1392 2935; x_wconf 81' lang='lat' dir='ltr'>ignotum,</span> 
     </span>
     <span class='ocr_line' id='line_1_28' title="bbox 151 2933 1393 3012; baseline -0.008 -20"><span class='ocrx_word' id='word_1_261' title='bbox 151 2937 283 2992; x_wconf 84' lang='lat' dir='ltr'>Snskenb.</span> <span class='ocrx_word' id='word_1_262' title='bbox 310 2938 428 2991; x_wconf 80' lang='lat' dir='ltr'>dedimus</span> <span class='ocrx_word' id='word_1_263' title='bbox 455 2938 596 2992; x_wconf 87' lang='lat' dir='ltr'>secundum</span> <span class='ocrx_word' id='word_1_264' title='bbox 617 2936 703 2990; x_wconf 86' lang='lat' dir='ltr'>&#39;Bem.</span> <span class='ocrx_word' id='word_1_265' title='bbox 726 2939 752 2990; x_wconf 88' lang='lat' dir='ltr'>A</span> <span class='ocrx_word' id='word_1_266' title='bbox 785 2936 911 3008; x_wconf 78' lang='lat' dir='ltr'>seriptum</span> <span class='ocrx_word' id='word_1_267' title='bbox 933 2946 974 2991; x_wconf 86' lang='lat' dir='ltr'>est</span> <span class='ocrx_word' id='word_1_268' title='bbox 995 2955 1012 2990; x_wconf 83' lang='lat' dir='ltr'>a</span> <span class='ocrx_word' id='word_1_269' title='bbox 1032 2937 1107 2990; x_wconf 88' lang='lat' dir='ltr'>nobis</span> <span class='ocrx_word' id='word_1_270' title='bbox 1131 2936 1197 2989; x_wconf 88' lang='lat' dir='ltr'>sicut</span> <span class='ocrx_word' id='word_1_271' title='bbox 1219 2943 1261 2987; x_wconf 87' lang='lat' dir='ltr'>est</span> <span class='ocrx_word' id='word_1_272' title='bbox 1282 2933 1310 2986; x_wconf 91' lang='lat' dir='ltr'>iii</span> <span class='ocrx_word' id='word_1_273' title='bbox 1332 2933 1393 3012; x_wconf 80' lang='lat' dir='ltr'>edd.</span> 
     </span>
     <span class='ocr_line' id='line_1_29' title="bbox 150 2999 1396 3073; baseline -0.006 -15"><span class='ocrx_word' id='word_1_274' title='bbox 150 3006 223 3059; x_wconf 88' lang='lat' dir='ltr'>Flor.</span> <span class='ocrx_word' id='word_1_275' title='bbox 241 3005 371 3071; x_wconf 84' lang='lat' dir='ltr'>ADEGI,</span> <span class='ocrx_word' id='word_1_276' title='bbox 417 3008 563 3060; x_wconf 77' lang='lat' dir='ltr'>haradatea</span> <span class='ocrx_word' id='word_1_277' title='bbox 581 3004 608 3059; x_wconf 93' lang='lat' dir='ltr'>in</span> <span class='ocrx_word' id='word_1_278' title='bbox 626 3003 698 3059; x_wconf 89' lang='lat' dir='ltr'>Flor.</span> <span class='ocrx_word' id='word_1_279' title='bbox 719 3003 750 3073; x_wconf 83' lang='grc' dir='ltr'>Ο,</span> <span class='ocrx_word' id='word_1_280' title='bbox 785 3015 851 3058; x_wconf 86' lang='lat' dir='ltr'>vett.</span> <span class='ocrx_word' id='word_1_281' title='bbox 869 3013 897 3058; x_wconf 88' lang='lat' dir='ltr'>et</span> <span class='ocrx_word' id='word_1_282' title='bbox 916 3003 1124 3058; x_wconf 64' lang='lat' dir='ltr'>aroasianus</span> <span class='ocrx_word' id='word_1_283' title='bbox 1143 3004 1222 3056; x_wconf 88' lang='lat' dir='ltr'>Bern.</span> <span class='ocrx_word' id='word_1_284' title='bbox 1233 3003 1265 3054; x_wconf 87' lang='lat' dir='ltr'>B.</span> <span class='ocrx_word' id='word_1_285' title='bbox 1294 2999 1396 3052; x_wconf 78' lang='lat' dir='ltr'>Aldina</span> 
     </span>
     <span class='ocr_line' id='line_1_30' title="bbox 144 3025 1395 3145; baseline -0.007 -17"><span class='ocrx_word' id='word_1_286' title='bbox 144 3077 321 3145; x_wconf 81' lang='lat' dir='ltr'>pharudaiem</span> <span class='ocrx_word' id='word_1_287' title='bbox 337 3074 365 3128; x_wconf 90' lang='lat' dir='ltr'>in</span> <span class='ocrx_word' id='word_1_288' title='bbox 381 3025 491 3128; x_wconf 62' lang='lat' dir='ltr'>illasii</span> <span class='ocrx_word' id='word_1_289' title='bbox 509 3073 621 3128; x_wconf 82' lang='lat' dir='ltr'>BernB</span> <span class='ocrx_word' id='word_1_290' title='bbox 639 3081 689 3127; x_wconf 90' lang='lat' dir='ltr'>est.</span> <span class='ocrx_word' id='word_1_291' title='bbox 787 3074 918 3145; x_wconf 83' lang='lat' dir='ltr'>scriptura</span> <span class='ocrx_word' id='word_1_292' title='bbox 940 3075 1020 3127; x_wconf 83' lang='lat' dir='ltr'>bobas</span> <span class='ocrx_word' id='word_1_293' title='bbox 1044 3072 1182 3141; x_wconf 73' lang='lat' dir='ltr'>singularis</span> <span class='ocrx_word' id='word_1_294' title='bbox 1225 3086 1315 3122; x_wconf 85' lang='lat' dir='ltr'>rorsus</span> <span class='ocrx_word' id='word_1_295' title='bbox 1343 3077 1395 3120; x_wconf 87' lang='lat' dir='ltr'>est.</span> 
     </span>
    </p>

    <p class='ocr_par' dir='ltr' id='par_1_8' title="bbox 148 3135 1420 4516">
     <span class='ocr_line' id='line_1_31' title="bbox 185 3135 1395 3208; baseline -0.007 -12"><span class='ocrx_word' id='word_1_296' title='bbox 185 3144 294 3196; x_wconf 84' lang='lat' dir='ltr'>Arsamr&#39;</span> <span class='ocrx_word' id='word_1_297' title='bbox 310 3143 490 3207; x_wconf 86' lang='lat' dir='ltr'>scribendum,</span> <span class='ocrx_word' id='word_1_298' title='bbox 508 3161 562 3196; x_wconf 91' lang='lat' dir='ltr'>non</span> <span class='ocrx_word' id='word_1_299' title='bbox 579 3143 693 3208; x_wconf 80' lang='lat' dir='ltr'>Aricini,</span> <span class='ocrx_word' id='word_1_300' title='bbox 711 3158 752 3194; x_wconf 92' lang='lat' dir='ltr'>se·</span> <span class='ocrx_word' id='word_1_301' title='bbox 787 3142 840 3196; x_wconf 85' lang='lat' dir='ltr'>Sed</span> <span class='ocrx_word' id='word_1_302' title='bbox 858 3143 936 3196; x_wconf 87' lang='lat' dir='ltr'>Berii.</span> <span class='ocrx_word' id='word_1_303' title='bbox 949 3145 974 3195; x_wconf 84' lang='grc' dir='ltr'>Α</span> <span class='ocrx_word' id='word_1_304' title='bbox 992 3142 1066 3195; x_wconf 86' lang='lat' dir='ltr'>Leid.</span> <span class='ocrx_word' id='word_1_305' title='bbox 1087 3144 1191 3193; x_wconf 75' lang='lat' dir='ltr'>Voss]</span> <span class='ocrx_word' id='word_1_306' title='bbox 1236 3137 1269 3191; x_wconf 83' lang='lat' dir='ltr'>al.</span> <span class='ocrx_word' id='word_1_307' title='bbox 1288 3144 1300 3190; x_wconf 93' lang='lat'>1</span> <span class='ocrx_word' id='word_1_308' title='bbox 1322 3135 1395 3189; x_wconf 86' lang='lat' dir='ltr'>Flor.</span> 
     </span>
     <span class='ocr_line' id='line_1_32' title="bbox 151 3207 1396 3281; baseline -0.007 -16"><span class='ocrx_word' id='word_1_309' title='bbox 151 3211 263 3265; x_wconf 88' lang='lat' dir='ltr'>cundum</span> <span class='ocrx_word' id='word_1_310' title='bbox 281 3211 576 3278; x_wconf 87' lang='lat' dir='ltr'>codicesetAriianum,</span> <span class='ocrx_word' id='word_1_311' title='bbox 594 3211 751 3281; x_wconf 84' lang='lat' dir='ltr'>apudquem</span> <span class='ocrx_word' id='word_1_312' title='bbox 784 3211 834 3266; x_wconf 81' lang='lat' dir='ltr'>Fu</span> <span class='ocrx_word' id='word_1_313' title='bbox 855 3211 977 3278; x_wconf 80' lang='lat' dir='ltr'>Gazaba,</span> <span class='ocrx_word' id='word_1_314' title='bbox 996 3211 1068 3264; x_wconf 82' lang='lat' dir='ltr'>Flor.</span> <span class='ocrx_word' id='word_1_315' title='bbox 1083 3208 1120 3263; x_wconf 83' lang='lat'>01</span> <span class='ocrx_word' id='word_1_316' title='bbox 1140 3209 1266 3273; x_wconf 84' lang='lat' dir='ltr'>Garaba,</span> <span class='ocrx_word' id='word_1_317' title='bbox 1285 3207 1396 3258; x_wconf 69' lang='lat' dir='ltr'>Vocat</span> 
     </span>
     <span class='ocr_line' id='line_1_33' title="bbox 150 3281 1348 3352; baseline 0.002 -20"><span class='ocrx_word' id='word_1_318' title='bbox 150 3287 244 3346; x_wconf 58' lang='grc'>11111,</span> <span class='ocrx_word' id='word_1_319' title='bbox 255 3281 427 3348; x_wconf 82' lang='lat' dir='ltr'>12&#39;ilrsames,</span> <span class='ocrx_word' id='word_1_320' title='bbox 437 3281 519 3334; x_wconf 86' lang='lat' dir='ltr'>Persa</span> <span class='ocrx_word' id='word_1_321' title='bbox 527 3296 634 3350; x_wconf 83' lang='lat' dir='ltr'>genere,</span> <span class='ocrx_word' id='word_1_322' title='bbox 644 3290 716 3332; x_wconf 86' lang='lat' dir='ltr'>satra</span> <span class='ocrx_word' id='word_1_323' title='bbox 785 3281 898 3334; x_wconf 81' lang='lat' dir='ltr'>Sabura.</span> <span class='ocrx_word' id='word_1_324' title='bbox 1341 3339 1348 3352; x_wconf 38' lang='lat'><strong>¹</strong></span> 
     </span>
     <span class='ocr_line' id='line_1_34' title="bbox 148 3344 1398 3422; baseline -0.009 -19"><span class='ocrx_word' id='word_1_325' title='bbox 148 3348 272 3403; x_wconf 79' lang='lat' dir='ltr'>Ariorum</span> <span class='ocrx_word' id='word_1_326' title='bbox 292 3347 442 3404; x_wconf 80' lang='lat' dir='ltr'>instituitur</span> <span class='ocrx_word' id='word_1_327' title='bbox 458 3348 637 3403; x_wconf 81' lang='lat' dir='ltr'>Satibarzanis</span> <span class='ocrx_word' id='word_1_328' title='bbox 658 3365 709 3419; x_wconf 90' lang='lat' dir='ltr'>pro</span> <span class='ocrx_word' id='word_1_329' title='bbox 729 3349 750 3403; x_wconf 91' lang='lat' dir='ltr'>i·</span> <span class='ocrx_word' id='word_1_330' title='bbox 819 3351 842 3418; x_wconf 66' lang='grc' dir='ltr'>ς.</span> <span class='ocrx_word' id='word_1_331' title='bbox 856 3356 880 3402; x_wconf 80' lang='lat'>2.</span> <span class='ocrx_word' id='word_1_332' title='bbox 916 3348 1051 3402; x_wconf 79' lang='lat' dir='ltr'>obsmirior</span> <span class='ocrx_word' id='word_1_333' title='bbox 1074 3356 1159 3399; x_wconf 82' lang='lat' dir='ltr'>tamea</span> <span class='ocrx_word' id='word_1_334' title='bbox 1176 3344 1311 3422; x_wconf 66' lang='lat' dir='ltr'>pristino,</span> <span class='ocrx_word' id='word_1_335' title='bbox 1340 3360 1358 3394; x_wconf 92' lang='lat' dir='ltr'>i.</span> <span class='ocrx_word' id='word_1_336' title='bbox 1374 3357 1398 3393; x_wconf 89' lang='lat' dir='ltr'>e.</span> 
     </span>
     <span class='ocr_line' id='line_1_35' title="bbox 149 3408 1399 3489; baseline -0.009 -18"><span class='ocrx_word' id='word_1_337' title='bbox 149 3417 213 3471; x_wconf 86' lang='lat' dir='ltr'>toris</span> <span class='ocrx_word' id='word_1_338' title='bbox 231 3417 300 3484; x_wconf 87' lang='lat' dir='ltr'>loco,</span> <span class='ocrx_word' id='word_1_339' title='bbox 319 3419 413 3471; x_wconf 89' lang='lat' dir='ltr'>deinde</span> <span class='ocrx_word' id='word_1_340' title='bbox 430 3424 621 3484; x_wconf 80' lang='lat' dir='ltr'>c.29‚10com</span> <span class='ocrx_word' id='word_1_341' title='bbox 641 3417 750 3472; x_wconf 89' lang='lat' dir='ltr'>rehendi</span> <span class='ocrx_word' id='word_1_342' title='bbox 784 3417 880 3488; x_wconf 90' lang='lat' dir='ltr'>priore,</span> <span class='ocrx_word' id='word_1_343' title='bbox 899 3414 1019 3488; x_wconf 84' lang='lat' dir='ltr'>proxime</span> <span class='ocrx_word' id='word_1_344' title='bbox 1036 3413 1222 3484; x_wconf 84' lang='lat' dir='ltr'>praecedente.</span> <span class='ocrx_word' id='word_1_345' title='bbox 1258 3411 1305 3466; x_wconf 85' lang='lat' dir='ltr'>Sic</span> <span class='ocrx_word' id='word_1_346' title='bbox 1319 3408 1399 3489; x_wconf 79' lang='lat' dir='ltr'>Caes.</span> 
     </span>
     <span class='ocr_line' id='line_1_36' title="bbox 149 3435 1399 3560; baseline -0.007 -22"><span class='ocrx_word' id='word_1_347' title='bbox 149 3503 167 3538; x_wconf 82' lang='lat' dir='ltr'>a</span> <span class='ocrx_word' id='word_1_348' title='bbox 188 3485 330 3539; x_wconf 80' lang='lat' dir='ltr'>Stasanore</span> <span class='ocrx_word' id='word_1_349' title='bbox 355 3485 460 3539; x_wconf 83' lang='lat' dir='ltr'>iubetur</span> <span class='ocrx_word' id='word_1_350' title='bbox 484 3485 546 3556; x_wconf 84' lang='lat' dir='ltr'>quis</span> <span class='ocrx_word' id='word_1_351' title='bbox 567 3435 750 3539; x_wconf 51' lang='lat' dir='ltr'>&amp;delineanda</span> <span class='ocrx_word' id='word_1_352' title='bbox 784 3485 906 3540; x_wconf 89' lang='lat' dir='ltr'>debello</span> <span class='ocrx_word' id='word_1_353' title='bbox 925 3484 1049 3540; x_wconf 73' lang='lat' dir='ltr'>Gallis.</span> <span class='ocrx_word' id='word_1_354' title='bbox 1068 3490 1101 3535; x_wconf 89' lang='grc'>14</span> <span class='ocrx_word' id='word_1_355' title='bbox 1123 3483 1216 3534; x_wconf 77' lang='lat' dir='ltr'>milites</span> <span class='ocrx_word' id='word_1_356' title='bbox 1234 3479 1326 3560; x_wconf 68' lang='lat' dir='ltr'>riustri</span> <span class='ocrx_word' id='word_1_357' title='bbox 1361 3494 1399 3529; x_wconf 85' lang='lat' dir='ltr'>ri·</span> 
     </span>
     <span class='ocr_line' id='line_1_37' title="bbox 149 3547 1400 3638; baseline -0.007 -33"><span class='ocrx_word' id='word_1_358' title='bbox 149 3552 297 3605; x_wconf 81' lang='lat' dir='ltr'>videbatur.</span> <span class='ocrx_word' id='word_1_359' title='bbox 329 3554 409 3638; x_wconf 81' lang='lat' dir='ltr'>Apud</span> <span class='ocrx_word' id='word_1_360' title='bbox 425 3555 537 3607; x_wconf 88' lang='lat' dir='ltr'>eundem</span> <span class='ocrx_word' id='word_1_361' title='bbox 554 3562 644 3608; x_wconf 82' lang='lat' dir='ltr'>tamen</span> <span class='ocrx_word' id='word_1_362' title='bbox 657 3563 750 3608; x_wconf 81' lang='lat' dir='ltr'>aucto-</span> <span class='ocrx_word' id='word_1_363' title='bbox 783 3557 848 3607; x_wconf 77' lang='lat' dir='ltr'>utini</span> <span class='ocrx_word' id='word_1_364' title='bbox 865 3556 916 3606; x_wconf 81' lang='lat' dir='ltr'>diet</span> <span class='ocrx_word' id='word_1_365' title='bbox 930 3553 1046 3622; x_wconf 83' lang='lat' dir='ltr'>perfidia</span> <span class='ocrx_word' id='word_1_366' title='bbox 1065 3551 1177 3614; x_wconf 69' lang='lat' dir='ltr'>incitati,</span> <span class='ocrx_word' id='word_1_367' title='bbox 1195 3548 1242 3600; x_wconf 92' lang='lat' dir='ltr'>ubi</span> <span class='ocrx_word' id='word_1_368' title='bbox 1259 3547 1324 3598; x_wconf 88' lang='lat' dir='ltr'>vide</span> <span class='ocrx_word' id='word_1_369' title='bbox 1371 3562 1400 3596; x_wconf 86' lang='lat' dir='ltr'>a·</span> 
     </span>
     <span class='ocr_line' id='line_1_38' title="bbox 149 3617 1399 3692; baseline -0.008 -18"><span class='ocrx_word' id='word_1_370' title='bbox 149 3635 205 3674; x_wconf 85' lang='lat' dir='ltr'>rem</span> <span class='ocrx_word' id='word_1_371' title='bbox 227 3633 268 3686; x_wconf 83' lang='lat' dir='ltr'>iv,</span> <span class='ocrx_word' id='word_1_372' title='bbox 297 3627 329 3674; x_wconf 85' lang='grc'>18</span> <span class='ocrx_word' id='word_1_373' title='bbox 355 3625 482 3674; x_wconf 78' lang='lat' dir='ltr'>Stasanor</span> <span class='ocrx_word' id='word_1_374' title='bbox 507 3639 524 3674; x_wconf 82' lang='lat' dir='ltr'>a</span> <span class='ocrx_word' id='word_1_375' title='bbox 548 3638 611 3690; x_wconf 72' lang='lat' dir='ltr'>rege</span> <span class='ocrx_word' id='word_1_376' title='bbox 634 3623 749 3690; x_wconf 79' lang='lat' dir='ltr'>Drangis</span> <span class='ocrx_word' id='word_1_377' title='bbox 783 3621 877 3674; x_wconf 82' lang='lat' dir='ltr'>virium</span> <span class='ocrx_word' id='word_1_378' title='bbox 903 3621 1059 3673; x_wconf 79' lang='lat' dir='ltr'>laudantem</span> <span class='ocrx_word' id='word_1_379' title='bbox 1086 3617 1196 3671; x_wconf 84' lang='lat' dir='ltr'>Sueton.</span> <span class='ocrx_word' id='word_1_380' title='bbox 1223 3617 1294 3684; x_wconf 77' lang='lat' dir='ltr'>Aug.</span> <span class='ocrx_word' id='word_1_381' title='bbox 1321 3631 1350 3692; x_wconf 38' lang='lat' dir='ltr'>c..</span> <span class='ocrx_word' id='word_1_382' title='bbox 1366 3619 1399 3665; x_wconf 82' lang='lat'>94</span> 
     </span>
     <span class='ocr_line' id='line_1_39' title="bbox 149 3681 1398 3760; baseline -0.007 -19"><span class='ocrx_word' id='word_1_383' title='bbox 149 3687 308 3760; x_wconf 82' lang='lat' dir='ltr'>praeficitur,</span> <span class='ocrx_word' id='word_1_384' title='bbox 323 3687 445 3740; x_wconf 88' lang='lat' dir='ltr'>nimirum</span> <span class='ocrx_word' id='word_1_385' title='bbox 454 3689 578 3742; x_wconf 86' lang='lat' dir='ltr'>videntur</span> <span class='ocrx_word' id='word_1_386' title='bbox 589 3690 616 3742; x_wconf 90' lang='lat' dir='ltr'>hi</span> <span class='ocrx_word' id='word_1_387' title='bbox 626 3689 749 3743; x_wconf 83' lang='lat' dir='ltr'>Ariorum</span> <span class='ocrx_word' id='word_1_388' title='bbox 784 3692 911 3742; x_wconf 81' lang='lat' dir='ltr'>samniam</span> <span class='ocrx_word' id='word_1_389' title='bbox 935 3689 1072 3757; x_wconf 72' lang='lat' dir='ltr'>pristinae</span> <span class='ocrx_word' id='word_1_390' title='bbox 1102 3685 1184 3736; x_wconf 76' lang='lat' dir='ltr'>mstis</span> <span class='ocrx_word' id='word_1_391' title='bbox 1206 3681 1398 3748; x_wconf 82' lang='lat' dir='ltr'>familiaribus</span> 
     </span>
     <span class='ocr_line' id='line_1_40' title="bbox 149 3749 1396 3828; baseline -0.01 -18"><span class='ocrx_word' id='word_1_392' title='bbox 149 3765 221 3811; x_wconf 85' lang='lat' dir='ltr'>satra</span> <span class='ocrx_word' id='word_1_393' title='bbox 240 3771 271 3809; x_wconf 87' lang='lat' dir='ltr'>se</span> <span class='ocrx_word' id='word_1_394' title='bbox 287 3757 411 3827; x_wconf 85' lang='lat' dir='ltr'>paruisse.</span> <span class='ocrx_word' id='word_1_395' title='bbox 445 3756 550 3810; x_wconf 86' lang='lat' dir='ltr'>Nomen</span> <span class='ocrx_word' id='word_1_396' title='bbox 584 3757 671 3810; x_wconf 89' lang='lat' dir='ltr'>uideni</span> <span class='ocrx_word' id='word_1_397' title='bbox 685 3773 749 3826; x_wconf 85' lang='lat' dir='ltr'>gen-</span> <span class='ocrx_word' id='word_1_398' title='bbox 778 3757 853 3828; x_wconf 82' lang='lat' dir='ltr'>forte</span> <span class='ocrx_word' id='word_1_399' title='bbox 870 3757 1011 3819; x_wconf 69' lang='lat' dir='ltr'>armabat,</span> <span class='ocrx_word' id='word_1_400' title='bbox 1030 3761 1059 3806; x_wconf 88' lang='lat' dir='ltr'>et</span> <span class='ocrx_word' id='word_1_401' title='bbox 1077 3751 1191 3806; x_wconf 86' lang='lat' dir='ltr'>Gellium</span> <span class='ocrx_word' id='word_1_402' title='bbox 1202 3749 1396 3813; x_wconf 74' lang='lat' dir='ltr'>Noctilttrr,</span> 
     </span>
     <span class='ocr_line' id='line_1_41' title="bbox 148 3774 1396 3893; baseline -0.01 -14"><span class='ocrx_word' id='word_1_403' title='bbox 148 3826 184 3880; x_wconf 90' lang='lat' dir='ltr'>tis</span> <span class='ocrx_word' id='word_1_404' title='bbox 202 3774 295 3879; x_wconf 66' lang='lat' dir='ltr'>elisio</span> <span class='ocrx_word' id='word_1_405' title='bbox 313 3825 410 3888; x_wconf 79' lang='lat' dir='ltr'>lib.V1,</span> <span class='ocrx_word' id='word_1_406' title='bbox 428 3831 461 3878; x_wconf 77' lang='lat'>24</span> <span class='ocrx_word' id='word_1_407' title='bbox 475 3833 546 3878; x_wconf 87' lang='lat' dir='ltr'>extr.</span> <span class='ocrx_word' id='word_1_408' title='bbox 608 3841 692 3893; x_wconf 74' lang='lat' dir='ltr'>onyae</span> <span class='ocrx_word' id='word_1_409' title='bbox 709 3833 751 3877; x_wconf 86' lang='lat' dir='ltr'>est</span> <span class='ocrx_word' id='word_1_410' title='bbox 784 3831 827 3890; x_wconf 78' lang='grc'>14,</span> <span class='ocrx_word' id='word_1_411' title='bbox 845 3841 862 3876; x_wconf 82' lang='lat' dir='ltr'>a</span> <span class='ocrx_word' id='word_1_412' title='bbox 897 3840 932 3876; x_wconf 92' lang='lat' dir='ltr'>uo</span> <span class='ocrx_word' id='word_1_413' title='bbox 950 3839 998 3874; x_wconf 85' lang='lat' dir='ltr'>sus</span> <span class='ocrx_word' id='word_1_414' title='bbox 1018 3822 1102 3874; x_wconf 88' lang='lat' dir='ltr'>habet</span> <span class='ocrx_word' id='word_1_415' title='bbox 1118 3817 1269 3872; x_wconf 79' lang='lat' dir='ltr'>Macrobius</span> <span class='ocrx_word' id='word_1_416' title='bbox 1287 3816 1396 3870; x_wconf 87' lang='lat' dir='ltr'>Saturn.</span> 
     </span>
     <span class='ocr_line' id='line_1_42' title="bbox 148 3883 1396 3964; baseline -0.012 -15"><span class='ocrx_word' id='word_1_417' title='bbox 148 3895 204 3949; x_wconf 87' lang='lat' dir='ltr'>sine</span> <span class='ocrx_word' id='word_1_418' title='bbox 221 3893 351 3948; x_wconf 83' lang='lat' dir='ltr'>varietate</span> <span class='ocrx_word' id='word_1_419' title='bbox 367 3892 497 3958; x_wconf 87' lang='lat' dir='ltr'>lectionis,</span> <span class='ocrx_word' id='word_1_420' title='bbox 519 3893 608 3964; x_wconf 84' lang='lat' dir='ltr'>itaque</span> <span class='ocrx_word' id='word_1_421' title='bbox 627 3892 675 3946; x_wconf 86' lang='lat' dir='ltr'>hoe</span> <span class='ocrx_word' id='word_1_422' title='bbox 691 3892 750 3946; x_wconf 89' lang='lat' dir='ltr'>loeo</span> <span class='ocrx_word' id='word_1_423' title='bbox 784 3899 871 3957; x_wconf 84' lang='lat' dir='ltr'>1‚c.4.</span> <span class='ocrx_word' id='word_1_424' title='bbox 908 3899 966 3944; x_wconf 89' lang='lat' dir='ltr'>teni</span> <span class='ocrx_word' id='word_1_425' title='bbox 980 3888 1077 3944; x_wconf 83' lang='lat' dir='ltr'>Cicero</span> <span class='ocrx_word' id='word_1_426' title='bbox 1090 3890 1124 3942; x_wconf 90' lang='lat' dir='ltr'>de</span> <span class='ocrx_word' id='word_1_427' title='bbox 1133 3889 1211 3942; x_wconf 85' lang='lat' dir='ltr'>Orat.</span> <span class='ocrx_word' id='word_1_428' title='bbox 1220 3899 1241 3952; x_wconf 89' lang='lat'>1,</span> <span class='ocrx_word' id='word_1_429' title='bbox 1252 3892 1278 3950; x_wconf 88' lang='lat'>8,</span> <span class='ocrx_word' id='word_1_430' title='bbox 1296 3883 1396 3937; x_wconf 83' lang='lat' dir='ltr'>Caesar</span> 
     </span>
     <span class='ocr_line' id='line_1_43' title="bbox 148 3958 1396 4030; baseline -0.013 -13"><span class='ocrx_word' id='word_1_431' title='bbox 148 3961 193 4017; x_wconf 91' lang='lat' dir='ltr'>ubi</span> <span class='ocrx_word' id='word_1_432' title='bbox 201 3961 305 4017; x_wconf 76' lang='lat' dir='ltr'>codioes</span> <span class='ocrx_word' id='word_1_433' title='bbox 313 3964 430 4030; x_wconf 84' lang='lat' dir='ltr'>turbant,</span> <span class='ocrx_word' id='word_1_434' title='bbox 441 3963 551 4028; x_wconf 83' lang='lat' dir='ltr'>(habent</span> <span class='ocrx_word' id='word_1_435' title='bbox 560 3969 649 4014; x_wconf 84' lang='lat' dir='ltr'>sutem</span> <span class='ocrx_word' id='word_1_436' title='bbox 657 3960 751 4030; x_wconf 90' lang='lat' dir='ltr'>optimi</span> <span class='ocrx_word' id='word_1_437' title='bbox 786 3960 819 4012; x_wconf 91' lang='lat' dir='ltr'>de</span> <span class='ocrx_word' id='word_1_438' title='bbox 835 3958 899 4012; x_wconf 86' lang='lat' dir='ltr'>bell.</span> <span class='ocrx_word' id='word_1_439' title='bbox 918 3958 970 4012; x_wconf 81' lang='lat' dir='ltr'>eir.</span> <span class='ocrx_word' id='word_1_440' title='bbox 987 3971 1009 4024; x_wconf 88' lang='lat'>1,</span> <span class='ocrx_word' id='word_1_441' title='bbox 1030 3963 1064 4011; x_wconf 77' lang='grc'>74</span> <span class='ocrx_word' id='word_1_442' title='bbox 1082 3959 1228 4027; x_wconf 80' lang='lat' dir='ltr'>pristinam</span> <span class='ocrx_word' id='word_1_443' title='bbox 1244 3967 1396 4016; x_wconf 79' lang='lat' dir='ltr'>samonem,</span> 
     </span>
     <span class='ocr_line' id='line_1_44' title="bbox 148 4024 1397 4100; baseline -0.014 -15"><span class='ocrx_word' id='word_1_444' title='bbox 148 4033 335 4100; x_wconf 82' lang='lat' dir='ltr'>Drarnearum)</span> <span class='ocrx_word' id='word_1_445' title='bbox 353 4031 423 4085; x_wconf 88' lang='lat' dir='ltr'>idem</span> <span class='ocrx_word' id='word_1_446' title='bbox 440 4029 552 4086; x_wconf 83' lang='lat' dir='ltr'>restitui</span> <span class='ocrx_word' id='word_1_447' title='bbox 586 4029 677 4083; x_wconf 81' lang='lat' dir='ltr'>Etiam</span> <span class='ocrx_word' id='word_1_448' title='bbox 690 4030 751 4081; x_wconf 81' lang='lat' dir='ltr'>Sta·</span> <span class='ocrx_word' id='word_1_449' title='bbox 779 4029 928 4097; x_wconf 66' lang='lat' dir='ltr'>pristinam</span> <span class='ocrx_word' id='word_1_450' title='bbox 950 4027 1092 4096; x_wconf 38' lang='lat' dir='ltr'>,lenitatem</span> <span class='ocrx_word' id='word_1_451' title='bbox 1119 4024 1244 4078; x_wconf 85' lang='lat' dir='ltr'>dixerunt</span> <span class='ocrx_word' id='word_1_452' title='bbox 1269 4035 1302 4070; x_wconf 83' lang='lat' dir='ltr'>ea</span> <span class='ocrx_word' id='word_1_453' title='bbox 1329 4033 1397 4087; x_wconf 89' lang='lat' dir='ltr'>quae</span> 
     </span>
     <span class='ocr_line' id='line_1_45' title="bbox 148 4093 1378 4170; baseline -0.007 -16"><span class='ocrx_word' id='word_1_454' title='bbox 148 4101 253 4154; x_wconf 82' lang='lat' dir='ltr'>sanaris</span> <span class='ocrx_word' id='word_1_455' title='bbox 263 4117 359 4154; x_wconf 89' lang='lat' dir='ltr'>nomen</span> <span class='ocrx_word' id='word_1_456' title='bbox 367 4099 552 4170; x_wconf 87' lang='lat' dir='ltr'>corrumpitur,</span> <span class='ocrx_word' id='word_1_457' title='bbox 564 4107 651 4170; x_wconf 82' lang='lat' dir='ltr'>neque</span> <span class='ocrx_word' id='word_1_458' title='bbox 659 4105 750 4150; x_wconf 77' lang='lat' dir='ltr'>tamen</span> <span class='ocrx_word' id='word_1_459' title='bbox 784 4095 868 4168; x_wconf 86' lang='lat' dir='ltr'>pridie</span> <span class='ocrx_word' id='word_1_460' title='bbox 886 4093 944 4148; x_wconf 87' lang='lat' dir='ltr'>eius</span> <span class='ocrx_word' id='word_1_461' title='bbox 962 4093 1017 4148; x_wconf 85' lang='lat' dir='ltr'>diei</span> <span class='ocrx_word' id='word_1_462' title='bbox 1035 4093 1155 4148; x_wconf 76' lang='lat' dir='ltr'>fluissent.</span> <span class='ocrx_word' id='word_1_463' title='bbox 1362 4153 1378 4165; x_wconf 94' lang='lat'>..</span> 
     </span>
     <span class='ocr_line' id='line_1_46' title="bbox 149 4155 1402 4248; baseline -0.01 -28"><span class='ocrx_word' id='word_1_464' title='bbox 149 4167 264 4222; x_wconf 85' lang='lat' dir='ltr'>dubitari</span> <span class='ocrx_word' id='word_1_465' title='bbox 286 4177 374 4240; x_wconf 81' lang='lat' dir='ltr'>potest</span> <span class='ocrx_word' id='word_1_466' title='bbox 395 4168 458 4248; x_wconf 79' lang='lat' dir='ltr'>quin</span> <span class='ocrx_word' id='word_1_467' title='bbox 480 4167 569 4222; x_wconf 89' lang='lat' dir='ltr'>omnis</span> <span class='ocrx_word' id='word_1_468' title='bbox 590 4183 662 4220; x_wconf 87' lang='lat' dir='ltr'>nunc</span> <span class='ocrx_word' id='word_1_469' title='bbox 677 4173 751 4218; x_wconf 87' lang='lat' dir='ltr'>recte</span> <span class='ocrx_word' id='word_1_470' title='bbox 819 4181 872 4217; x_wconf 82' lang='lat' dir='ltr'>aon</span> <span class='ocrx_word' id='word_1_471' title='bbox 889 4165 947 4215; x_wconf 75' lang='lat' dir='ltr'>aiae</span> <span class='ocrx_word' id='word_1_472' title='bbox 966 4163 1050 4215; x_wconf 80' lang='lat' dir='ltr'>minis</span> <span class='ocrx_word' id='word_1_473' title='bbox 1070 4181 1150 4217; x_wconf 88' lang='lat' dir='ltr'>cresc.</span> <span class='ocrx_word' id='word_1_474' title='bbox 1167 4158 1233 4212; x_wconf 82' lang='lat' dir='ltr'>mali</span> <span class='ocrx_word' id='word_1_475' title='bbox 1249 4155 1402 4224; x_wconf 71' lang='lat' dir='ltr'>praeterat]</span> 
     </span>
     <span class='ocr_line' id='line_1_47' title="bbox 148 4219 1406 4320; baseline 0 -33"><span class='ocrx_word' id='word_1_476' title='bbox 148 4235 279 4305; x_wconf 73' lang='lat' dir='ltr'>legantur,</span> <span class='ocrx_word' id='word_1_477' title='bbox 301 4253 363 4290; x_wconf 85' lang='lat' dir='ltr'>nain</span> <span class='ocrx_word' id='word_1_478' title='bbox 379 4239 441 4291; x_wconf 84' lang='lat' dir='ltr'>ride</span> <span class='ocrx_word' id='word_1_479' title='bbox 457 4237 529 4320; x_wconf 82' lang='lat' dir='ltr'>quod</span> <span class='ocrx_word' id='word_1_480' title='bbox 545 4236 574 4289; x_wconf 88' lang='lat' dir='ltr'>iu</span> <span class='ocrx_word' id='word_1_481' title='bbox 591 4235 663 4289; x_wconf 81' lang='lat' dir='ltr'>Flor.</span> <span class='ocrx_word' id='word_1_482' title='bbox 680 4233 750 4287; x_wconf 86' lang='lat' dir='ltr'>auti·</span> <span class='ocrx_word' id='word_1_483' title='bbox 785 4231 830 4286; x_wconf 86' lang='lat' dir='ltr'>Sia</span> <span class='ocrx_word' id='word_1_484' title='bbox 859 4231 946 4284; x_wconf 86' lang='lat' dir='ltr'>edidit</span> <span class='ocrx_word' id='word_1_485' title='bbox 975 4230 1090 4284; x_wconf 82' lang='lat' dir='ltr'>Medius</span> <span class='ocrx_word' id='word_1_486' title='bbox 1115 4248 1130 4284; x_wconf 88' lang='lat' dir='ltr'>e</span> <span class='ocrx_word' id='word_1_487' title='bbox 1153 4225 1290 4283; x_wconf 73' lang='lat' dir='ltr'>codicibus</span> <span class='ocrx_word' id='word_1_488' title='bbox 1316 4219 1406 4287; x_wconf 64' lang='lat' dir='ltr'>‘lulles</span> 
     </span>
     <span class='ocr_line' id='line_1_48' title="bbox 169 4287 1410 4372; baseline -0.007 -17"><span class='ocrx_word' id='word_1_489' title='bbox 169 4303 273 4359; x_wconf 88' lang='lat' dir='ltr'>nissimo</span> <span class='ocrx_word' id='word_1_490' title='bbox 290 4315 343 4360; x_wconf 88' lang='lat' dir='ltr'>est:</span> <span class='ocrx_word' id='word_1_491' title='bbox 362 4307 470 4360; x_wconf 77' lang='lat' dir='ltr'>Arsame</span> <span class='ocrx_word' id='word_1_492' title='bbox 487 4309 654 4359; x_wconf 84' lang='lat' dir='ltr'>dramearam</span> <span class='ocrx_word' id='word_1_493' title='bbox 666 4319 750 4372; x_wconf 81' lang='lat' dir='ltr'>prae-</span> <span class='ocrx_word' id='word_1_494' title='bbox 785 4305 848 4354; x_wconf 80' lang='lat' dir='ltr'>sunt</span> <span class='ocrx_word' id='word_1_495' title='bbox 869 4300 944 4353; x_wconf 88' lang='lat' dir='ltr'>Flor.</span> <span class='ocrx_word' id='word_1_496' title='bbox 963 4298 1052 4366; x_wconf 81' lang='lat' dir='ltr'>DFI,</span> <span class='ocrx_word' id='word_1_497' title='bbox 1081 4317 1142 4354; x_wconf 89' lang='lat' dir='ltr'>cuin</span> <span class='ocrx_word' id='word_1_498' title='bbox 1168 4303 1251 4349; x_wconf 79' lang='lat' dir='ltr'>antea</span> <span class='ocrx_word' id='word_1_499' title='bbox 1276 4287 1410 4354; x_wconf 64' lang='lat' dir='ltr'>legeretur</span> 
     </span>
     <span class='ocr_line' id='line_1_49' title="bbox 164 4357 1417 4430; baseline -0.011 -6"><span class='ocrx_word' id='word_1_500' title='bbox 164 4375 382 4430; x_wconf 76' lang='lat' dir='ltr'>antesubstitutae</span> <span class='ocrx_word' id='word_1_501' title='bbox 399 4385 437 4430; x_wconf 79' lang='lat' dir='ltr'>est</span> <span class='ocrx_word' id='word_1_502' title='bbox 460 4385 703 4430; x_wconf 75' lang='lat' dir='ltr'>taruanorarsacea</span> <span class='ocrx_word' id='word_1_503' title='bbox 720 4372 750 4423; x_wconf 82' lang='lat' dir='ltr'>ia</span> <span class='ocrx_word' id='word_1_504' title='bbox 784 4387 837 4422; x_wconf 82' lang='lat' dir='ltr'>riori</span> <span class='ocrx_word' id='word_1_505' title='bbox 859 4370 919 4422; x_wconf 79' lang='lat' dir='ltr'>sirie</span> <span class='ocrx_word' id='word_1_506' title='bbox 942 4370 1093 4420; x_wconf 78' lang='lat' dir='ltr'>crescentis</span> <span class='ocrx_word' id='word_1_507' title='bbox 1115 4367 1180 4420; x_wconf 83' lang='lat' dir='ltr'>moli</span> <span class='ocrx_word' id='word_1_508' title='bbox 1202 4363 1319 4414; x_wconf 66' lang='lat' dir='ltr'>dammi</span> <span class='ocrx_word' id='word_1_509' title='bbox 1344 4357 1417 4420; x_wconf 66' lang='lat' dir='ltr'>quod</span> 
     </span>
     <span class='ocr_line' id='line_1_50' title="bbox 150 4417 1420 4516; baseline -0.005 -23"><span class='ocrx_word' id='word_1_510' title='bbox 150 4446 201 4493; x_wconf 87' lang='lat' dir='ltr'>eet.</span> <span class='ocrx_word' id='word_1_511' title='bbox 235 4439 290 4495; x_wconf 86' lang='lat' dir='ltr'>Sed</span> <span class='ocrx_word' id='word_1_512' title='bbox 304 4446 428 4512; x_wconf 81' lang='lat' dir='ltr'>Arsaces,</span> <span class='ocrx_word' id='word_1_513' title='bbox 446 4461 524 4516; x_wconf 86' lang='lat' dir='ltr'>quem</span> <span class='ocrx_word' id='word_1_514' title='bbox 541 4440 648 4496; x_wconf 83' lang='lat' dir='ltr'>Mediae</span> <span class='ocrx_word' id='word_1_515' title='bbox 665 4447 750 4494; x_wconf 81' lang='lat' dir='ltr'>satra·</span> <span class='ocrx_word' id='word_1_516' title='bbox 784 4443 862 4492; x_wconf 70' lang='lat' dir='ltr'>extat</span> <span class='ocrx_word' id='word_1_517' title='bbox 878 4435 908 4490; x_wconf 89' lang='lat' dir='ltr'>in</span> <span class='ocrx_word' id='word_1_518' title='bbox 925 4433 1008 4489; x_wconf 76' lang='lat' dir='ltr'>Leia.</span> <span class='ocrx_word' id='word_1_519' title='bbox 1027 4431 1192 4490; x_wconf 65' lang='lat' dir='ltr'>monnau</span> <span class='ocrx_word' id='word_1_520' title='bbox 1208 4417 1341 4481; x_wconf 65' lang='lat' dir='ltr'>Rem-B·</span> <span class='ocrx_word' id='word_1_521' title='bbox 1363 4422 1420 4476; x_wconf 66' lang='lat' dir='ltr'>Ab·</span> 
     </span>
    </p>
   </div>
   <div class='ocr_carea' id='block_1_4' title="bbox 0 0 1624 5296">
    <p class='ocr_par' dir='ltr' id='par_1_9' title="bbox 0 0 1624 5296">
     <span class='ocr_line' id='line_1_51' title="bbox 0 0 1624 5296; baseline 0 1"><span class='ocrx_word' id='word_1_522' title='bbox 0 0 1624 5296; x_wconf 95' lang='lat' dir='ltr'> </span> 
     </span>
    </p>
   </div>
  </div>
 </body>
</html>
