3254 5292
536 401 586 452 un
613 397 741 454 ossrrs
768 399 1006 471 snex.1v,4.
1342 379 1388 449 67

86 607 125 656 se
144 610 304 686 rapaton,
338 582 441 658 ritmo
472 583 618 676 dacels,
645 594 786 681 propter
817 607 923 684 quau.
995 578 1142 656 Somnio
1177 581 1299 653 similis
1333 605 1392 653 res

145 694 406 794 Abdalonymo
430 689 638 766 uidebatur:
673 691 870 784 interdum,
903 694 1038 766 satisne
1063 691 1141 765 sani
1168 700 1303 781 essent,
1331 691 1392 787 qui

145 818 227 880 tam
260 813 431 903 proterve
466 803 533 876 sibi
559 803 764 892 illuderent,
799 803 1089 900 percontabatur.
1143 796 1216 874 Sed
1241 811 1284 873 ut
1309 826 1392 872 cun·

147 915 264 990 ctanti
296 913 442 1010 squalor
468 912 613 986 ablutus
640 924 711 1004 est,
743 923 781 985 et
805 913 936 986 iniecta
966 913 1078 987 vestis
1104 936 1265 1011 purpura
1291 934 1393 983 auro·

148 1051 221 1124 que
254 1023 438 1113 distincta,
472 1034 510 1097 et
540 1022 630 1095 fides
663 1049 686 1096 a
714 1023 917 1096 iurantibus
952 1025 1067 1114 facta,
1099 1022 1193 1096 serio
1219 1022 1291 1094 iam
1316 1045 1393 1109 rex,

147 1135 278 1210 iisdem
305 1131 558 1206 comitantibus
584 1134 622 1206 in
648 1132 784 1231 regiam
809 1133 984 1231 pervenit.

91 1271 131 1320 aa
255 1239 378 1321 Fama
401 1242 548 1333 deinde,
584 1254 626 1316 ut
657 1244 764 1333 solet,
800 1254 947 1318 strenue
978 1253 1058 1316 tota
1091 1242 1183 1315 urbe
1208 1239 1394 1314 discurrit:

151 1356 305 1428 aliomm
337 1352 511 1444 studium,
546 1354 698 1427 aliorum
728 1353 928 1453 indignatio
961 1353 1157 1427 eminebat:
1199 1349 1394 1424 ditissimus

151 1467 304 1563 quisque
329 1462 566 1537 humilitatem
591 1464 819 1562 inopiamque
851 1465 927 1538 eius
954 1464 1053 1563 apud
1078 1463 1212 1536 amicos
1238 1460 1395 1534 Alexan·

95 1575 209 1648 aedri
236 1572 499 1646 criminabatur.
552 1574 707 1647 Admitti
733 1599 816 1648 eum
840 1601 908 1649 rex
932 1576 1096 1674 protinus
1123 1573 1237 1662 iussit,
1265 1571 1396 1668 diuque

151 1685 428 1784 contemplatus,
454 1685 612 1783 corpore,
643 1685 774 1783 inquit,
809 1686 938 1760 daddus
952 1688 1074 1787 famae
1096 1683 1229 1784 qaaere
1255 1709 1322 1757 aaa
1347 1705 1397 1755 re·

148 1806 302 1894 pttqaut:
336 1794 397 1868 scd
428 1793 501 1868 tter
532 1795 633 1887 scire,
664 1795 815 1894 inopium
848 1823 916 1897 qua
934 1794 1102 1895 potiente
1127 1792 1264 1867 aleris?
1303 1791 1397 1863 Tum

151 1906 232 1995 ille,
264 1903 413 1997 stiuam,
443 1905 575 2002 inquit,
607 1907 721 1981 eodem
751 1907 865 1981 animo
890 1932 1031 2006 requam
1050 1903 1130 2004 poti
1146 1901 1300 2000 possim!
1335 1901 1397 1972 hae

151 2040 276 2088 manus
320 2017 476 2115 suffecere
523 2015 687 2090 decidam
732 2039 825 2088 meo.-
872 2015 958 2090 aaa
993 2013 1124 2088 badadi
1160 2010 1246 2083 ertit
1282 2010 1396 2111 defiat.

97 2151 133 2199 eo
151 2123 309 2223 Magnae
340 2123 469 2196 indolis
502 2126 682 2222 specimen
708 2150 755 2196 ex
787 2125 856 2198 hoc
884 2149 1048 2200 sermone
1073 2120 1318 2220 Abdalonymi
1345 2145 1398 2192 ce·-

152 2235 219 2334 pit
259 2233 386 2330 Itaque
411 2259 486 2306 non
513 2232 691 2308 Stratonis
718 2235 827 2308 modo
853 2236 990 2335 regiam
1017 2232 1273 2333 supellectilem
1300 2231 1398 2303 attri-

152 2345 219 2418 bui
246 2345 278 2416 ei
303 2344 416 2433 iussit,
444 2343 508 2417 sed
534 2346 704 2443 pleraque
732 2346 840 2419 etiam
866 2373 913 2419 ex
939 2345 1084 2418 Persica
1109 2342 1254 2443 praeda,
1285 2341 1398 2440 regio·

152 2479 240 2528 nem
265 2479 407 2551 quoque
433 2455 514 2527 urbi
539 2457 742 2553 appositam
769 2456 898 2530 dicioni
926 2458 1001 2530 eius
1029 2455 1168 2529 adiecit.

100 2589 135 2638 ar
259 2563 403 2637 Interea
440 2565 640 2663 Amyntas,
689 2592 795 2665 quem
834 2565 881 2640 ad
920 2567 1051 2640 Persas
1100 2566 1146 2640 ab
1186 2561 1397 2644 Alexandro
1426 2557 1448 2628 5

154 2674 395 2773 transfugisse
435 2673 614 2766 diximusr,
654 2701 736 2749 cum
775 2687 946 2774 quattuor
984 2677 1126 2750 milibus
1169 2673 1399 2762 Graecorum,

155 2787 277 2884 ipsum
304 2810 351 2857 ex
377 2783 452 2856 acie
477 2787 691 2882 persecutis,
725 2789 812 2886 suga
838 2787 996 2885 Tripolin
1023 2787 1196 2886 pervenit
1248 2784 1337 2856 Inde
1362 2784 1401 2854 in

146 2931 297 2986 'inventum
320 2938 362 2984 est
392 2949 458 3001 quos
484 2931 617 2986 Snakenb.
644 2933 764 2986 contulit
798 2937 875 2989 arbes
892 2934 1027 2988 exhibent.
1055 2933 1109 2986 Sed
1126 2935 1275 2986 duosam
1290 2947 1344 2983 non
1361 2928 1401 2980 di-

158 3000 258 3054 Carere
283 3006 373 3051 tamen
397 3017 452 3053 non
477 3018 613 3070 possumus
639 3001 765 3054 eiusmodi
799 3003 868 3056 citur
891 3003 940 3056 nisi
966 3000 1140 3055 intransitive.
1182 2999 1302 3068 Denique
1330 2995 1402 3066 quod

156 3065 300 3132 vocabulo,
325 3083 374 3120 neo
395 3067 467 3120 aliud
489 3068 576 3140 aptius
601 3077 648 3122 aut
671 3069 765 3123 Curtio
799 3070 924 3124 Snalrenb
977 3069 1015 3123 'us
1036 3068 1065 3122 in
1086 3068 1160 3120 Leid.
1178 3067 1256 3120 Voss.
1276 3072 1288 3119 1
1312 3081 1341 3117 se
1362 3065 1402 3115 in·

155 3135 280 3188 usitatius
299 3134 363 3202 (vid
380 3149 411 3202 x,
431 3138 475 3205 10)
494 3136 619 3191 invenias.
653 3138 698 3190 Ad
715 3138 765 3191 hoc
798 3138 900 3192 venisse
917 3155 967 3191 sorr
987 3138 1008 3191 it
1043 3145 1182 3207 rectorque
1198 3151 1243 3189 eos
1264 3151 1298 3187 ex
1314 3132 1402 3201 Bong.

155 3203 273 3274 aliquam
290 3211 364 3256 certe
381 3221 398 3256 a
415 3203 509 3257 ceteris
526 3205 597 3259 Flor.
616 3212 645 3258 et
657 3205 763 3258 BernB
801 3213 849 3261 1.2
868 3215 897 3260 et
913 3206 985 3260 Flor.
1044 3203 1131 3275 einsii)
1154 3203 1238 3257 rarior
1254 3203 1341 3256 torma¹
1354 3218 1402 3254 no-

156 3270 346 3325 auctoritatem
363 3271 454 3337 habet,
472 3290 551 3342 quam
564 3273 644 3326 etiam
652 3273 765 3326 Aldinus
799 3283 874 3329 tatur
891 3277 1072 3341 divitissimus,
1089 3273 1140 3326 hoo
1156 3289 1207 3341 ego
1218 3287 1233 3324 e
1243 3269 1316 3324 nullo
1330 3267 1401 3321 Flor.

156 3339 259 3405 editor,
283 3338 328 3409 qui
350 3339 449 3409 primus
466 3341 580 3412 recepit,
604 3350 709 3396 secutus
726 3341 765 3394 vi·
799 3350 937 3398 enotatum
954 3342 1056 3409 inveni3
1074 3359 1141 3395 unus
1158 3343 1191 3393 de
1208 3338 1305 3394 uostris
1322 3337 1401 3394 Bere.

157 3407 246 3460 detur·
799 3414 825 3466 A
848 3413 1012 3466 censeamus
1034 3411 1123 3478 habet.
1157 3409 1317 3462 artemas
1335 3405 1402 3458 utro

193 3477 217 3544 5.
235 3481 277 3529 23.
304 3477 403 3530 sonnio
429 3477 534 3544 similis]
571 3479 666 3531 Sanno
684 3479 764 3532 Bern.
799 3495 821 3532 x
840 3485 892 3534 cs
910 3479 1013 3546 oceidit,
1031 3486 1071 3546 ut,
1089 3495 1148 3532 eum
1165 3476 1292 3529 nescirem
1309 3472 1403 3544 quibus

156 3543 545 3678 assisteret
563 3545 718 3667 att
731 3545 766 3598 “³
798 3520 878 3670 ᾗᾶιι
904 3543 1404 3670 *taeterrimae

399 3649 406 3663 ·
449 3651 455 3662 -
709 3631 756 3668 eor
798 3633 828 3669 re
869 3631 914 3668 ere
941 3633 955 3668 c
1016 3631 1046 3668 us
1119 3631 1178 3666 nm.

157 3679 280 3732 messi
291 3651 380 3734 soimr’o
391 3682 554 3734 etinsomno
597 3653 765 3762 ‘quiescat
799 3683 905 3755 quidem
921 3682 979 3737 1000
998 3685 1158 3750 artissimas,
1176 3680 1261 3733 altero
1278 3679 1404 3731 aasass-
1422 3731 1427 3738 ,

159 3748 284 3817 frequens
302 3755 352 3814 est,
371 3746 417 3800 ubi
435 3757 590 3818 expectares
607 3769 635 3802 ιιι
652 3750 764 3817 somnio,
798 3769 902 3804 moram
917 3753 1033 3821 pontium
1051 3749 1142 3802 edidit.

156 3831 200 3869 res
219 3823 309 3870 tamen
325 3833 379 3870 non
396 3814 502 3868 videtur
518 3825 590 3870 recte
608 3818 659 3871 dici
676 3835 765 3872 somno
835 3818 900 3890 Cap.
918 3825 949 3884 5,
977 3822 1000 3886 ξ.
1018 3825 1060 3871 27.
1095 3819 1181 3887 ιῬιιιιιι
1197 3847 1231 3855 -
1247 3814 1402 3892 persecutis]

157 3885 262 3936 similis.
279 3883 346 3937 Mox
363 3900 413 3953 pro
429 3886 498 3937 sario
516 3901 605 3938 omnes
623 3887 698 3940 codd.
717 3901 765 3939 no-
798 3887 873 3941 Leid.
896 3887 974 3940 Voss.
998 3894 1010 3939 1
1048 3893 1077 3939 et
1099 3899 1189 3938 omnes
1221 3881 1296 3937 oodd.
1318 3889 1403 3935 nostri

158 3951 208 4004 stri
230 3959 258 4004 et
279 3951 360 4004 Snalr.
383 3961 490 4022 praeter
511 3951 586 4006 Leid.
608 3962 639 4006 nt
660 3954 765 4008 videtur
798 3957 894 4026 rpsias,
912 3951 1264 4022 Snakenbmgianietssern.
1282 3959 1403 4020 uterque,

157 4035 228 4086 sero,
246 4021 379 4086 mendose,
398 4019 477 4090 idque
493 4021 579 4074 Aldus
597 4023 720 4075 correxit.
799 4033 828 4076 et
843 4022 915 4076 Flor.
932 4021 1036 4077 AGEH
1054 4021 1134 4074 etiam
1147 4029 1312 4090 persecutos,
1331 4033 1403 4072 men-

196 4089 219 4154 §.
237 4094 279 4141 24.
295 4091 377 4157 sama
405 4091 513 4156 deinde]
545 4088 646 4142 Addidi
671 4092 765 4143 dende
799 4093 862 4145 dose
880 4097 911 4143 ut
929 4090 1031 4162 opinor.

228 4163 271 4208 ter
287 4155 362 4208 codd
384 4173 538 4210 consensum
555 4164 584 4209 et
601 4173 719 4210 meorum
735 4166 764 4211 et
835 4159 957 4230 Tripolin
979 4157 1040 4211 dedi
1062 4175 1111 4229 pro
1198 4156 1352 4225 ‚Tripolim
1370 4169 1404 4206 ex

159 4227 198 4275 bn
234 4223 362 4293 enburgii.
397 4223 463 4278 Mox
486 4234 539 4278 tota
557 4227 620 4278 arbe
638 4227 764 4279 discam't
797 4225 872 4280 Leid.
891 4227 967 4280 Voss.
987 4233 999 4280 1
1018 4225 1099 4284 Bern.
1117 4227 1144 4278 A
1160 4225 1231 4278 For.
1249 4225 1276 4277 A
1293 4232 1322 4275 et
1339 4220 1403 4274 edit

158 4298 221 4410 post
238 4291 358 4370 Medium
380 4291 481 4358 editur,
506 4300 534 4346 et
551 4292 650 4364 legitur
666 4293 693 4346 in
710 4311 763 4347 uno
797 4295 872 4350 Mod.
898 4295 969 4348 Nam
987 4295 1015 4347 in
1032 4295 1081 4348 hac
1097 4285 1292 4358 terminatione,
1311 4307 1403 4360 quam-

182 4358 230 4412 lor.
252 4361 286 4411 A.
313 4359 367 4412 Alri
388 4359 449 4413 libri
472 4367 501 4414 et
521 4361 574 4415 mei
594 4369 622 4414 et
644 4361 763 4414 Snalren·
797 4362 837 4416 vis
855 4363 964 4417 Curtius
982 4361 1110 4416 Graecam
1126 4363 1236 4417 formam
1253 4358 1280 4412 in
1298 4359 1403 4412 univer·

159 4425 247 4495 burgii
265 4437 332 4480 totos
350 4429 426 4482 urbes
450 4427 493 4481 vel
513 4429 662 4484 mendosius
684 4430 764 4483 etiam
799 4449 857 4484 sum
874 4430 1030 4502 praetulisse
1046 4431 1177 4498 videatur,
1187 4428 1208 4483 si
1275 4427 1280 4438 '
1312 4435 1402 4480 tamen

161 4494 288 4562 (Bernss
306 4495 377 4549 Flor.
395 4495 513 4551 Dnrffl
530 4498 606 4553 Voss.
629 4505 657 4567 2)
675 4508 763 4554 tantas
798 4497 861 4554 locis
883 4499 985 4554 codices
1008 4517 1068 4553 mss.
1096 4498 1202 4571 inspicio
1241 4497 1247 4509 '
1271 4501 1347 4561 sunt,
1368 4505 1403 4544 ne
