3254 5292
526 368 576 420 nn
603 367 730 440 ansus
756 369 866 421 Anax.
893 371 943 438 ιν,
957 367 1000 419 41.
1331 351 1402 422 121

153 563 259 651 parte
285 551 476 650 adipsum
502 551 774 628 redundantem.
820 551 1005 643 Crederes,
1030 551 1281 626 Alexandrum
1306 555 1401 628 inter

155 688 239 737 suas
266 662 548 736 necessitudines
575 663 672 754 flere,
690 674 728 738 et
753 664 883 738 solatia
908 688 982 736 non
1008 661 1188 753 adhibere,
1203 663 1268 737 sed
1294 691 1400 762 quae·

153 798 243 848 rere.
297 770 387 846 Cibo
414 783 510 847 certe
536 773 721 865 abstinuit,
747 799 961 872 omnemque
986 772 1160 848 honorem
1186 776 1312 867 funeri,
1338 801 1400 873 pa·

153 885 225 958 trio
256 880 450 958 Persarum
480 908 596 976 more,
631 885 810 976 servavit,
846 885 976 984 dignus
1011 885 1172 976 hercule,
1207 887 1267 982 qui
1302 913 1399 960 nunc

154 1018 297 1094 quoque
329 1004 471 1068 tantum
498 1004 535 1068 et
560 993 845 1069 mansuetudinis
873 1007 910 1069 et
936 995 1176 1070 continentiae
1210 996 1303 1071 ferat
1329 999 1399 1072 fru-

101 1125 136 1174 ιι
155 1117 263 1180 etum.
316 1100 435 1178 Semel
461 1106 607 1179 omnino
634 1131 715 1180 eam
741 1106 892 1198 viderat,
920 1130 992 1202 quo
1019 1106 1076 1180 die
1103 1117 1210 1205 capta
1235 1121 1305 1198 est,
1332 1133 1399 1184 nee

153 1227 197 1290 ut
221 1218 355 1314 ipsam,
390 1215 457 1290 sed
482 1226 523 1290 ut
548 1215 659 1290 Darei
684 1227 837 1291 matrem
868 1216 1024 1307 videret,
1056 1218 1295 1316 eximiamque
1319 1219 1397 1317 pul·

153 1325 391 1400 chritudinem
423 1328 559 1402 fomiae
591 1327 666 1401 eius
698 1353 773 1401 non
805 1327 960 1402 libidinis
987 1327 1164 1403 habuerat
1188 1329 1398 1402 invitamen-

152 1448 240 1528 tum,
259 1436 325 1511 sed
349 1439 494 1538 gloriae.

99 1565 135 1617 as
254 1546 544 1648 Espadonibus,
571 1550 632 1647 qui
658 1550 753 1622 circa
779 1551 940 1650 reginam
966 1562 1079 1644 erant,
1098 1549 1277 1650 Tyriotes,
1303 1549 1447 1623 inter42
1549 1623 1552 1628 ,

151 1658 429 1758 trepidationem
465 1660 665 1758 lugentium
705 1662 848 1759 elapsus
887 1687 953 1760 per
988 1687 1067 1736 eam
1098 1672 1257 1759 portam
1293 1685 1396 1758 quae,

153 1771 237 1867 quia
261 1770 307 1845 ab
334 1772 440 1844 hoste
466 1795 595 1844 aversa
621 1782 714 1862 erat,
749 1772 864 1846 levius
891 1772 1177 1861 custodiebatur,
1213 1770 1260 1844 ad
1285 1770 1395 1844 Darei

154 1892 273 1956 eastra
307 1883 489 1980 pervenit,
523 1893 768 1981 exceptusque
794 1907 816 1955 a
842 1882 1025 1980 vigilibus,
1060 1881 1098 1954 in
1123 1880 1397 1954 tabernaculum

99 2012 134 2061 ao
152 1994 246 2092 regis
273 1993 491 2091 perducitur,
517 2017 665 2092 gemens
693 2003 730 2066 et
755 2002 858 2065 veste
884 1992 1051 2064 lacerata
1105 1987 1221 2078 Quem
1247 2004 1288 2065 ut
1315 2017 1396 2065 con·

153 2103 273 2202 spexit
298 2102 450 2194 Dareus,
469 2105 656 2203 multiplici
682 2103 817 2176 doloris
843 2101 1094 2198 expectatione
1120 2112 1331 2191 commotus,
1358 2113 1396 2176 et

154 2214 243 2310 quid
266 2215 491 2310 potissimum
517 2216 670 2304 timeret,
696 2213 865 2304 incertus,
900 2209 1030 2304 Vultis,
1055 2212 1180 2309 inquit,
1199 2215 1396 2290 tuusnescio

155 2323 247 2424 quod
271 2323 383 2424 irtqena
407 2327 535 2400 caulam
555 2327 719 2427 praefert,
753 2326 814 2399 sed
847 2349 925 2399 cave
950 2322 1067 2397 miseri
1090 2322 1233 2398 bominis
1258 2324 1397 2398 auribus

145 2455 297 2534 parcas:
330 2435 436 2510 didici
466 2461 536 2511 esee
566 2435 700 2536 inseiis,
734 2449 765 2508 et
796 2460 895 2532 saepe
929 2433 1127 2508 caumana
1160 2435 1312 2509 solatium
1348 2449 1397 2510 est

97 2567 133 2616 ar
153 2571 249 2622 nosse
274 2559 394 2621 settara
418 2573 525 2621 mam.
578 2545 693 2638 Nam,
726 2545 815 2647 quod
838 2545 984 2618 mamete
1009 2545 1162 2644 auspicor
1187 2559 1217 2618 et
1242 2547 1332 2648 loqui
1357 2547 1394 2620 ti·

152 2684 242 2749 meo,
268 2655 415 2732 ludibria
439 2683 589 2732 nuciam
614 2658 827 2731 nuntiatoris
852 2682 905 2747 es,
930 2655 1015 2730 milli
1039 2669 1083 2748 et,
1108 2670 1146 2730 at
1169 2657 1284 2748 credo,
1310 2657 1396 2755 ipsis

98 2785 136 2835 aa
154 2792 282 2868 quoque
316 2766 408 2842 anni
442 2765 588 2841 tristem
628 2767 816 2866 sitpplicio?
861 2766 922 2839 Ad
956 2767 1045 2839 haec
1079 2765 1263 2866 Tyriotes,
1297 2768 1396 2842 [said

155 2879 289 2980 qnidam
326 2877 451 2976 proed
487 2879 593 2969 cheat,
641 2877 772 2974 inquit:
820 2890 1090 2979 quantuscunque
1134 2877 1222 2950 enim
1268 2877 1395 2976 rapinis

190 3049 215 3110 s.
234 3051 275 3098 23.
316 3053 417 3097 tontum
443 3052 466 3096 et
492 3044 701 3098 mansuetudinis
724 3045 758 3112 et]
829 3042 1022 3113 Cap.42‚§.25.
1035 3042 1164 3111 Ίὶιήοιει]
1174 3039 1310 3096 Plutarch.
1319 3041 1399 3096 Alex.

155 3111 279 3165 Alterum
295 3122 318 3166 a
336 3109 426 3166 addidi
449 3127 483 3164 ex
504 3112 568 3164 meis
585 3110 658 3166 libris
675 3111 759 3165 omni·
792 3127 815 3165 c.
827 3117 861 3166 30
883 3115 984 3182 Tlpswe
1001 3118 1030 3162 et
1051 3115 1181 3180 Τείρεωςε
1199 3109 1259 3163 libri
1278 3109 1400 3164 Curtiani

156 3180 221 3248 bua3
244 3180 325 3234 babet
345 3179 426 3232 etiam
448 3179 584 3233 Modiana.
625 3179 758 3234 Snakenb.
793 3197 848 3233 non
865 3179 978 3245 variant,
996 3185 1101 3232 tantum
1118 3177 1189 3231 Flor.
1207 3177 1232 3231 E
1253 3179 1398 3248 Tyriotles,

155 3249 191 3301 de
208 3248 260 3302 suis
276 3265 330 3303 non
347 3256 533 3303 commemorat
550 3248 599 3302 nisi
608 3247 758 3317 Vossianus,
794 3246 820 3302 G
841 3248 961 3301 Tirioles.

155 3324 187 3370 Ut
201 3334 217 3369 ³
230 3315 305 3371 Leid'
323 3318 414 3370 alme
432 3326 455 3370 θ’
473 3317 613 3370 debemm
622 3316 759 3371 oeffioeffi'
829 3353 852 3419 §-
871 3355 913 3404 at.
940 3351 1026 3403 vultus
1044 3351 1128 3418 inquit
1146 3349 1234 3470 lteris]B
1254 3347 1298 3403 sic
1315 3348 1400 3402 nostri

158 3386 271 3440 Tm
292 3385 331 3440 “l
348 3385 365 3438 ³·
383 3402 407 3439 θ·
433 3393 561 3456 ‘lum
579 3384 603 3438 ⁰⁵
621 3401 692 3438 ”¹¹⁰⁰
709 3384 760 3457 ⁵9⁸³
794 3435 884 3472 omnes
901 3427 1009 3489 praeter
1026 3417 1097 3471 nor.
1115 3417 1144 3470 n
1166 3425 1194 3471 et
1236 3433 1292 3471 em.
1310 3417 1333 3470 s
1354 3417 1400 3488 qur

156 3453 304 3508 mmmm·
740 3522 747 3536 .
794 3486 920 3557 vulgatae
933 3489 1018 3540 vallas
1028 3495 1088 3540 laus
1097 3487 1125 3538 in
1143 3485 1291 3539 aitsavent.
1314 3489 1400 3539 Acce-

192 3526 216 3589 §-
235 3529 276 3576 24.
304 3523 496 3576 invitamentum
517 3521 625 3576 Medius
650 3539 684 3576 ex
708 3540 761 3576 sura
935 3555 940 3568 ·
1012 3554 1019 3567 ·
1177 3554 1183 3566 ·
1288 3553 1317 3566 ··

157 3590 263 3660 optimi.
285 3592 361 3645 ωᾱὰ
385 3590 469 3645 edidit
493 3607 543 3662 pm
565 3591 637 3660 vulg·
667 3593 762 3644 incim-
795 3556 863 3608 dunt
880 3555 954 3609 nobis
972 3555 1045 3608 Lerd.
1063 3561 1092 3607 et
1140 3555 1236 3608 odrana
1253 3555 1342 3608 editio.

157 3668 285 3724 mum,
301 3659 382 3713 habet
402 3675 436 3712 ue
453 3668 575 3714 auctores
592 3659 667 3712 Laid.
684 3659 761 3713 Voss.
831 3659 914 3711 didici
931 3675 988 3711 esre
1005 3658 1109 3726 infelix]
1129 3655 1213 3710 Omisi
1231 3674 1290 3710 cum
1307 3656 1401 3712 Medio

160 3677 466 3782 raenosenrbem.
487 3727 670 3781 lutosae
689 3743 761 3797 apr.
797 3727 868 3796 quod
889 3725 918 3779 in
939 3725 1113 3778 deterioribus
1132 3725 1207 3778 codd.
1226 3733 1255 3777 et
1272 3743 1306 3778 ex
1323 3725 1354 3779 iis
1371 3725 1401 3779 in

159 3811 196 3847 m.
215 3792 241 3847 G
259 3802 287 3847 et
304 3794 343 3861 B,
360 3795 398 3848 ita
415 3805 505 3850 tarnen
521 3796 608 3862 hunc,
632 3804 664 3848 ut
681 3795 761 3848 etiam
795 3794 854 3846 edd.
873 3793 996 3846 adiicitur
1013 3795 1089 3846 enirn.
1113 3791 1157 3844 De
1174 3792 1271 3846 nostris
1288 3811 1340 3847 non
1359 3803 1402 3848 est

158 3861 245 3916 altere
270 3861 351 3916 lectio
379 3882 431 3918 uno
457 3872 552 3918 tenore
579 3880 639 3916 eum
666 3863 761 3917 ceteris
795 3861 823 3915 in
847 3862 927 3916 Bern.
953 3865 980 3915 A
1003 3861 1075 3916 Flor.
1098 3859 1229 3929 ABDFI,
1258 3877 1309 3914 nee
1330 3861 1400 3916 ullus

158 3931 292 4002 adscripta
313 3931 355 3985 sit
389 3932 530 3986 Poteritna
556 3949 619 3985 vero
645 3931 761 3986 dubitari
796 3929 878 3984 Snalr.
896 3931 986 3985 babet.

156 4000 430 4138 pprl‘ppqeppoabulimr
454 4001 538 4072 magis
564 4000 762 4111 adorationem
831 4035 853 4114 5
872 4038 913 4086 27¹
932 4049 993 4085 „um
1011 4033 1091 4114 quod]
1110 4031 1181 4085 015m
1200 4039 1263 4084 ,nte
1279 4029 1401 4110 quodiam
1487 4097 1493 4109 Ι

296 4087 367 4140 ,qna
376 4077 668 4135 mmcwmutunmf’
687 4085 749 4122 ⁸⁰⁰⁰
796 4101 838 4154 edi
856 4101 958 4155 solebat
975 4103 1103 4171 nurnqatd
1119 4104 1201 4170 quod,
1220 4100 1266 4153 sed
1283 4116 1312 4151 m
1328 4099 1399 4153 Flor.

157 4136 221 4258 230
244 4136 385 4190 Vidffltur?
413 4153 459 4205 ¹¹2
491 4145 537 4204 ¹92
551 4143 577 4218 ,⁶
605 4139 761 4220 ‘mpi'af'b’
796 4169 899 4240 aliquot
916 4178 958 4223 est
974 4171 1116 4240 numquid,
1134 4168 1166 4241 ¹in
1184 4167 1256 4222 nullo
1274 4170 1403 4237 carraquid

200 4223 281 4274 prium
305 4209 343 4260 ad
365 4209 468 4260 honeste
489 4209 650 4259 moriendum
668 4213 763 4258 incrta·
798 4241 874 4308 quod.

158 4284 278 4327 mearum.
300 4274 360 4328 Nee
378 4275 450 4344 apud
468 4273 622 4329 Ciceronem
640 4291 664 4354 p.
683 4273 763 4327 Amh.

160 4348 193 4395 10
210 4341 531 4414 loc(gloriu)maeimam
549 4352 571 4395 et
583 4343 764 4412 periculorum
830 4343 901 4394 omni
924 4341 1042 4394 tristiora
1064 4343 1193 4413 siipplicr'o
1222 4357 1311 4394 omnes
1338 4338 1399 4393 libri

160 4409 352 4465 incitamentum
375 4422 413 4464 est
439 4421 464 4465 et
486 4413 603 4466 laborem
622 4409 763 4481 quiequam
797 4417 913 4474 veteres,
932 4407 998 4462 editi
1014 4419 1121 4479 praeter
1138 4409 1293 4464 Medianum
1311 4425 1400 4462 exem·

159 4480 321 4533 mutandum.
796 4477 854 4549 plar
869 4479 1003 4548 praviora.
1031 4524 1038 4548 ὅ
