3238 5296
532 385 581 436 on
608 385 734 437 oasrrs
760 383 869 436 max.
896 381 1035 453 vru,1a
1327 364 1399 436 381

138 590 153 637 s
272 567 386 667 Igitur
424 571 516 643 festo
557 569 615 643 die
655 569 750 642 omni
791 569 973 668 opulentia
1007 567 1211 641 convivium
1245 567 1460 641 exornari18
1528 625 1530 629 .

170 681 279 772 iubet,
307 682 363 754 eui
387 707 461 755 non
477 678 691 756 Macedones
718 680 826 754 modo
853 692 890 754 et
916 677 1052 769 Graeci,
1078 677 1255 776 principes
1282 678 1409 750 amieo·

168 818 266 883 rum,
307 791 372 866 sed
406 793 515 867 etiam
546 792 685 867 nobiles
721 793 984 867 adhiberentur.
1038 787 1129 864 Cum
1163 789 1291 887 quibus
1327 813 1408 861 cum

169 902 407 978 discubuisset
450 929 516 977 rex
528 960 537 995 ,
582 904 763 1001 paulisper
805 904 969 1003 epulatus
1011 901 1177 976 convivio
1218 900 1408 1000 egreditur.

122 1035 153 1082 10
172 1013 273 1106 Cleo,
314 1015 407 1088 sieut
431 1025 683 1113 praeparatum
709 1024 802 1105 erat,
842 1039 1042 1087 sermonem
1068 1037 1149 1085 cum
1176 1011 1410 1086 admiratione

171 1125 320 1201 laudum
354 1127 429 1199 eius
464 1125 629 1198 instituit
680 1123 809 1198 Merita
850 1124 977 1198 deinde
1017 1125 1239 1224 percensuit,
1283 1123 1411 1222 quibus

173 1264 247 1312 uno
269 1237 378 1312 modo
399 1237 523 1311 referri
544 1238 696 1334 gratiam
713 1261 830 1335 posse,
857 1237 896 1327 si,
924 1261 1029 1334 quem
1049 1237 1288 1335 intelligerent
1305 1235 1412 1308 deum

173 1375 270 1441 esse,
310 1349 582 1438 confiterentur,
622 1349 752 1446 exigua
786 1349 875 1422 turis
909 1349 1070 1447 impensa
1104 1359 1207 1422 tanta
1239 1347 1412 1422 beneficia

121 1482 150 1529 11
170 1461 364 1559 pensaturi.
415 1458 545 1534 Persas
572 1458 715 1559 quidem
739 1482 812 1531 non
845 1460 902 1558 pie
928 1461 1059 1552 solum,
1099 1459 1163 1534 sed
1190 1461 1297 1534 etiam
1328 1483 1410 1557 pru-

172 1570 299 1648 denter
324 1597 427 1672 reges
454 1597 537 1645 suos
563 1571 656 1643 inter
682 1568 769 1644 deos
797 1572 931 1645 colere:
966 1573 1190 1647 maiestatem
1222 1571 1317 1644 enim
1347 1571 1409 1644 im·

173 1685 261 1782 perii
288 1684 412 1758 salutis
439 1708 518 1757 esse
543 1682 702 1756 tutelam.
750 1678 805 1754 Ne
826 1681 1017 1758 Herculem
1043 1683 1185 1783 quidem
1213 1693 1249 1757 et
1266 1680 1411 1756 Patrem

105 1819 107 1824 ·
173 1793 340 1869 Liberum
364 1797 463 1895 prius
491 1794 627 1868 dicatos
654 1793 758 1884 deos,
796 1818 902 1891 quam
934 1795 1105 1869 vicissent
1136 1820 1258 1869 secum
1288 1795 1410 1868 viven-

174 1907 264 1981 tium
288 1906 477 1982 invidiam:
511 1904 725 1980 tantundem
752 1931 893 2003 quoque
917 1917 1083 2006 posteros
1110 1906 1269 1996 eredere,
1302 1931 1411 2003 quan·

123 2037 154 2085 ιι
173 2028 251 2090 tum
282 2044 451 2117 praesens
478 2029 577 2092 aetas
610 2015 870 2116 spopondisset
925 2015 1062 2107 Quodsi
1096 2018 1203 2094 ceteri
1237 2017 1411 2107 dubitent,

171 2131 412 2228 semetipsum,
439 2155 520 2202 cum
545 2155 612 2202 rex
636 2130 762 2203 inisset
783 2129 996 2222 convivium,
1022 2139 1286 2228 prostraturum
1311 2128 1410 2201 humi

174 2265 313 2339 corpus.
365 2239 507 2314 Debere
532 2241 628 2315 idem
653 2243 771 2316 facere
796 2251 950 2334 ceteros,
990 2252 1027 2315 et
1052 2241 1212 2340 inprimis
1240 2241 1414 2340 sapientia

173 2352 375 2450 praeditos:
418 2351 464 2426 ab
495 2351 562 2424 illis
595 2354 689 2428 enim
719 2355 835 2428 cultus
871 2354 908 2426 in
945 2361 1067 2453 regem
1098 2353 1303 2451 exemplum
1334 2378 1413 2427 esse

123 2483 155 2532 rs
173 2460 428 2562 prodendam.-
472 2462 582 2539 Haud
628 2467 799 2566 perplexe
836 2467 874 2541 in
913 2463 1153 2541 Callisthenen
1193 2464 1412 2565 dirigebatur

204 2715 319 2788 Gap-18,
337 2720 360 2786 ξ.
370 2724 394 2772 9.
421 2720 470 2773 sed
485 2719 563 2773 etiam
579 2720 678 2774 nobiles
717 2720 772 2775 De·
806 2739 854 2775 ms.
878 2727 951 2775 certe
975 2718 1003 2772 in
1029 2717 1103 2773 nullo
1125 2735 1251 2772 meorum.
1291 2717 1361 2772 Nem
1384 2715 1411 2772 hi

169 2801 333 2866 asseuvooem
350 2787 459 2866 barbari
476 2786 554 2841 facile
572 2788 651 2842 credo
667 2721 772 2843 dreins-
806 2806 897 2844 omnes
910 2787 1140 2866 referriuqratiom
1154 2786 1280 2840 exhibent
1293 2789 1412 2857 (praeter

168 2855 255 2909 hemro
272 2853 430 2922 etHernsro,
448 2855 538 2909 sedin
556 2856 689 2911 codicibus
706 2857 773 2910 nihil
806 2875 888 2910 unum
897 2855 993 2909 Flor.l
1010 2872 1037 2908 nr
1051 2872 1104 2926 quo
1122 2863 1163 2908 est
1179 2855 1412 2976 resmzdorottam

169 2940 185 2976 o
255 2931 297 2977 est
326 2939 357 2975 ac
387 2923 500 2978 sonasse
524 2924 625 2978 Persae
656 2926 771 2979 fuerimt.
824 2935 891 2979 osset
924 2923 971 2977 sed
994 2921 1022 2974 in
1039 2939 1071 2976 eo
1088 2921 1206 2990 variant,
1253 2940 1271 2973 u

169 2941 235 3046 ldb'x
254 3007 301 3044 rex
318 2991 394 3072 abest
410 3008 427 3045 a
443 2992 515 3048 Flor.
535 2991 607 3045 DFI.
750 3061 756 3072 Ι
801 2944 877 3047 ilar.
887 2927 910 3058 i,
923 3000 1033 3061 possent
1049 2990 1121 3070 Flor.
1138 2989 1188 3043 DF
1205 2940 1314 3057 habeut,
1332 2989 1413 3061 pleri-

204 3062 227 3128 ς.
246 3066 286 3112 10.
321 3069 389 3112 secut
410 3077 465 3140 pro
498 3071 602 3114 oratum
624 3061 692 3132 erat]
728 3061 773 3116 Sic
808 3078 860 3142 que
877 3067 966 3114 autem
982 3076 1042 3113 cum
1059 3057 1287 3138 Ilerd.Voss.·1.2
1306 3075 1412 3138 prorsus

170 3126 261 3180 estin
284 3127 360 3182 codd.
377 3126 450 3181 Lerd.
494 3144 550 3182 ern.
567 3131 594 3182 A
610 3128 681 3184 Flor.
699 3128 772 3184 Aac
807 3147 845 3183 no
866 3136 896 3182 ut
918 3126 1055 3181 edidimus.
1090 3127 1165 3180 Idem
1188 3126 1309 3180 ediderat
1331 3133 1413 3182 etism

171 3194 309 3267 Sigeberg.
326 3194 422 3262 Modii‚
447 3196 566 3268 margins
588 3197 652 3251 edit.
669 3197 727 3252 Iun.
745 3207 774 3252 et
807 3196 915 3252 Modius
928 3195 974 3268 qui
987 3195 1014 3249 in
1028 3213 1060 3250 eo
1077 3195 1168 3268 inepte
1184 3192 1324 3275 gloriatur,
1341 3194 1412 3266 quod

170 3273 256 3331 recte,
280 3282 341 3318 nsm
357 3264 503 3319 Alexandri
525 3264 552 3320 iu
574 3283 606 3320 os
626 3283 657 3320 re
672 3265 707 3321 sli
727 3283 774 3321 uss
808 3269 922 3337 siquem
939 3264 1100 3332 restituerit,
1127 3281 1186 3318 eum
1204 3271 1284 3317 antes
1302 3281 1412 3317 ursum-

205 3343 260 3387 rtes
276 3332 355 3388 fuisse
372 3341 449 3388 tenor
465 3334 503 3388 rei
520 3334 646 3389 ostendit.
681 3285 734 3389 le
755 3353 772 3390 o
807 3334 890 3389 latum
908 3333 991 3388 fuerit
1007 3335 1142 3405 siqnidem.
1165 3333 1236 3386 Nun
1246 3349 1297 3403 ego
1306 3331 1412 3403 quidem

180 3401 268 3473 egitur
285 3405 352 3456 sicat
363 3414 582 3474 praeparaverat.
618 3404 699 3469 Quod
712 3354 773 3459 hdo·
807 3407 832 3459 si
853 3421 927 3484 qoem
948 3402 976 3456 in
993 3401 1074 3457 Vind.
1091 3401 1188 3456 Merul.
1206 3401 1267 3454 Ald.
1288 3399 1347 3455 Iun.
1371 3399 1413 3455 in·

171 3469 229 3552 dius
255 3470 339 3552 edidit
365 3474 433 3526 sient
446 3483 636 3554 ‚memoratus
661 3483 773 3555 arctet
806 3490 892 3527 remo.
1201 3540 1206 3552 Ι
1377 3536 1382 3550 Ι

170 3539 313 3687 ttttl
327 3541 513 3677 mettii?
530 3549 772 3665 sawt
806 3539 1263 3681 ..tltll‘.t¹;ltltl.tllt²
1296 3537 1413 3661 {hit

170 3673 333 3728 Flor.H1n
352 3676 448 3746 quibus
469 3687 511 3731 est
533 3681 573 3732 sic
591 3689 772 3758 praeparatus
807 3681 909 3749 quidem
924 3687 1017 3732 eontra
1029 3695 1076 3730 ms.
1090 3676 1276 3730 LeidVosal
1297 3683 1413 3730 nostms·

173 3753 242 3808 erot;
264 3757 354 3795 rerum
371 3743 504 3798 latinitate
522 3746 695 3814 convincitur,
713 3765 774 3800 nam
809 3763 861 3816 que
878 3754 983 3818 praeter
996 3744 1206 3799 Flor.Fomnas.
1233 3743 1334 3810 Quodsi
1347 3762 1413 3815 opus

168 3813 332 3881 praeparari
349 3829 404 3864 non
421 3811 544 3866 dicuntur
561 3813 644 3868 latine
657 3815 774 3870 homines
809 3822 877 3868 esset
895 3813 1002 3884 oopuls,
1023 3831 1076 3894 qua
1098 3830 1151 3867 non
1169 3830 1235 3892 opus
1252 3821 1293 3866 est
1310 3812 1336 3867 in
1355 3831 1414 3882 ors·

173 3897 231 3933 eum
250 3877 426 3933 instituuntur
442 3898 473 3935 ac
490 3881 618 3936 docentur
633 3881 696 3953 quid
712 3883 775 3954 ipsis
809 3885 884 3936 tione
901 3881 990 3946 incisa,
1009 3881 1118 3934 onina
1135 3891 1223 3952 potrus
1242 3881 1412 3935 AeneHero.

173 3945 311 4002 dicendum
329 3947 374 4011 sit,
400 3948 446 4001 sed
460 3949 600 4005 cumvictu
613 3950 708 4005 idoneo
721 3969 775 4005 ms-
827 3953 920 4004 uidem,
955 3949 1024 4004 Vide
1041 3951 1076 4002 sd
1093 3964 1132 4016 vr,
1151 3957 1193 4004 tr.
1210 3965 1262 4016 vn,
1280 3957 1305 4007 4.
1343 3950 1413 4004 Item

173 4015 232 4070 dice
249 4025 382 4070 curantur.
810 3971 844 4072 de
862 4018 921 4073 loco
939 4017 1059 4073 voeslnrli
1077 4037 1175 4090 quoque
1192 4019 1224 4073 cf.
1240 4020 1324 4086 advr,
1334 4026 1377 4084 20,
1387 4025 1411 4071 4.

206 4086 304 4167 referri
322 4087 439 4156 prodam
461 4088 552 4156 posse]
588 4087 656 4141 Edd.
678 4089 777 4158 referri
827 4090 920 4209 “pinta
938 4089 1145 4157 enernplumesre
1157 4087 1413 4208 prodendamkHoo

172 4165 263 4223 prono
287 4164 378 4224 posset
403 4156 545 4208 secuudum
571 4155 690 4227 regulam
718 4157 775 4210 vul-
810 4174 826 4211 o
860 4155 902 4209 'e
927 4157 1008 4210 verbs
1033 4155 1195 4210 collocantur
1224 4156 1251 4210 in
1278 4157 1333 4210 Sua
1352 4155 1412 4209 enb.

174 4239 271 4292 garem.
307 4221 361 4297 Sed
382 4223 433 4277 alia
455 4231 496 4278 ost
522 4223 600 4295 paulo
621 4224 777 4306 exquisitior
810 4225 929 4296 meisque
960 4224 1088 4279 omnibus.
1131 4224 1221 4296 Vulgo
1246 4227 1411 4296 prodendam

175 4308 251 4361 quse,
274 4293 318 4346 ubi
336 4291 504 4346 continuetur
521 4293 615 4362 oratio,
637 4302 716 4347 enam
733 4311 776 4349 ac·
811 4311 866 4348 esse
883 4296 1033 4365 exemplam.

176 4359 305 4440 cusativos
331 4378 391 4414 eum
416 4360 551 4442 infinitivis
578 4372 642 4434 post
666 4362 777 4416 relativa
862 4369 927 4417 .18.
971 4364 999 4415 in
1029 4361 1205 4416 Callisthenen
1237 4361 1411 4431 sinebatur]

210 4445 236 4480 m
253 4445 329 4499 posse
347 4431 430 4484 docet.
465 4429 535 4484 Vide
553 4429 600 4485 Gr.
614 4431 660 4484 lat.
676 4434 699 4554 f.
717 4439 775 4488 603.
809 4429 855 4484 vu
884 4449 900 4485 ο
929 4431 1129 4499 Callisthenem,
1161 4431 1208 4484 sed
1237 4380 1413 4484 Callisthenen

205 4513 246 4548 am
270 4497 340 4568 quod
366 4497 445 4570 vulgo
471 4500 560 4553 editur
585 4500 613 4554 in
639 4518 675 4554 nu
686 4501 712 4555 lo
735 4509 777 4555 est
811 4499 830 4554 S
885 4508 941 4554 .ut
959 4499 996 4554 ait
1013 4515 1046 4554 ex
1063 4517 1123 4554 mss.
1133 4505 1160 4553 et
1176 4500 1203 4553 h.
1212 4497 1230 4552 l.
1248 4498 1285 4552 sio
1299 4497 1413 4551 Brund

1322 2933 1414 2992 posset
