3270 5290
555 364 605 415 nr
632 363 759 416 ossrrs
786 365 895 418 anax.
922 367 973 435 vr,
1001 366 1041 413 11.
1347 351 1418 421 241

182 543 219 620 Si
250 546 373 622 venire
408 569 446 620 se
473 545 628 637 iuberet,
661 547 738 622 sina
769 557 869 620 metu
900 573 980 623 esse
1011 559 1212 623 venturum.
1265 548 1348 626 Non
1380 553 1421 624 ti-

178 667 286 748 mere,
313 681 359 730 ne
384 654 494 729 fidem
519 654 642 729 datam
666 667 791 730 tantus
817 683 884 731 rex
908 659 1080 734 violaret:
1109 658 1196 732 deos
1219 683 1243 731 a
1260 658 1329 734 deo
1345 661 1420 734 fabi

129 789 163 838 rs
180 793 255 841 non
272 768 397 841 solere.
430 763 599 840 Cetemm
625 766 665 857 si,
690 768 749 840 cui
774 766 884 842 fidem
902 767 1016 859 daret,
1041 767 1225 843 videretur
1241 769 1419 870 indignus,

181 879 294 951 multa
326 878 434 977 exssia
464 887 589 975 patere
620 878 786 975 fugientis
817 878 972 976 patriam
1003 903 1099 969 esse,
1131 880 1334 976 ubicunque
1365 882 1421 954 vir

129 1009 165 1056 14
180 988 282 1062 sortis
309 987 433 1062 sedem
458 988 525 1061 sibi
552 988 707 1086 elegerit
753 986 829 1062 Nec
854 987 1035 1062 dubitavit
1068 989 1276 1063 Alexander
1300 990 1419 1083 fidem,

181 1124 253 1196 quo
269 1096 402 1172 Persae
427 1098 537 1172 modo
563 1097 794 1197 accipiebant,
821 1098 918 1192 dare,
944 1100 1166 1191 inviolatum,
1193 1100 1223 1174 si
1248 1102 1408 1176 venisset

180 1209 268 1281 fore.
765 1211 766 1216 ’

285 1315 470 1407 Quadrato
501 1328 623 1391 tamen
654 1319 795 1417 agmine
822 1329 859 1394 et
884 1319 1082 1418 composito
1106 1319 1198 1411 ibat,
1224 1321 1470 1419 speculato-12

129 1445 164 1496 1⁵
180 1451 238 1500 res
265 1425 416 1500 subinde
441 1429 684 1525 praemittens,
711 1431 771 1527 qui
798 1432 1027 1528 explorarent
1052 1431 1141 1503 loca.
1175 1429 1281 1505 Levis
1309 1455 1421 1504 arma·

181 1547 263 1610 tura
289 1535 444 1610 ducebat
469 1562 608 1636 agmen,
634 1539 793 1637 phalanx
820 1565 898 1613 eam
926 1540 1152 1637 sequebatur,
1173 1550 1258 1640 post
1282 1540 1421 1640 pedites

181 1657 284 1720 erant
308 1645 571 1746 impedimenta
618 1647 667 1721 Et
692 1673 781 1747 gens
807 1649 975 1724 bellicosa
1001 1661 1038 1725 et
1061 1661 1214 1724 naturae
1239 1651 1328 1724 situs
1356 1651 1419 1724 dif-

130 1776 165 1825 1c
182 1756 282 1830 ficilis
308 1756 409 1830 aditu
434 1783 557 1832 curam
582 1761 677 1858 regis
701 1760 915 1834 intenderat
958 1757 1121 1858 Namque
1146 1771 1322 1858 perpetua
1347 1761 1420 1834 val·

181 1869 234 1940 les
269 1869 377 1960 iacet,
413 1894 527 1966 usque
559 1868 607 1942 ad
640 1895 740 1944 mare
775 1867 944 1968 Caspium
983 1879 1122 1969 patens.
1181 1867 1264 1943 Duo
1300 1868 1419 1946 terrae

182 1978 257 2050 eius
287 1978 389 2051 velut
421 1979 567 2052 brachia
601 1991 815 2054 excmrunt:
847 1980 965 2053 media
998 1979 1097 2052 flexu
1128 1977 1270 2052 modico
1304 1981 1422 2053 sinum

181 2087 326 2179 faciunt,
353 2088 458 2163 lunae
483 2091 639 2164 maxime
665 2092 832 2181 similem,
866 2115 948 2164 cum
983 2084 1142 2162 eminent
1164 2114 1308 2179 cornua,
1334 2116 1421 2163 non·

13 2243 14 2248 1
131 2217 164 2265 ιτ
184 2197 270 2272 dum
295 2209 412 2272 totum
438 2200 562 2273 orbem
586 2200 703 2275 sidere
728 2201 907 2298 implente.
957 2197 1126 2274 Cercetae
1152 2210 1190 2274 et
1214 2197 1357 2299 Mosyni
1384 2209 1422 2274 et

184 2306 362 2408 Chalybes
389 2336 411 2381 a
436 2311 540 2383 laeva
565 2320 664 2401 sunt,
691 2310 737 2384 ab
764 2311 878 2384 altera
902 2319 1005 2409 parte
1031 2307 1224 2409 Leucosyri
1251 2319 1288 2383 et
1313 2313 1420 2382 Ama·

184 2444 314 2492 zonum
349 2421 497 2519 campi3‘
517 2431 554 2494 et
587 2421 666 2492 illos
693 2446 764 2517 qua
788 2421 906 2518 vergit
940 2419 988 2493 ad
1014 2415 1319 2517 Septentrionem,
1351 2421 1420 2493 hos

132 2547 166 2596 18
183 2528 230 2602 ad
256 2555 423 2603 occasum
455 2555 629 2604 conversa
658 2540 874 2628 prospectat.
935 2529 1035 2603 Mare
1062 2529 1246 2629 Caspium,
1282 2528 1420 2601 dulcius

183 2639 320 2731 ceteris,
346 2640 500 2739 ingentis
527 2640 780 2738 magnitudinis
807 2651 990 2738 serpentes
1017 2641 1096 2731 alit3
1131 2640 1280 2738 piscium
1311 2640 1349 2713 in
1376 2666 1418 2714 eo

217 2814 242 2880 §-
263 2819 304 2866 lt.
341 2815 433 2868 Sedsm
450 2816 503 2868 sibi
520 2815 634 2884 elegerit]
669 2811 786 2866 Mediam
840 2811 912 2865 ‘lium
929 2812 997 2866 Aen.
1014 2826 1057 2879 x1,
1074 2818 1123 2866 522
1143 2809 1229 2866 Servii
1247 2814 1326 2866 etiam
1344 2815 1420 2867 sebo·

183 2895 275 2932 vocem
296 2879 357 2934 libri
372 2882 423 2936 mei
446 2883 551 2953 quidem
572 2896 661 2935 omnes
684 2881 786 2934 addunt
839 2887 911 2934 55155
940 2879 1091 2934 testimonio
1128 2887 1232 2947 tutum,
1266 2879 1422 2934 deminutivi

184 2947 490 3016 (Susk.1eid.Voss.2
509 2954 720 3016 commemorat),
739 2949 785 3001 sed
820 2949 931 3001 formam
956 2965 1005 3018 por
1027 2963 1043 3000 e
1060 2946 1177 3000 vocalem
1193 2949 1421 3002 55515υαὶ1εωὶ511

184 3014 259 3094 qnod
289 3015 396 3070 Modius
427 3017 511 3072 edidit
543 3019 634 3087 legerit
659 3017 688 3070 in
713 3015 785 3069 nullo
819 3015 1012 3068 contendentis.
1049 3013 1278 3068 Commemoratur
1295 3015 1387 3068 eadem
1404 3033 1421 3068 s

183 3081 281 3135 inveni.
818 3083 927 3137 Valerio
950 3083 1042 3136 Probo
1088 3088 1186 3136 ,1470
1218 3081 1326 3136 Putscb.
1350 3084 1421 3138 iuter

219 3153 242 3217 ξ.
263 3157 301 3204 14.
337 3169 387 3221 qao
405 3153 504 3206 Persae
521 3156 606 3222 sinodo]
641 3152 712 3206 Vide
729 3150 784 3204 Ne-
819 3150 884 3204 alias
909 3167 988 3204 voces
1014 3100 1154 3220 dupletur
1178 3148 1342 3204 terminatas.
1378 3149 1421 3205 Cf.

185 3225 277 3288 potem
301 3217 329 3271 in
346 3220 403 3274 rita
428 3221 549 3274 Datamis
568 3228 600 3275 10
618 3223 642 3274 si
650 3221 735 3288 fidem
753 3222 785 3273 de
819 3218 1021 3272 Drakenborch.
1039 3218 1074 3272 ad
1090 3217 1147 3270 Liv.
1166 3233 1199 3270 1v
1230 3223 1263 3272 25
1300 3235 1342 3288 ag.
1362 3223 1420 3272 955.

183 3303 215 3339 eo
241 3303 357 3341 ramore
379 3289 524 3342 Persarum
549 3292 642 3342 dextra
661 3289 783 3354 dedisset,
820 3286 952 3342 Oudendo
987 3286 1047 3340 ‚sd
1064 3285 1140 3340 Caes.
1158 3258 1264 3340 bellu
1302 3301 1372 3354 ΝΠ,
1386 3293 1419 3340 41

182 3353 272 3425 ibique
288 3355 398 3427 interpr.
414 3356 501 3410 Tacit
515 3356 586 3410 Hist.
604 3371 626 3423 1,
636 3359 783 3410 btdsstras
817 3373 915 3424 mopso
933 3372 964 3408 oo
1014 3394 1021 3407 .
1110 3384 1114 3391 ·
1447 3411 1449 3420 ,

182 3423 291 3476 mittere.
869 3463 876 3476 .
905 3430 945 3476 17.
981 3431 1005 3475 et
1037 3423 1086 3476 Mo
1136 3425 1156 3490 a]
1201 3421 1421 3477 Coniunctionem

217 3489 282 3569 Cap.
303 3499 350 3558 12,
373 3496 397 3559 s.
424 3499 464 3546 15.
498 3501 610 3546 scuras
627 3493 703 3559 situs]
740 3490 784 3544 Sic
819 3492 853 3544 ad
872 3440 1178 3545 inintensibilis
1200 3490 1296 3544 nostris
1333 3489 1421 3544 uidem

181 3556 243 3610 libri
260 3558 367 3638 optimi,
386 3561 468 3614 ceteri
483 3568 515 3614 ut
531 3561 612 3630 vulgo
629 3559 718 3614 editur
734 3577 784 3612 nc·
818 3557 940 3613 omnibus
950 3557 1068 3612 stSnalr.
1079 3557 1154 3612 Leid.
1163 3558 1240 3611 Voss.
1252 3566 1276 3626 1,
1290 3509 1336 3612 sed
1346 3560 1421 3612 Mos-

183 3633 244 3677 tura
262 3636 328 3679 sitas
347 3628 467 3695 difficilis
484 3630 568 3694 adita,
586 3636 618 3680 ut
634 3630 710 3694 situs,
725 3626 784 3697 opi·
818 3645 832 3680 s
868 3630 879 3680 i
908 3626 1030 3680 meliores
1056 3625 1134 3694 libri,
1166 3627 1240 3697 quod
1270 3633 1421 3680 correxerat

160 3709 248 3758 nor,
275 3692 404 3761 genitivus
421 3704 497 3750 esset.
532 3696 634 3749 Verum
650 3697 784 3749 51155115-
870 3694 1011 3748 inehemius
1028 3695 1136 3747 brevem
1148 3694 1325 3764 esseprimam
1371 3694 1420 3747 lla-

182 3769 263 3812 15155
281 3776 336 3812 non
361 3763 430 3816 male
455 3764 505 3817 dici
531 3763 637 3817 videtur
662 3779 713 3833 pro
730 3763 783 3816 situ
817 3761 1245 3828 bamdocensexil'ibullorv,1‚
1265 3769 1323 3815 117.
1366 3769 1421 3815 ete-

181 3826 314 3880 naturali:
341 3828 411 3884 infra
431 3831 475 3884 lib.
499 3846 558 3899 vn,
585 3838 615 3884 15
636 3832 783 3900 perdocere
817 3831 1017 3883 rumtotsbsec
1030 3829 1422 3910 paragraphusscaspiimaris

181 3895 300 3950 incautos
318 3896 421 3952 in'locc
438 3909 550 3954 naturas
567 3902 620 3953 sita
637 3901 716 3952 invio.
821 3896 998 3966 descriptione
1029 3895 1115 3949 aliena
1144 3896 1179 3949 ad
1210 3895 1315 3950 Ponticr
1342 3897 1421 3950 maris

215 3965 239 4041 ᾗ.
263 3970 305 4018 16.
333 3977 462 4036 perpetua
489 3969 569 4020 valles
596 3969 672 4034 iacet]
708 3965 786 4020 Hanc
818 3973 922 4086 partem
938 3965 1057 4018 intimam
1074 3964 1197 4036 pertinet.
1214 3964 1285 4018 Vide
1302 3962 1420 4018 Schmi'e-

180 4047 251 4084 vocrs
274 4033 384 4086 formam
409 4035 554 4089 auctoritas
571 4034 697 4088 librorum
714 4034 785 4103 opti-
837 4033 876 4086 eri
899 4033 1077 4086 Commentar.
1104 4051 1132 4106 p.
1165 4038 1223 4088 18³.
1262 4032 1421 4103 Diciturque

181 4116 287 4152 morum
310 4099 385 4155 Leid.
412 4103 489 4158 Voss.
509 4112 522 4156 1
546 4102 618 4156 Flor.
635 4103 685 4156 AB
703 4101 784 4156 Bem.
819 4102 922 4155 laesum
949 4109 977 4154 et
1003 4102 1126 4156 dextrum
1148 4100 1217 4154 latus
1236 4101 1346 4171 quasisi
1363 4101 1421 4171 quis

181 4168 209 4219 A
226 4173 327 4237 trebir,
344 4185 432 4240 nequa
450 4188 508 4225 sam
525 4187 581 4224 esse
599 4169 785 4240 affligendam
818 4170 884 4224 mari
902 4171 1010 4224 accedat
1027 4169 1063 4222 ad
1079 4167 1151 4222 illam
1168 4185 1248 4223 oram.

182 4235 314 4303 oemebis,
333 4237 354 4290 si
372 4239 515 4294 contuleris
534 4255 603 4310 quae
621 4236 785 4292 accuratissi-
853 4241 876 4306 ᾗ.
896 4243 936 4291 18.
965 4239 1082 4308 piscium
1107 4239 1136 4290 in
1163 4254 1191 4290 eo
1209 4239 1283 4307 longe
1301 4238 1419 4291 diuersus

181 4319 239 4356 mus
256 4303 418 4360 Foruallinus
435 4308 532 4361 inlex.
550 4307 664 4376 collegit.
696 4305 785 4358 Nimi·
819 4308 852 4359 ob
879 4307 942 4360 aliis
965 4309 1035 4360 color
1053 4307 1101 4373 est]
1136 4304 1225 4376 Vulgo
1238 4307 1327 4374 pisces
1346 4307 1421 4373 longe

180 4387 240 4423 rum
258 4373 338 4426 ualles
357 4375 518 4430 nominativo
536 4393 598 4430 casu
613 4382 642 4428 et
655 4375 786 4444 producta
820 4375 917 4427 diversi
938 4376 972 4428 ob
994 4376 1060 4427 aliis
1080 4375 1190 4453 coloris,
1218 4375 1290 4444 quod
1332 4373 1420 4424 uidem

181 4437 275 4494 ultima
291 4440 392 4510 syllaba
413 4443 513 4515 legitur
530 4443 610 4499 etiam
626 4443 698 4514 apud
715 4441 785 4496 Ver·
818 4439 847 4494 in
863 4441 936 4496 nullo
954 4442 1045 4498 codiee
1061 4450 1238 4511 manuscripto
1251 4449 1300 4493 est.
1347 4447 1420 4493 ostra

1218 4531 1250 4578 16
