3268 5286
516 408 564 458 nu
591 407 718 460 nusum
744 407 853 460 cxxx.
880 397 929 479 v'r,
957 410 1000 462 ao.
1315 393 1386 463 277

103 611 136 660 2⁷
154 593 234 668 aaa!
259 618 331 685 voc,
366 616 450 693 qrcac
474 593 663 687 sentiebam,
694 619 735 668 ne
759 595 940 688 reticerem
967 595 1169 696 impolita!
1211 594 1395 696 Scriptum

155 729 207 777 mc
232 705 312 778 laec
326 708 441 806 fateor
465 704 554 804 repi,
581 710 647 780 non'
672 709 714 782 de
739 731 815 806 repe
840 708 1022 806 carpsisse.
1075 707 1158 781 Non
1183 703 1271 782 enim
1286 708 1395 810 facie-

154 815 230 888 bam
254 815 434 909 tradam,
467 815 528 892 secl
545 841 613 915 pro
639 841 676 892 eo
701 817 863 893 timebam.
916 817 1066 918 Drpnior
1092 818 1177 892 molti
1199 818 1394 893 Ancandcr

154 927 333 1021 doctam,
359 928 419 1029 qui
443 927 534 1002 Ioum
559 913 696 1027 stirpem
722 928 838 1003 tacitae
864 943 1060 1028 aanocccrct,
1087 955 1188 1031 qaam
1214 931 1274 1031 qni
1294 955 1394 1029 prae·

104 1057 137 1107 m
155 1039 316 1115 clinatione
341 1041 485 1114 iactaret.
526 1037 597 1115 Sed
621 1040 777 1140 quonium
803 1041 930 1116 mancii
942 1041 1036 1139 fider
1061 1031 1287 1133 connected
1312 1042 1394 1116 deno

155 1176 275 1225 caueae
308 1175 400 1225 mccc
436 1151 533 1225 tectio.
586 1149 734 1225 Retinete
759 1179 811 1226 mc
837 1153 873 1225 in
911 1153 1069 1247 vincetii,
1104 1154 1186 1226 dnm
1211 1154 1392 1229 emetiar

154 1261 326 1338 Hammon
351 1287 514 1337 arcannm
539 1276 568 1336 et
593 1263 752 1336 maulam
777 1265 844 1338 ecel
884 1320 892 1336 .
938 1263 1095 1358 ”Interim
1122 1265 1182 1365 otti
1204 1289 1314 1365 rupem
1339 1291 1394 1339 no

154 1387 259 1449 onum
284 1375 441 1476 dr'pnatac
466 1386 514 1447 cst
525 1375 658 1472 filium,
684 1376 848 1449 neminem
873 1399 1002 1467 omnin,
1031 1376 1091 1477 qni
1114 1376 1213 1476 stirpi
1237 1401 1318 1450 acac
1343 1375 1392 1450 ira

102 1505 137 1554 ao
155 1485 271 1559 acan
303 1499 393 1578 cunt,
426 1485 524 1558 atae
551 1485 710 1585 patietur.
763 1485 807 1562 Si
831 1485 969 1561 certiora
998 1486 1141 1561 amota
1166 1487 1298 1562 creditis
1324 1513 1392 1562 cece

154 1610 320 1688 tamara
344 1621 386 1670 nc
411 1597 496 1670 lanc
521 1598 654 1697 quidem
679 1597 877 1673 octauum
901 1598 1047 1672 veritati-r
1060 1597 1171 1694 fidem
1196 1599 1365 1698 deprecor.

102 1727 137 1776 eo
260 1704 371 1782 Solent
399 1707 451 1780 rei
484 1708 602 1806 capitii
636 1707 789 1783 cctam
814 1710 904 1785 nobie
922 1723 1091 1810 parentes.
1144 1709 1243 1786 Duce
1259 1715 1444 1814 omerio

155 1843 213 1918 opo
237 1844 345 1918 nuper
370 1817 488 1910 amnem
516 1831 651 1918 patrem
676 1843 735 1893 nec
761 1823 927 1896 ostendero
952 1847 1110 1921 poscam,
1144 1845 1203 1894 ncc
1238 1823 1391 1898 invocare

102 1931 277 2022 31ancle0,
311 1957 386 2006 cam
420 1943 450 2004 ct
475 1931 546 2030 ipse
571 1930 655 2004 tanti
677 1931 829 2007 oriminis
855 1959 933 2007 racc
958 1934 1010 2008 eit.
1062 1931 1192 2008 Parum
1218 1946 1264 2007 cst
1289 1933 1387 2026 onim,

155 2055 198 2118 tot
226 2045 324 2118 modo
346 2043 495 2118 'trinum
523 2056 714 2143 parentem,
757 2044 794 2118 in
825 2046 921 2118 unico
941 2045 1021 2142 filio
1056 2045 1325 2145 mquiecmmm,
1356 2069 1393 2121 co

92 2171 136 2222 '³2
155 2181 281 2255 quamn
307 2156 426 2247 orbari,
451 2156 520 2230 neci
544 2158 615 2255 ipse
640 2155 677 2229 in
702 2182 821 2256 roynm
845 2181 956 2230 meum
981 2157 1170 2256 imponitur.
1209 2157 1313 2257 Erpa,
1340 2182 1392 2230 ca·

154 2266 286 2340 roceium
308 2279 414 2366 pater,
439 2279 469 2339 et
491 2281 627 2366 propter
652 2293 705 2342 noe
730 2268 892 2359 moricrir,
919 2279 950 2340 et
973 2293 1108 2342 onmem
1162 2269 1236 2369 Epo
1262 2267 1321 2340 att
1345 2268 1392 2343 oi·

154 2392 222 2452 tanc
248 2379 370 2470 adium,
395 2403 453 2478 epo
479 2392 670 2452 caucanam
695 2393 788 2452 tuam
813 2378 987 2477 relinquo!
1015 2375 1106 2462 autc
1131 2381 1220 2454 enim
1239 2405 1291 2454 noc
1311 2405 1392 2479 pro

154 2489 288 2563 nechao
313 2487 475 2591 infelicem
501 2489 752 2566 occaecata
778 2489 871 2564 ctat
904 2517 950 2563 an
975 2503 1012 2564 ut
1036 2491 1093 2566 tus
1119 2516 1160 2564 coc
1185 2517 1237 2566 nce
1252 2496 1389 2596 fractus

99 2621 134 2670 ee
147 2602 356 2700 perciperes,
389 2601 448 2701 qni
472 2613 500 2674 tc
525 2601 682 2674 ommni?
725 2601 868 2694 Mucio,
894 2601 1110 2677 adonemi
1136 2628 1210 2676 ntea
1236 2602 1389 2678 miserior

152 2715 212 2805 rr't,
243 2737 290 2786 an
320 2725 466 2786 senectia
496 2725 573 2786 tua.-
608 2737 666 2812 epo
701 2713 737 2786 in
772 2715 847 2813 ipco
873 2713 985 2788 roboro
1011 2714 1127 2787 aetatis
1152 2713 1298 2812 eripior:
1334 2716 1393 2790 not

152 2976 206 3011 non
232 2957 378 3011 existimem
403 2973 464 3010 eum
489 2954 565 3010 simili
588 2955 655 3010 libro
677 2971 752 3010 unum
805 2973 861 3008 ucrn
879 2955 907 3008 in
925 2957 1010 3010 scelus
1034 2974 1083 3027 pro
1109 2959 1261 3010 demetere.
1296 2957 1391 3030 Itaque

153 3042 218 3079 osae.
632 3051 635 3056 ·
815 3023 897 3076 lcrum
920 3023 992 3077 istud
1014 3024 1212 3096 praepositionis
1236 3025 1336 3094 abieci,
1363 3033 1392 3080 et

187 3099 212 3161 3.
230 3099 272 3147 28.
308 3095 368 3146 dum
390 3095 534 3146 consulitur
559 3093 690 3146 Hammon
708 3110 753 3145 ar·
787 3093 944 3145 Hammonis
961 3093 1065 3146 nomine
1082 3093 1206 3148 restituto
1224 3093 1390 3165 reliquumr-

152 3179 247 3216 canum
265 3171 288 3215 et
306 3165 573 3216 arcadium-scelus.
599 3161 686 3215 Locus
704 3161 753 3213 dil·
786 3160 854 3213 vevi.
898 3159 968 3214 Nam
995 3160 1125 3232 duplicem
1155 3163 1331 3217 accusativum
1363 3170 1391 3216 et

151 3231 237 3298 ficilis,
255 3247 316 3283 num
327 3231 401 3284 codd.
420 3229 538 3301 plerique
550 3237 578 3282 ot
586 3229 667 3283 editio
680 3229 753 3299 prin·
787 3229 825 3283 rei
834 3236 863 3282 et
873 3244 999 3300 personae
1016 3229 1103 3284 omnia
1120 3231 1203 3284 verba
1214 3240 1313 3302 regunt
1322 3248 1391 3304 quae

152 3317 215 3370 nepa
240 3317 289 3371 pro
319 3299 449 3353 llummon
477 3299 576 3352 hubent
604 3301 752 3364 admodum,
787 3298 921 3352 notionem
938 3297 1038 3352 interro
1058 3299 1118 3351 endi
1137 3300 1249 3364 hebent,
1274 3317 1322 3356 nec
1344 3301 1389 3353 de-

170 3369 224 3424 uod
250 3367 344 3422 leviter
369 3376 515 3423 correctum
546 3385 580 3420 ex
607 3370 752 3420 ammodum
787 3374 849 3420 sunt
866 3381 942 3420 exem
962 3366 988 3420 le
1004 3366 1032 3419 in
1068 3385 1100 3421 oc
1118 3367 1175 3438 ipso
1192 3370 1275 3422 verbo
1297 3387 1390 3424 consu·

151 3387 231 3491 geru.
253 3439 278 3491 A
304 3436 378 3491 Laid.
404 3437 480 3492 Voss.
507 3445 529 3490 1.
566 3435 649 3490 Aldus
671 3435 753 3489 edidit
786 3436 864 3490 leudi.
902 3385 971 3490 vile
989 3435 1107 3490 lexicon
1131 3444 1159 3490 et
1177 3435 1340 3492 Gronovium
1357 3439 1391 3492 ad

151 3507 312 3560 consumitur
329 3509 468 3559 admodum
486 3505 541 3559 eine
558 3523 644 3573 sensu,
662 3504 753 3558 emisio
787 3504 871 3560 locum
888 3505 946 3558 Lir.
956 3520 988 3572 11,
999 3511 1033 3560 28
1050 3504 1107 3558 init.
1125 3523 1182 3559 eum
1200 3525 1253 3561 rem
1272 3511 1391 3562 censuim

151 3574 238 3628 estin
260 3574 333 3627 libris
354 3575 426 3628 Flor.
444 3573 499 3628 DH
516 3573 596 3628 Bern.
614 3575 647 3627 B.
683 3574 753 3626 Tum
787 3577 824 3626 act
835 3585 928 3644 patres
947 3575 1082 3642 deferunt,
1105 3579 1153 3629 aad
1169 3578 1282 3630 delatam
1299 3595 1391 3630 conmi-

150 3643 185 3697 ab
210 3642 288 3695 Iunio
316 3643 415 3696 fectum
446 3651 486 3696 eet
523 3646 582 3697 darm
608 3643 752 3696 consulitur
787 3645 839 3696 lere
852 3645 1006 3696 ordinenon
1025 3645 1106 3696 licuit.
1142 3644 1285 3697 Heineienu
1302 3653 1391 3698 tamen

150 3711 283 3764 Hammon
300 3710 354 3763 eive
364 3713 475 3765 Ammon
492 3713 521 3764 in
538 3729 666 3765 arcanum
685 3728 752 3780 quae
786 3710 935 3764 emendatio
958 3710 1093 3782 ingeniosa
1110 3719 1151 3764 cst
1168 3720 1196 3765 et
1217 3712 1318 3766 felicior
1334 3713 1391 3765 aliie

150 3779 230 3833 lectio
238 3779 290 3832 iam
299 3779 413 3849 vulgaris
430 3780 501 3833 facta
518 3789 567 3848 est,
585 3797 633 3833 nec
647 3787 754 3850 praeter
787 3779 905 3832 eiusdem
922 3778 985 3832 viri:
1009 3783 1069 3832 clam
1088 3781 1232 3832 consulitur
1250 3782 1390 3848 Hammon,

150 3847 270 3902 Modiam
291 3863 448 3918 quemquem
465 3865 625 3920 magnopere
636 3847 682 3919 qui
691 3865 752 3902 con-
787 3867 848 3902 num
866 3865 994 3902 arcanum
1011 3850 1094 3900 acelue
1112 3847 1213 3900 initum.
1240 3848 1340 3902 Verum
1358 3865 1392 3902 ne

149 3925 193 3970 tre
220 3924 360 3986 surgeret,
387 3915 495 3971 invenit.
534 3917 638 3971 Modica
667 3924 753 3970 autern
787 3917 851 3970 haee
868 3915 974 3986 quidem
991 3915 1087 3985 placet,
1106 3933 1168 3968 nam
1185 3917 1269 3970 scelus
1284 3917 1391 3987 aliquod

149 3985 289 4038 interiecta
306 3984 371 4038 haec
388 3985 476 4039 omnia
493 3985 616 4041 abiiciens
621 3993 685 4066 post
694 4003 753 4037 con·
787 3984 882 4038 initum
899 4001 956 4036 ease
974 3985 1027 4037 iam
1045 3991 1103 4036 erat
1125 3983 1315 4066 inpromptu,
1342 4001 1392 4038 nee

150 4056 247 4107 entitur
264 4054 343 4124 plene
361 4053 536 4136 interpunxit,
564 4073 594 4108 ac
607 4071 643 4108 uc
656 4053 753 4105 deinde
788 4055 892 4106 interim
925 4052 988 4124 qnid
1019 4061 1216 4120 commeruerit,
1248 4062 1280 4107 ut
1305 4053 1390 4125 ipsum

150 4122 250 4193 porgit:
274 4123 404 4176 Hammon
422 4125 534 4177 iuterim.
570 4123 623 4178 Sed
640 4122 690 4175 hoc
708 4122 753 4173 de·
789 4137 896 4193 quoque
914 4121 1072 4192 corrigatiu,
1090 4121 1230 4193 intelliges.

196 4190 279 4244 rantis
294 4192 581 4260 estnonemendantis,
600 4207 755 4263 quemquam
826 4190 892 4261 Cup.
914 4197 962 4258 40,
988 4195 1012 4258 s.
1035 4198 1076 4245 81.
1121 4199 1156 4243 tot
1182 4192 1256 4243 modo
1273 4192 1389 4245 libanam.

149 4260 158 4312 i
179 4277 260 4330 epra
278 4276 350 4314 more
367 4277 415 4313 euo
441 4261 550 4332 eosqui
572 4260 650 4314 aliter
666 4257 755 4312 existi-
789 4259 944 4314 Liberorum
961 4259 1006 4312 vul
1026 4277 1042 4313 0
1059 4259 1105 4312 ned
1122 4258 1240 4313 dedimus
1253 4277 1300 4312 non
1319 4261 1391 4330 quod

148 4336 252 4382 merent
261 4327 323 4382 diris
332 4328 451 4382 omnibus
460 4329 594 4384 conscidit.
612 4328 755 4382 Probemm
790 4337 831 4382 cst
848 4328 874 4381 in
892 4327 967 4382 Ieid
1012 4333 1121 4382 osane
1141 4327 1211 4382 Flor.
1221 4327 1294 4382 ABG
1310 4328 1390 4382 Bern.

149 4397 208 4517 iffi
231 4413 334 4468 quoque
356 4397 401 4451 vul
465 4417 492 4452 m
514 4398 665 4464 lectionem,
689 4413 756 4518 <puae
789 4397 824 4450 A.
859 4396 929 4450 Item
946 4397 1025 4468 paulo
1042 4403 1102 4468 post
1119 4398 1172 4450 aiei
1188 4415 1236 4468 pro
1253 4399 1283 4451 ni
1300 4414 1389 4452 omnes

209 4471 271 4521 ntur
288 4465 364 4519 codd.
382 4466 455 4520 For.
472 4467 529 4547 EF,
552 4466 573 4520 si
598 4483 693 4537 persua
711 4481 756 4520 ere
789 4465 844 4519 sere
862 4465 922 4520 libri
939 4473 1050 4522 veteres.

149 4531 213 4587 mihi
236 4549 339 4604 pomem
355 4534 452 4589 Latine
475 4534 526 4588 dia
549 4538 682 4590 concutere
704 4537 755 4592 ali·
