3238 5296
256 335 329 404 416
726 356 759 418 e.
784 354 907 406 ouarn
932 354 1017 406 aum

255 563 362 636 quam
395 536 492 612 vada
522 539 721 637 aperiente,
761 540 917 638 speciem
951 539 1046 612 vasti
1080 539 1189 612 maris
1223 541 1365 612 fecerat.
1417 536 1543 612 Nece
1592 581 1593 672 p

192 707 195 711 Α
254 675 320 747 pre
354 651 469 748 spatie
502 676 675 747 aquarum
705 651 777 723 late
809 649 1052 748 stagnantium
1084 651 1257 750 impetum
1289 651 1506 740 coercebat;
1592 673 1593 714 ὲ

256 760 320 833 sed
347 764 448 858 quasi
473 763 509 834 in
537 773 656 834 artum
682 761 892 836 coeuntibus
917 763 1013 861 ripis,
1041 774 1181 836 terrens
1208 775 1245 835 et
1271 762 1378 836 elisus
1406 763 1504 838 fere·

254 872 380 946 batur:
420 875 629 970 occultaque
665 899 754 946 sexa
787 874 904 948 inesse
937 873 1177 947 ostendebant
1207 873 1370 972 pluribus
1405 875 1502 948 locis

256 984 372 1058 undae
398 1010 638 1084 repercussae.
678 983 883 1061 Terribilior
904 997 982 1060 erat
1007 985 1114 1059 facies
1141 987 1250 1083 ripae,
1275 1009 1382 1082 quem
1411 987 1555 1085 equire

254 1097 390 1194 virique
417 1098 694 1195 compleveram
734 1093 888 1170 Stabant
912 1099 1075 1194 ingentes
1096 1107 1283 1170 vastorum
1302 1121 1503 1196 corporum
1592 1111 1593 1172 l

254 1210 376 1300 moles,
404 1219 441 1282 et
467 1207 512 1280 de
537 1207 712 1281 industria
737 1207 896 1284 inritatae
922 1207 1103 1282 horrende
1129 1206 1284 1282 stridore
1309 1233 1416 1283 aures
1442 1210 1498 1282 fa·

255 1321 427 1419 rigabant.
479 1319 571 1394 Hinc
603 1321 736 1412 amnis,
774 1320 857 1393 hinc
890 1321 1004 1394 hostis
1030 1321 1175 1418 capacia
1206 1320 1349 1417 quidem
1375 1321 1499 1396 bonae
1519 1343 1549 1388 11

255 1433 330 1530 spei
356 1443 503 1530 pectora
533 1443 572 1507 et
605 1457 711 1531 saepe
738 1457 776 1506 se
803 1444 953 1531 experta
983 1431 1177 1531 impreviso
1210 1443 1329 1505 tamen
1355 1459 1497 1531 pavere

254 1554 514 1643 percusserant
568 1541 707 1645 Quippe
733 1545 916 1619 instabiles
950 1556 1047 1618 rates
1073 1569 1139 1617 nec
1166 1541 1270 1642 dirigi
1294 1543 1343 1618 ad
1367 1545 1498 1644 ripam,

255 1681 321 1728 nec
346 1667 426 1729 tute
453 1655 621 1755 applicari
648 1683 752 1754 posse
778 1655 982 1730 eredebant.
1040 1653 1154 1728 Erant
1178 1656 1215 1728 in
1239 1655 1360 1729 medie
1386 1681 1496 1730 amne
1516 1677 1546 1724 12

254 1767 391 1841 insulae
418 1769 573 1859 crebrae,
599 1770 636 1842 in
662 1793 750 1866 quas
777 1779 815 1843 et
839 1767 919 1840 Indi
945 1776 982 1841 et
998 1764 1212 1840 Macedones
1230 1779 1369 1859 nantes,
1395 1768 1495 1842 leva·

255 1879 301 1952 tis
328 1903 436 1978 super
462 1881 580 1980 capita
604 1882 722 1972 armis,
749 1879 960 1954 transibant
1012 1877 1066 1950 Ibi
1091 1879 1185 1952 levia
1210 1879 1346 1977 proelia
1371 1905 1497 1956 conse

255 1991 443 2082 rebantur,
483 2004 520 2065 et
550 2002 701 2089 uterque
739 2017 806 2066 rex
838 2015 971 2089 parvae
1010 1989 1061 2062 rei
1097 1987 1298 2064 discrimine
1330 2016 1496 2067 summae

255 2105 507 2203 experiebatur
541 2115 719 2178 eventum.
781 2100 949 2177 Ceterum
982 2102 1019 2174 in
1054 2099 1292 2176 Macedonum
1329 2105 1494 2178 exercitu
1514 2126 1541 2171 n

256 2217 456 2290 temeritate
488 2225 594 2313 atque
620 2215 770 2288 audacia
794 2214 950 2311 insignes
981 2215 1081 2287 fuere
1108 2210 1344 2313 Symmachus
1370 2225 1408 2288 et
1433 2213 1495 2289 lh·

256 2351 382 2418 caner,
421 2327 558 2402 nobiles
590 2329 753 2417 iuvenes,
793 2334 831 2400 et
861 2335 1036 2423 perpetua
1068 2326 1226 2423 partium
1250 2324 1419 2400 felicitate
1444 2327 1494 2400 ad

257 2437 498 2536 spernendum
524 2465 628 2513 omne
654 2438 850 2537 periculum
881 2438 1029 2510 accensi.
1082 2433 1169 2526 Quis
1198 2435 1350 2512 ducibus
1375 2463 1495 2536 prom-
1515 2461 1543 2506 14

256 2549 407 2648 ptissimi
432 2551 603 2623 iuvenum
628 2551 760 2623 lanceis
785 2546 893 2621 medo
921 2549 1049 2622 armati
1074 2558 1309 2623 transnavere
1334 2550 1371 2621 in
1396 2551 1494 2623 insu·

255 2661 343 2752 lam,
383 2687 490 2758 quam
521 2663 689 2761 frequens
723 2662 837 2735 hostis
875 2661 1023 2735 tenebat
1030 2689 1039 2751 ;
1076 2661 1279 2758 multosque
1310 2657 1494 2752 Indorum,

256 2773 354 2846 nulla
379 2798 418 2845 re
444 2775 568 2848 melius
596 2799 703 2872 quarn
728 2772 877 2846 audacia
903 2774 1049 2866 armati,
1075 2772 1341 2849 interemerunt.
1381 2771 1494 2846 Abire
1515 2792 1543 2840 ιε

258 2909 339 2957 cum
364 2883 478 2982 gloria
507 2896 692 2985 poterant,
730 2885 760 2959 si
793 2909 950 2982 unquam
984 2885 1167 2958 temeritas
1202 2883 1290 2958 felix
1316 2882 1495 2958 inveniret

256 3112 309 3170 set,
337 3119 423 3157 sermo
447 3104 483 3155 ad
500 3103 670 3158 masculinum
695 3121 778 3176 genus
804 3105 858 3158 ele-
891 3103 1067 3159 Macedonum
1082 3119 1157 3158 rums
1179 3102 1303 3158 contineo
1316 3099 1418 3156 barritu
1431 3101 1494 3156 fati-

256 3172 349 3244 phanti
376 3171 498 3226 declinat.
547 3171 600 3226 Sed
632 3193 682 3228 aus
700 3193 760 3227 aem
805 3174 857 3228 uod
891 3182 968 3243 gates
985 3182 1013 3226 et
1024 3172 1144 3226 turbatas
1163 3170 1235 3240 dicit,
1254 3188 1310 3224 nen
1321 3177 1408 3224 aerem
1416 3187 1493 3224 exer-
1592 3181 1593 3184 ’

256 3241 374 3322 sequitur
403 3240 499 3294 nititur
523 3240 593 3295 Flor.
624 3192 729 3309 DFdI,
764 3192 858 3313 reliqui
892 3242 1011 3308 dutum,
1046 3242 1118 3312 quod
1148 3239 1224 3294 nimis
1250 3239 1383 3320 poeticam
1413 3247 1443 3293 et
1457 3239 1495 3321 ¹in
1592 3237 1593 3250 ¹

255 3325 431 3364 enimomnes
448 3308 575 3363 mendose
592 3329 735 3380 nunquam,
753 3310 857 3365 FlerB
891 3309 1018 3364 historice
1045 3310 1164 3381 ineptum
1188 3317 1264 3363 esset.
1308 3307 1413 3362 Deinde
1435 3310 1495 3361 trec

256 3395 378 3448 unquam.
891 3381 986 3443 omnis,
1005 3380 1153 3432 hinchoetie
1166 3377 1388 3430 mutatissedibus
1405 3377 1495 3448 legen·
1592 3433 1593 3440 χ

291 3453 316 3512 s.
334 3452 357 3498 9.
385 3455 408 3498 et
433 3447 511 3498 eliste
529 3447 681 3515 ferebatur]
724 3447 797 3500 Infra
814 3461 856 3513 rx,
893 3447 955 3499 dum
973 3447 1101 3501 librorum
1113 3463 1274 3500 msaeausa:
1292 3444 1358 3499 editi
1376 3450 1495 3518 (praeter
1592 3445 1593 3512 j

258 3519 274 3568 8
282 3515 401 3584 flumina
426 3515 545 3635 nepertia
567 3517 632 3585 ripis
657 3517 766 3569 cedato
788 3523 811 3568 et
829 3517 858 3568 ie
893 3515 982 3584 Mod.)
1001 3517 1061 3569 hine
1078 3518 1171 3583 hestia,
1189 3517 1249 3570 binc
1267 3516 1362 3568 amna.
1592 3559 1593 3592 ,

256 3584 860 3656 enpustiereneeeameliseterrenteseques
929 3587 952 3653 §-
981 3590 1020 3638 12.
1061 3586 1127 3638 terte
1155 3585 1257 3654 proelio
1282 3584 1493 3650 concremetur]
1592 3599 1593 3652 t

257 3653 392 3718 invehunt,
419 3650 566 3732 estuigitur
588 3669 764 3726 compressus,
791 3651 861 3706 mole
894 3653 983 3723 Vulgo
1010 3653 1190 3720 conserebant,
1223 3653 1269 3706 sed
1294 3651 1378 3706 notui
1404 3669 1494 3734 empse

257 3721 861 3870 tatffittttttttstttltttt
892 3721 1393 3862 lffillsllffitmlffllll‘
1411 3720 1496 3868 ,Ξῖξῖ

256 3857 402 3911 derivatum
428 3859 510 3912 tradit
534 3859 655 3915 Ritterns
680 3877 774 3932 geogr.
800 3857 860 3914 Vol.
894 3868 923 3914 et
948 3861 1019 3932 qued
1050 3867 1162 3913 annotat
1188 3876 1245 3913 esse
1271 3859 1439 3912 consectam
1468 3875 1495 3937 m
1592 3927 1593 3930 Ἴ

257 3940 301 3980 vu
319 3945 346 3996 p.
357 3933 398 3981 31.
894 3929 954 3982 edd.
969 3935 1038 3982 cett.
1062 3927 1157 3981 falsum
1178 3936 1230 3995 est,
1258 3945 1318 3981 nam
1341 3945 1406 3999 quas
1422 3943 1495 3998 eqni·

301 3998 323 4064 5.
353 4002 393 4050 10.
435 4008 567 4052 vesterren
601 4015 735 4068 corporane
770 3999 858 4066 meles]
895 3999 955 4051 dem
975 3996 1074 4052 centuli
1099 3995 1198 4049 habent
1219 3997 1386 4051 temerabunt
1412 4011 1495 4066 esque

258 4064 421 4134 Elephanton
447 4064 589 4135 significat,
621 4083 733 4138 quorum
759 4066 858 4120 clamor
891 4067 1010 4120 adMod.
1025 4066 1069 4136 qui
1079 4065 1280 4120 emnebeoter
1296 4063 1410 4137 mripsit,
1428 4063 1496 4119 siem

259 4135 358 4187 strider
379 4141 490 4187 vocatur
505 4135 586 4188 etiam
611 4153 627 4189 a
648 4134 775 4206 scriptore
795 4135 858 4190 belli
891 4135 943 4190 ianr
960 4153 1052 4206 merge
1069 4133 1127 4188 Ion.
1145 4133 1310 4188 exhibuerat.

258 4201 339 4256 Afric.
363 4219 385 4254 e.
411 4209 443 4256 ta
465 4210 494 4255 et
515 4209 563 4271 84,
587 4211 616 4256 et
636 4221 653 4256 a
676 4202 769 4257 Curtio
790 4202 858 4258 infra
927 4210 951 4272 s.
971 4212 1010 4257 14.
1037 4205 1110 4257 nulle
1128 4220 1156 4255 re
1174 4205 1264 4256 melius
1282 4219 1360 4274 quem
1381 4203 1494 4256 aeteae

258 4288 316 4341 cap.
334 4278 376 4325 49.
402 4271 456 4324 Sed
473 4289 551 4325 eures
563 4273 777 4354 fetiyeteetpro
787 4273 859 4344 vulg.
892 4275 998 4342 ermen]
1033 4272 1098 4326 Mes.
1116 4288 1207 4325 omnes
1223 4271 1261 4326 sie
1277 4271 1413 4338 exhibent,
1430 4269 1496 4324 editi

259 4357 341 4394 eures
364 4341 436 4410 qued
453 4337 524 4394 Aldo
546 4342 671 4407 debetur,
694 4342 859 4396 scribendum
893 4345 977 4413 mepta
994 4359 1071 4411 quem
1089 4340 1162 4420 quod
1179 4341 1318 4412 probarem
1339 4339 1407 4394 siin
1419 4347 1495 4393 huto

258 4417 300 4464 est
318 4425 377 4462 cum
398 4418 507 4481 prepter
527 4409 645 4465 codicem
665 4409 781 4465 emnium
798 4429 860 4466 oon·
892 4427 1021 4466 coneermr
1038 4409 1161 4463 cedrcnrn
1182 4427 1199 4463 e
1218 4410 1257 4464 tio
1273 4408 1367 4463 relicta
1392 4416 1470 4463 esset

259 4495 377 4548 mosum,
404 4487 460 4532 tum
488 4479 637 4535 morentiae
662 4496 748 4534 eausa.
789 4481 860 4535 Nem
927 4483 951 4549 ξ.
971 4485 1010 4535 le.
1035 4479 1167 4534 temeritas
1199 4480 1264 4550 alra]
1293 4476 1419 4550 Plerique
1434 4493 1495 4532 mn.
