3270 5290
235 345 309 416 242
711 363 744 426 Q.
772 362 896 416 curru
920 362 1006 414 nuri

230 549 337 648 longe
368 546 532 622 diversus
564 546 610 620 ab
645 546 721 619 aliis
757 545 855 617 color
880 553 945 616 est.
999 538 1152 632 Quidam
1179 538 1362 638 Caspium,
1397 543 1472 638 qui-

230 657 316 732 dam
341 657 564 757 Hyrcanium
589 657 787 754 appellant:
814 654 872 728 alii
899 663 992 743 sunt,
1019 653 1079 749 qui
1091 649 1283 725 Maeotiam
1303 651 1472 750 paludem

231 770 268 842 in
294 768 332 842 id
358 767 486 842 cadere
511 777 655 864 putent:
691 775 729 838 et
753 774 1004 863 argumentum
1031 763 1201 852 affenmt,
1228 786 1372 858 aquam,
1399 787 1470 858 quo

232 879 370 953 dulcior
404 879 451 951 sit
477 901 585 974 quam
610 886 730 949 cetera
760 875 889 964 masia,
924 873 1041 948 infuso
1066 871 1207 970 paludis
1233 872 1383 978 lgsmore
1408 872 1471 944 mi·

232 997 376 1064 tescere.
434 987 470 1061 A
502 983 751 1084 septentrione
792 986 917 1083 ingens
951 985 990 1056 in
1028 984 1112 1057 litus
1152 1007 1250 1056 mare
1287 983 1470 1073 incumbit,
1490 1003 1527 1051 19

231 1101 408 1198 longeque
440 1097 515 1195 agit
544 1096 691 1188 fluctus,
723 1107 761 1170 et
784 1120 916 1192 magna
941 1105 1044 1192 perte
1071 1103 1288 1168 exaestuans
1315 1103 1469 1192 stagnat

231 1209 332 1284 Idem
365 1209 434 1282 alio
469 1207 557 1281 coeli
591 1216 688 1279 statu
721 1207 848 1303 recipit
872 1206 910 1281 in
941 1230 980 1278 se
1005 1205 1153 1292 fretum,
1185 1201 1382 1299 eodemque
1407 1204 1471 1275 im-

231 1332 335 1419 petu,
350 1343 432 1417 quo
460 1316 613 1390 effusum
638 1328 709 1407 est,
735 1315 918 1406 relabens,
944 1325 1078 1388 terram
1104 1321 1255 1386 natiuae
1281 1335 1366 1385 suae
1392 1311 1471 1384 red-

232 1431 295 1504 dit.
348 1427 396 1501 Et
431 1425 576 1524 quidam
608 1424 807 1518 credidere,
840 1451 916 1498 non
947 1423 1117 1524 Caspium
1149 1447 1250 1503 marc
1276 1447 1373 1513 esse,
1405 1422 1471 1496 sed

231 1566 279 1614 ex
304 1536 407 1612 India
438 1539 476 1610 in
501 1536 719 1635 Hyrcaniam
751 1536 895 1626 cadere,
928 1537 1028 1609 cuius
1059 1533 1256 1633 fastigium,
1288 1544 1329 1607 ut
1362 1559 1472 1633 supra

230 1649 367 1722 dictum
393 1659 458 1738 est,
483 1657 658 1746 perpetua
684 1647 778 1720 valle
804 1646 1046 1720 summittitur.

183 1763 229 1832 13
334 1756 427 1831 Hinc
462 1783 529 1831 rex
554 1779 607 1830 xx
641 1756 758 1832 stadia
783 1757 956 1857 processit
982 1755 1109 1830 semita
1133 1754 1395 1853 propemodum
1420 1755 1470 1827 in·
1489 1772 1527 1821 ao

233 1869 302 1960 iia,
330 1869 387 1942 cui
411 1869 502 1942 silva
526 1866 744 1956 imminebat,
769 1876 1020 1964 torrentesque
1039 1875 1076 1940 et
1102 1866 1236 1952 eluvies
1262 1867 1331 1939 iter
1355 1889 1470 1938 mora

231 1979 373 2052 bantur.
424 1975 532 2052 Nullo
556 1987 679 2051 tamen
703 1977 807 2050 hoste
834 1978 952 2068 obvio,
979 1985 1155 2076 penetrat,
1181 1974 1399 2074 tandemque
1423 1975 1472 2048 ad

231 2091 402 2164 ulteriora
436 2083 650 2187 perventum
686 2097 750 2160 est.
811 2086 960 2161 Praeter
994 2087 1082 2160 alios
1117 2096 1353 2177 commeatus,
1388 2112 1473 2183 quo·
1491 2105 1525 2154 21

231 2223 313 2272 rmn
338 2208 417 2271 tum
452 2199 554 2297 copia
579 2199 678 2296 regio
704 2197 927 2288 abundabat,
962 2205 1152 2296 pomorum
1178 2221 1319 2294 quoque
1345 2198 1472 2295 iugens

231 2309 360 2382 modus
391 2311 565 2398 nascitur,
601 2319 638 2383 et
669 2308 889 2382 uberrimum
920 2305 1107 2405 gignendis
1140 2308 1220 2382 uvis
1255 2309 1372 2382 solum
1407 2317 1472 2380 est.

232 2531 312 2585 lectio
337 2531 495 2585 auctoritate
519 2530 612 2586 nititur
629 2530 701 2585 Flor.
720 2533 769 2584 AB
788 2532 837 2586 nisi
869 2549 929 2586 rum
954 2531 1053 2586 nullam
1082 2532 1236 2586 condemno.
1272 2531 1312 2587 cf.
1336 2531 1474 2588 Heinsium

233 2599 305 2670 quod
322 2599 350 2651 in
373 2598 404 2651 iis
422 2601 520 2652 diversi
537 2597 635 2669 legitur
650 2615 701 2669 pro
718 2603 836 2653 diversus
871 2599 905 2652 ad
924 2598 1060 2653 Claudias.
1085 2601 1118 2653 de
1141 2615 1173 2652 1v
1199 2618 1269 2654 cons.
1294 2600 1397 2654 Honor.
1424 2607 1474 2654 180

233 2675 262 2720 et
280 2666 399 2720 omnibus
416 2665 502 2720 verbis
520 2666 557 2720 sic
574 2673 650 2720 extat
670 2667 698 2720 in
715 2667 786 2721 Flor.
804 2669 836 2720 Ε.
870 2675 899 2720 et
924 2667 1106 2721 Burmannum
1132 2669 1166 2720 ad
1191 2669 1273 2739 Verg-
1303 2667 1401 2739 Georg.
1428 2682 1473 2734 111,

235 2734 326 2788 Ceteri
345 2733 444 2856 partim
462 2736 577 2803 piscium
603 2737 631 2787 in
658 2753 686 2788 eo
704 2737 779 2806 lcuye
797 2738 837 2788 di·
871 2742 948 2789 349.-

234 2804 304 2856 oersi
327 2821 343 2854 o
386 2803 449 2855 ollis
473 2804 596 2869 colorem,
624 2810 655 2856 ut
686 2803 757 2858 Flor.
784 2801 837 2858 CH
905 2821 955 2872 quo
974 2805 1075 2856 dulcior
1092 2805 1138 2871 sit]
1162 2803 1235 2858 Olim
1251 2804 1379 2858 edebatur
1396 2821 1472 2874 quoe,

234 2870 314 2924 Bern.
332 2870 382 2924 AB
400 2869 644 2924 Ieid.Voss.1.2
673 2887 722 2925 nec
739 2870 836 2924 discre-
871 2870 940 2924 sicut
957 2871 985 2924 in
1002 2870 1147 2942 plerisque,
1175 2873 1221 2924 aed
1247 2872 1321 2926 malis
1338 2870 1473 2926 codicibus

234 2947 282 3009 pat
310 2937 380 2992 Flor.
405 2937 432 2992 G
457 2937 506 2992 nisi
532 2939 604 3009 quod
630 2941 713 2994 colore
738 2939 837 2993 habet:
871 2938 878 2991 l
916 2939 985 3002 'tur,
1012 2947 1070 2992 tum
1096 2957 1145 3009 qno
1171 2940 1304 2994 dederunt
1321 2939 1426 2994 Modius
1444 2947 1473 2992 et

235 3006 333 3076 partim
344 3008 431 3076 piscis
449 3007 478 3058 in
501 3024 529 3060 ec
557 3009 631 3059 lone
655 3009 784 3062 diversum
803 3009 836 3060 ab
870 3006 965 3077 re'qui
990 3015 1019 3060 et
1041 3007 1140 3061 habent
1156 3008 1237 3061 Bern.
1255 3009 1281 3062 Α
1297 3006 1370 3062 Flor.
1387 3006 1472 3062 BCG.

233 3077 269 3128 ol.
289 3077 406 3142 colorem,
425 3082 456 3127 ut
472 3073 543 3128 Flos.
561 3025 658 3144 Fl’al.
679 3083 691 3128 1
712 3077 837 3144 (piscium
872 3074 926 3128 Sed
943 3074 1076 3129 Acidaliae
1094 3085 1122 3129 et
1140 3075 1287 3130 Schefferua
1305 3078 1375 3147 qnod
1390 3075 1474 3128 malu-

235 3159 295 3196 cum
325 3149 434 3196 correct.
461 3143 547 3211 piscis
574 3141 645 3196 Flos.
676 3143 720 3208 D,
747 3145 837 3212 pisces
871 3151 963 3208 crunt,
1003 3142 1124 3196 nimirum
1167 3145 1239 3215 quod
1277 3144 1474 3214 coniungebant

234 3209 306 3262 Flor.
324 3209 351 3278 Ι)
369 3208 467 3278 partim
484 3209 562 3262 aliter
578 3210 710 3264 aberrant.
739 3213 837 3264 Omnes
872 3221 1051 3279 crpumentcm
1069 3214 1184 3292 ‹qffercm
1200 3230 1304 3282 aquam.
1327 3212 1405 3265 Hanc
1418 3229 1473 3265 non

231 3283 325 3330 tamen
342 3276 447 3330 voculas
464 3279 492 3328 in
510 3294 538 3329 eo
556 3277 697 3343 exhibent,
716 3286 744 3331 et
762 3278 838 3332 facilc
872 3277 994 3347 equidem
1017 3278 1221 3350 explicationem
1249 3295 1342 3334 eorum
1368 3287 1473 3334 secutus

236 3351 277 3396 cst
302 3343 440 3396 intellectu
466 3345 576 3396 colorem
607 3351 636 3398 et
667 3348 750 3398 colore
782 3364 837 3398 non
871 3361 944 3398 eram
964 3345 1097 3416 inpriore
1119 3347 1192 3414 adit,
1216 3349 1263 3402 aed
1288 3348 1473 3402 auctoritatem

235 3409 307 3464 aliud
339 3425 417 3480 quam
449 3409 630 3480 corruptiones
669 3428 726 3466 esse
760 3429 838 3467 verae
871 3412 946 3468 Leid.
972 3417 1048 3468 Voss.
1074 3422 1087 3467 1
1114 3415 1186 3468 Flor.
1211 3417 1246 3470 Α.
1281 3415 1362 3471 Nunc
1384 3427 1473 3470 autam

235 3478 384 3548 scripturae
402 3479 471 3530 color
489 3488 535 3532 est.
871 3481 952 3536 redeo
975 3483 1010 3534 ad
1033 3482 1185 3537 Modiauam
1208 3483 1381 3555 scripturam,
1404 3499 1473 3552 quaa

271 3547 377 3614 qnidam
403 3545 578 3624 Hyrpapimn]
618 3547 661 3601 Vu
691 3565 708 3600 o
733 3548 838 3616 Hyrca·
872 3550 1077 3604 constructionis
1102 3551 1234 3622 elegantia
1250 3552 1329 3622 longe
1346 3559 1473 3622 praestat.

235 3631 306 3692 mim,
326 3630 378 3683 qua
403 3629 514 3667 nomrms
532 3615 617 3668 forma
633 3615 706 3668 Mea
723 3617 838 3737 appella·
892 3619 929 3696 ·§.
950 3624 990 3672 19.
1026 3621 1118 3688 recipit
1135 3622 1163 3672 in
1180 3638 1209 3674 sc
1219 3621 1331 3690 fralmo]
1367 3617 1474 3674 Fretum

236 3689 276 3734 ut
292 3696 321 3747 v,
340 3687 366 3746 3,
386 3687 427 3748 19,
446 3681 492 3736 sed
508 3682 620 3736 utFlor.
639 3682 738 3737 habent
779 3684 837 3752 BG,
873 3683 939 3738 dreit
955 3701 1013 3737 eam
1030 3697 1133 3756 partem
1151 3687 1230 3742 maris
1247 3703 1316 3758 quae
1333 3697 1472 3742 exaestuat

237 3748 275 3802 sic
297 3748 398 3802 Plinius
424 3748 508 3807 maior
533 3750 592 3821 plus
615 3751 702 3804 semel.
736 3751 837 3806 Eadem
871 3759 900 3804 et
917 3752 1025 3823 propior
1042 3761 1084 3808 est
1101 3754 1232 3824 litoribus,
1250 3773 1284 3809 nc
1302 3771 1364 3810 cum
1377 3756 1474 3810 Acida-

236 3833 279 3896 res
296 3825 415 3896 esty11²
435 3824 467 3871 14
485 3819 532 3872 sed
548 3818 631 3872 maior
647 3819 727 3873 edam
745 3829 837 3874 aucto-
871 3819 907 3874 lio
924 3821 1039 3890 corrigas
1061 3824 1153 3891 recapit
1171 3841 1199 3877 se
1216 3826 1245 3878 in
1255 3825 1373 3894 fretam,
1401 3823 1474 3894 quod

236 3893 300 3938 ritas
318 3884 441 3938 adrectrvi
458 3887 597 3954 Hyrcanii.
871 3887 951 3941 miror
968 3888 1111 3944 Cellarium
1126 3890 1154 3944 iu
1171 3899 1248 3944 textu
1266 3892 1414 3947 obllocsssa.

271 3951 416 4006 Maeotiam
451 3955 553 4006 cladem
593 3954 683 4024 Vulgo
700 3956 836 4022 lineatim,
906 3959 980 4024 §.lm
996 3968 1116 4038 penetret
1134 3974 1225 4014 omues
1243 3961 1320 4014 codd.
1337 3977 1388 4031 pro
1400 3961 1473 4042 vulg.

237 4021 283 4101 aed
300 4019 383 4099 nostri
406 3971 467 4074 lidii
490 4029 537 4074 eut
587 4024 680 4076 sotium
699 4025 836 4104 aut-Meo·
867 4033 1022 4093 pmetrnmt
1050 4023 1135 4080 Paulo
1152 4036 1214 4097 post
1231 4031 1269 4082 cd
1284 4029 1410 4084 ulteriora
1428 4029 1473 4083 itr-

234 4091 332 4164 odem,
356 4087 422 4140 rllud
439 4097 467 4141 ct
485 4087 616 4154 meliores,
634 4108 698 4160 quos
717 4091 779 4144 alibi
797 4109 837 4144 se·
871 4091 932 4148 dem
949 4109 1038 4146 omnes
1056 4109 1119 4148 exce
1140 4103 1169 4150 to
1186 4095 1296 4150 FlosG
1313 4096 1341 4150 in
1378 4115 1413 4150 uo
1431 4105 1474 4152 cat

236 4156 350 4276 quimur,
369 4163 397 4208 et
413 4154 511 4235 plurjes,
530 4157 735 4212 hocdeteriores
753 4159 836 4225 (Flos.
872 4161 990 4239 unitim-c.
1033 4161 1094 4216 Hoc
1150 4163 1243 4230 odius,
1269 4113 1472 4234 Freiusdemiua,

262 4224 311 4290 ΡΙ)
348 4241 415 4276 unus
437 4231 517 4278 etiam
540 4223 611 4279 Flor.
639 4224 665 4278 G
690 4229 835 4293 meotidem,
871 4227 931 4294 alu,
959 4229 1109 4296 ediderant3
1132 4231 1289 4304 minimeque
1311 4232 1473 4304 displiceret,

236 4291 837 4417 reassumam
872 4295 996 4419 uec
1024 4298 1119 4419 ga
1145 4300 1258 4421 pe
1285 4301 1414 4382 nn
1430 4309 1473 4381 ψ

236 4376 415 4500 sigennus?
434 4445 594 4500 quamquam
620 4429 713 4484 harum
722 4380 837 4486 uloddla·
871 4379 950 4486 ddu'aa
966 4405 1020 4487 ndu
1037 4377 1473 4506 id'cmmsignilincdrrdt⁰ppoultloms
