3158 5294
252 355 324 426 492
727 376 761 440 Q.
788 375 911 428 curru
935 375 1021 428 surr
1045 453 1058 480 ⁹

250 554 358 608 fecerat.
393 558 419 608 Is
437 553 519 624 igitur
535 572 594 608 cum
611 555 747 624 fiduciam,
771 571 850 626 quam
867 555 895 609 in
912 553 1117 628 propensissime
1133 555 1202 625 regis
1220 553 1309 626 gratia
1326 555 1436 610 habere
1453 575 1497 628 po-

249 639 335 699 terat,
361 631 543 702 magnitudine
559 631 718 702 flagitium
742 631 956 705 consumpsisset,
984 633 1100 704 quinque
1125 631 1252 686 talentum
1274 629 1350 685 milia
1375 649 1416 686 ex
1435 651 1499 704 gan

249 708 322 779 regia
339 707 421 780 rapit,
448 709 629 780 conductaque
647 727 694 764 sex
710 709 811 764 milium
836 709 1056 764 mercenariorum
1072 727 1164 777 manu,
1191 709 1219 762 in
1235 707 1377 778 Europam
1397 710 1498 764 eradit

248 785 407 856 Iampridem
424 784 495 838 enim
511 785 576 838 luxu
586 797 615 840 et
630 786 783 842 libidimbus
800 787 828 840 in
840 803 965 858 praeceps
977 793 1087 853 tractus,
1106 785 1297 856 desperataque
1311 785 1388 856 apud
1406 804 1499 856 regem

248 868 339 930 venia,
366 863 491 916 adversm
508 863 572 916 nam
589 863 671 934 ipsius
689 864 716 917 in
734 863 825 917 alienis
843 864 937 934 opibus
964 861 1109 917 subsidium
1126 861 1327 933 circumspicere
1352 875 1498 934 coeperat,

250 947 280 992 et
296 939 485 1007 Athenienses,
505 933 616 1010 quorum
632 960 686 996 non
703 941 920 996 contemnendam
936 938 1097 1010 potentiam,
1116 946 1144 992 et
1161 938 1232 1008 apud
1249 947 1356 992 ceteros
1375 937 1498 994 Graecos

249 1017 448 1083 auctoritatem,
466 1024 522 1070 tum
540 1017 669 1072 occultum
686 1019 714 1072 in
731 1018 891 1072 Maoedom
909 1014 998 1073 odium
1016 1025 1101 1084 norat,
1119 1015 1208 1070 scdulo
1228 1016 1362 1068 colum-at
1398 1016 1497 1088 Itaque

250 1110 325 1164 spem
342 1093 395 1146 suis
412 1093 537 1162 iaciebat,
561 1094 735 1149 Athenienses
752 1096 865 1148 adversm
882 1113 929 1150 suo
948 1094 1068 1164 cognito,
1086 1091 1220 1164 copiisque
1237 1101 1265 1146 et
1281 1092 1418 1162 pecusniis,
1438 1112 1500 1165 qna

250 1170 401 1237 adduceret,
419 1187 507 1224 coram
524 1171 658 1242 inspectis,
677 1174 796 1244 protinus
809 1189 882 1225 arma
900 1169 1061 1241 consiliaque
1078 1169 1219 1224 sociaturos
1236 1184 1304 1221 esse.
1331 1167 1412 1222 Num
1431 1173 1499 1241 apud

249 1247 375 1319 populum
392 1247 543 1318 imperitum
559 1257 588 1301 et
605 1249 739 1316 mobilem,
756 1245 930 1320 peihomines
949 1247 1085 1319 improbos
1102 1253 1133 1300 et
1149 1244 1259 1300 avaritia
1266 1245 1391 1313 venales,
1411 1247 1499 1301 omn'n

250 1340 278 1376 se
295 1320 663 1381 muneribus'eonsecutumm
680 1324 866 1396 existimabat]

203 1467 223 1535 7
353 1463 466 1562 Igitur
493 1465 639 1562 triginta
664 1466 816 1540 navibus
842 1461 992 1542 Sunium
1017 1463 1279 1552 transmittunt,
1308 1461 1529 1561 (promen-11

250 1575 381 1647 terium
406 1584 462 1649 est
474 1575 617 1650 Atticae
642 1589 759 1652 terrae
766 1576 791 1675 ,)
817 1575 913 1650 unde
931 1587 1076 1676 portum
1101 1575 1199 1648 urbis
1216 1583 1346 1673 petere
1376 1573 1499 1650 decre

250 1696 388 1759 verant.
441 1685 506 1761 His
534 1689 699 1787 cognitis,
731 1713 797 1760 rex
822 1685 982 1788 Harpalo
1007 1686 1366 1782 Atheniensibusque
1393 1687 1522 1761 iustas

252 1797 402 1872 infestus
429 1799 579 1873 classem
612 1799 731 1898 parari
756 1798 870 1892 iubet,
905 1798 1067 1872 Athenas
1101 1797 1263 1896 protinus
1299 1798 1499 1894 petiturus

252 1906 357 1998 Quod
392 1909 577 1984 consilium
620 1935 702 1984 cum
736 1911 828 1983 clam
866 1911 994 2008 agitat,
1029 1910 1168 1983 litterae
1203 1908 1235 1980 ei
1260 1906 1524 2000 ‘redduntum

250 2019 448 2120 Harpalum
473 2021 626 2096 intrasse
643 2020 787 2119 quidem
812 2018 985 2112 Athenas,
1011 2020 1162 2118 pecunia
1187 2018 1405 2095 conciliasse
1436 2021 1501 2095 sibi

250 2133 448 2230 principum
474 2134 631 2207 animos:
658 2160 754 2224 mox,
781 2133 929 2206 concilio
954 2132 1068 2231 plebis
1084 2132 1217 2221 habito,
1243 2131 1391 2205 iussum
1410 2133 1499 2206 urbe

252 2241 425 2318 excedere
452 2243 498 2317 ad
526 2241 680 2319 Graecos
706 2245 835 2318 milites
866 2245 1089 2343 pervenisse,
1124 2241 1251 2341 quibus
1277 2241 1316 2314 in
1346 2240 1499 2318 Cretam

241 2353 424 2445 traiectis,
454 2354 664 2452 aquodam
690 2357 907 2432 Thimbrone
941 2357 1193 2452 interemptum
1226 2377 1294 2450 per
1328 2354 1499 2428 insidias

250 2461 317 2536 His
351 2465 466 2537 laetus
505 2467 542 2536 in
568 2464 750 2565 Europam
789 2466 985 2541 traiiciendi
1024 2466 1209 2540 consilium
1248 2464 1391 2538 omisit:
1437 2464 1524 2539 sedt

253 2575 386 2665 exules,
412 2585 555 2673 praeter
581 2602 653 2669 eos,
680 2578 740 2676 qui
766 2579 859 2652 civili
885 2579 1057 2676 sanguine
1078 2577 1213 2675 aspersi
1238 2585 1357 2667 crant,
1387 2578 1499 2675 recipi

253 2686 298 2758 ab
326 2687 490 2760 omnibus
518 2684 736 2776 Graecorum
763 2690 976 2779 civitatibus,
1003 2689 1081 2786 quis
1106 2687 1199 2786 pulsi
1225 2699 1352 2778 erant,
1381 2688 1498 2762 iussit

251 2795 299 2870 Et
326 2793 470 2888 Graeci,
504 2798 601 2872 haud
627 2803 704 2874 ausi
730 2801 918 2899 imperium
943 2799 1142 2897 aspernari,
1177 2823 1402 2895 quamquam
1432 2801 1524 2874 sol-⁵

250 2907 448 2982 venderam
473 2909 592 3007 legum
610 2909 647 2982 id
664 2911 875 3010 principium
893 2935 970 2984 esse
989 2910 1193 3000 censebant,
1219 2909 1316 2982 bona
1334 2935 1498 3008 quoque,

284 3109 349 3180 Cap.
368 3116 392 3176 t,
411 3113 436 3173 s.
454 3115 479 3162 3.
514 3127 571 3164 oum
588 3113 656 3164 clam
673 3113 757 3181 oqitct
805 3110 850 3165 Sic
885 3112 932 3165 buis
957 3113 1034 3164 deest
1059 3109 1087 3163 in
1117 3108 1194 3162 codd.
1210 3108 1354 3168 ,omnbus
1402 3113 1500 3182 Itaque

249 3177 371 3249 plerique
389 3185 418 3230 ct
436 3177 529 3259 optimi
547 3179 636 3244 codd,
653 3197 720 3233 unns
770 3179 849 3234 or.C
884 3178 1023 3233 ernendavi
1048 3178 1140 3250 quibus
1166 3180 1193 3230 iu
1214 3177 1319 3232 Oretum
1337 3180 1498 3233 τναίοαὺα

249 3264 307 3299 cum
324 3249 391 3300 clam
418 3257 546 3315 offltarct,
577 3248 664 3300 nullus
690 3247 763 3318 quod
808 3255 851 3301 ost
884 3251 996 3318 quodum
1015 3248 1169 3300 Tirimbrone
1186 3247 1370 3316 interceptus
1384 3265 1444 3328 per
1460 3252 1499 3300 ia-

249 3314 324 3368 Mod.
341 3313 419 3368 hodie
437 3315 494 3366 fere
504 3315 591 3368 editu
603 3319 664 3369 dum
672 3318 757 3386 opilat
774 3265 850 3370 elium.
884 3317 978 3369 ridica
1016 3317 1150 3368 Traiectus
1183 3331 1233 3384 pro
1250 3324 1417 3368 sanaveras
1447 3316 1499 3369 did

248 3386 281 3434 In
299 3384 409 3451 seqq.ei
426 3383 501 3434 abest
517 3384 551 3436 ab
569 3384 850 3454 omnibusmssprae·
884 3383 1031 3438 vidDrah.
1048 3382 1253 3446 adLiv.xxx11,
1273 3389 1333 3448 t,1.
1362 3382 1411 3436 Ne
1432 3385 1500 3438 acsi·

249 3457 293 3503 ter
309 3467 390 3502 unum
399 3449 518 3515 Flor.A;
536 3451 584 3502 sed
592 3450 850 3505 eiusauctoritassa·
883 3453 976 3506 berem
1003 3453 1154 3532 quibuscum
1180 3481 1215 3491 —
1249 3453 1393 3505 traiecturo
1430 3453 1500 3506 haec

249 3515 848 3598 tisidoneunobisestadretinendamvocem.
884 3538 964 3574 causa
980 3520 1031 3600 furt
1047 3521 1121 3590 quod
1139 3519 1256 3572 nondum
1273 3519 1356 3599 apud·
1367 3519 1500 3600 Curtium

249 3586 850 3735 ruttffttatlt‘tttalltttdfl:
883 3598 1183 3736 williel&
1222 3588 1500 3735 ‘ihffiffl‘l

250 3739 354 3776 unimus.
883 3735 940 3779 tem
966 3743 982 3778 a
1016 3725 1130 3779 librarns
1155 3724 1279 3778 confimdr
1314 3731 1383 3778 sams
1410 3726 1499 3779 multu

179 3841 185 3866 ,
284 3791 375 3860 quibus
391 3793 421 3844 iu
440 3792 545 3846 Cretam
568 3794 682 3846 euicere
700 3795 761 3861 cet]
796 3792 850 3847 Lo-
884 3793 1008 3865 exempla
1025 3803 1095 3847 sunt
1133 3794 1245 3855 Qidum
1269 3791 1388 3862 denique
1412 3795 1498 3848 etiam

144 3876 149 3886 ·
250 3877 294 3913 eus
312 3859 350 3912 sic
366 3861 508 3916 exhibetur
519 3859 547 3914 in
561 3860 682 3932 optimis:
701 3863 792 3934 quidue
808 3863 850 3916 ia·
884 3861 1058 3934 praeponitur
1074 3861 1182 3928 nomini,
1201 3859 1254 3913 vid
1271 3875 1337 3926 vm,
1357 3867 1405 3928 28,
1425 3869 1474 3916 26.

249 3937 388 3997 lerceptum
404 3932 559 3984 trucidatum
578 3947 595 3983 α
617 3933 729 4001 quodum
745 3939 851 3984 auctore
919 3935 942 4000 ς.
960 3938 985 3984 4.
1021 3932 1155 3984 consilium
1177 3930 1275 4050 mizi]
1312 3927 1424 3999 Optimi
1449 3931 1497 3984 ali-

249 3997 426 4066 iatcremptum
446 4015 497 4066 per
519 3999 647 4066 iusidias,¹
673 3997 718 4051 alii
735 4016 784 4070 pro
816 4014 850 4052 eo
884 3997 948 4069 oqui
970 3998 1073 4054 codices
1094 4000 1192 4064 ambit,
1287 3999 1379 4052 maisit
1401 4015 1497 4053 verum
1556 4009 1557 4026 ³

250 4065 323 4136 quod
341 4071 382 4118 est
398 4067 566 4136 interceptum
589 4067 668 4120 etiam
704 4066 773 4121 riore
790 4067 850 4121 loco
884 4076 926 4120 est
941 4076 971 4121 et
987 4068 1090 4121 hubent
1120 4067 1190 4120 Flor.
1208 4064 1330 4120 DEGHI
1355 4065 1446 4120 Bam
1466 4067 1497 4120 B.

249 4136 348 4188 hubent
365 4136 469 4187 interm
488 4144 540 4187 tum
556 4135 669 4188 Bernss
682 4085 754 4190 llor.
764 4134 848 4202 CEH,
918 4139 963 4206 qui
980 4137 1050 4190 ciuili
1066 4136 1194 4206 scapum
1203 4136 1306 4204 aspersi
1319 4136 1414 4216 m]
1433 4136 1447 4189 1

249 4202 304 4268 alii,
323 4203 422 4256 Vocat
476 4219 509 4257 eo
527 4205 660 4271 intentum,
678 4221 728 4275 pro
745 4214 850 4257 auctore
883 4203 1037 4258 Alexander
1074 4203 1102 4256 in
1137 4201 1232 4257 litteris
1270 4202 1342 4273 apud
1376 4203 1437 4258 Dio
1491 4244 1497 4257 .

268 4272 381 4324 mebent
403 4273 501 4325 viatore
530 4270 601 4326 Flor.
619 4273 645 4325 D
667 4271 694 4325 in
720 4272 848 4343 margine,
882 4287 968 4342 mn,
987 4279 1003 4327 8
1021 4271 1096 4338 πλὴν
1113 4278 1174 4324 τῶν
1192 4275 1303 4343 ἐναγῶν
1325 4270 1401 4325 (licit.
1440 4273 1497 4326 Sed

249 4289 322 4394 l'lor.
340 4337 366 4391 G
387 4346 415 4392 et
430 4339 540 4394 Vosal
574 4340 601 4394 in
618 4349 709 4408 textu,
736 4339 848 4395 Floro
883 4343 953 4412 apud
975 4340 1089 4394 eundern
1106 4341 1152 4395 lib.
1168 4353 1249 4406 xru,
1278 4347 1328 4395 109
1350 4340 1497 4412 excipiun-

250 4410 365 4481 uictorip,
383 4407 454 4462 Flor.
471 4408 523 4462 ΕΗ
541 4426 598 4463 cunr
616 4408 729 4462 Bern.B
747 4411 848 4463 victore.
883 4417 928 4464 tur
945 4409 972 4464 oi
989 4407 1129 4482 ἱερόσυλοι
1145 4414 1192 4460 καὶ
1208 4415 1315 4482 prusis.

249 4474 572 4551 Praepositiocquaeest
583 4475 697 4532 ineditis
711 4485 773 4530 ante
791 4479 849 4550 qui-
918 4481 942 4548 5.
959 4485 984 4532 5.
1018 4480 1200 4533 solvendarum
1212 4481 1298 4548 lecum
1315 4483 1395 4530 recte
1413 4479 1497 4532 edero
