3158 5294
245 277 317 348 452
713 301 747 364 a
776 298 900 354 curru
924 299 1010 350 anm

242 479 400 576 bantque
427 481 631 578 excepturi;
660 507 741 555 cum
766 485 826 556 ille
851 507 928 558 rem
954 505 1063 556 ausus
1089 493 1145 556 est
1162 481 1419 556 incredibilem
1446 497 1494 556 at-

242 616 311 688 que
335 589 543 684 inauditam,
570 595 754 691 multoque
771 591 884 693 magii
909 593 957 667 ad
975 594 1108 666 famam
1123 594 1350 685 temeritatis,
1383 621 1493 692 quam
1530 605 1531 630 ¹

239 702 383 801 gloriae,
410 701 595 801 insignem.
635 703 797 803 Namque
823 707 859 778 in
886 705 1011 780 urbem
1027 705 1183 779 hostium
1209 705 1360 802 plenam
1391 725 1517 804 praet

241 813 337 911 cipiti
363 815 458 887 saltu
484 813 674 913 semetipse
698 817 860 908 immisit,
886 841 978 888 cum
1003 817 1067 889 vix
1094 841 1237 914 sperare
1264 830 1420 912 posset,
1447 818 1496 890 di·

239 926 430 998 micantem
469 935 565 999 certe
604 936 641 999 et
678 952 752 1000 non
777 929 930 1001 inultum
957 953 1036 1002 esse
1074 926 1305 998 moriturum:
1351 931 1495 1028 quippe

240 1047 432 1136 antequam
457 1047 675 1135 assurgeret,
712 1039 863 1136 opprimi
894 1048 1038 1136 poterat
1064 1049 1101 1111 et
1126 1037 1204 1136 capi
1236 1037 1357 1112 vivus.
1422 1038 1518 1114 Sede

240 1148 333 1221 sorte
358 1150 410 1222 ita
434 1149 629 1223 libraverat
645 1173 785 1247 corpus,
811 1158 853 1222 ut
878 1173 917 1224 se
942 1148 1094 1247 pedibus
1121 1149 1314 1246 exciperet.
1357 1148 1495 1248 Itaque

169 1257 175 1270 '
240 1269 339 1332 stans
365 1261 432 1333 init
457 1284 633 1358 pugnam;
661 1270 698 1333 et
722 1285 768 1335 ne
787 1260 961 1334 circumiri
984 1271 1118 1358 posset,
1143 1263 1289 1334 fortuna
1315 1263 1495 1358 provide

239 1380 306 1444 rat
358 1368 513 1444 Vetusta
530 1370 647 1461 arbor,
673 1370 770 1444 haud
786 1372 912 1469 procul
935 1396 1049 1462 muro,
1074 1397 1192 1446 ramos
1211 1373 1329 1444 multa
1355 1373 1518 1446 frondes

238 1481 406 1571 vestitos,
441 1482 541 1555 velut
567 1480 613 1553 de
638 1480 815 1556 industria
839 1509 962 1582 regem
996 1494 1242 1582 protegentes,
1278 1483 1492 1571 obiecerat3

239 1590 344 1664 huius
370 1592 528 1690 spatioso
554 1593 666 1690 stipiti
692 1619 831 1692 corpus,
855 1619 903 1666 ne
929 1594 1105 1666 circumiri
1129 1603 1269 1691 posset,
1295 1596 1492 1692 applicuit,

239 1703 351 1802 clipeo
377 1703 459 1794 tela,
493 1727 584 1801 quae
610 1729 657 1777 ex
683 1705 836 1778 adverso
860 1705 1124 1803 ingerebantur,
1152 1705 1348 1801 excipiens.
1393 1705 1515 1780 Namt

239 1839 320 1888 cum
345 1839 456 1888 unum
481 1815 607 1912 procul
632 1825 688 1888 tot
720 1840 849 1889 manus
873 1825 1055 1914 peterent,
1090 1841 1195 1889 nemo
1221 1825 1348 1889 tamen
1376 1817 1490 1890 aude

236 1927 299 2000 bat
325 1927 471 2025 propius
498 1923 685 2018 accedere3
712 1927 858 2001 missilia
874 1927 982 2000 ramis
1009 1926 1121 2022 plura,
1149 1949 1257 2022 quam
1283 1925 1409 2024 clipeo
1439 1930 1488 2000 in-

236 2035 413 2110 cidebant.
471 2036 662 2135 Pugnabat
701 2065 766 2136 pro
806 2062 891 2134 rege
929 2038 1083 2135 primum
1115 2036 1283 2113 celemon
1321 2040 1513 2110 nominist

235 2148 347 2238 fama,
379 2147 508 2222 deinde
534 2146 751 2245 desperati0‚
787 2173 958 2246 magnum
989 2146 1036 2221 ad
1068 2149 1217 2221 honeste
1251 2147 1489 2222 moriendum

236 2259 514 2330 incitamentum.
576 2255 648 2332 Sed
680 2284 762 2333 cum
788 2258 938 2333 subinde
965 2260 1078 2333 hostis
1104 2258 1283 2349 afflueret,
1315 2258 1397 2331 iam
1436 2262 1510 2332 in:

237 2377 382 2466 gentem
413 2369 487 2442 vim
525 2369 680 2442 telorum
719 2381 910 2469 exceperat
941 2371 1071 2468 clipeo,
1110 2371 1180 2443 iam
1205 2370 1349 2468 galeam
1391 2397 1485 2446 saxa

237 2481 492 2579 perfregerant,
517 2480 589 2553 iam
613 2483 782 2555 continuo
807 2482 931 2555 labore
955 2483 1080 2580 gavia
1104 2505 1222 2578 genua
1238 2480 1483 2556 succiderant.

236 2590 362 2689 ltaque
388 2592 620 2689 contemptim
646 2603 683 2666 et
706 2594 858 2682 incaute,
885 2593 944 2690 qui
963 2593 1117 2690 proximi
1144 2601 1335 2682 steterant,
1365 2594 1510 2666 inem-s

237 2714 375 2778 rerunt:
411 2704 586 2800 equibus
619 2703 710 2779 duos
741 2702 860 2802 gladio
892 2705 944 2776 ita
969 2697 1125 2801 excepit,
1164 2713 1206 2775 ut
1236 2711 1321 2776 ante
1359 2705 1482 2802 ipsum

237 2816 418 2890 exanimes
466 2815 750 2912 procumberent.
826 2812 901 2888 Nec
946 2815 1110 2912 cuiquam
1156 2811 1285 2886 deinde
1325 2817 1480 2912 propius

236 2925 434 3001 incessendi
450 2953 542 3002 -eum
569 2929 707 3002 animus
734 2925 816 2999 fuit:
850 2925 975 3022 procul
998 2925 1114 2997 iacula
1145 2923 1374 3022 sagittasque
1400 2928 1481 2999 mit

237 3039 371 3112 tebant.

186 3152 234 3225 20
337 3149 400 3223 Ille
427 3147 473 3221 ad
512 3174 635 3224 omnes
669 3151 761 3222 ictus
797 3148 997 3246 expositus,
1037 3171 1144 3244 aegre
1181 3146 1253 3218 iam
1279 3159 1504 3247 exceptumr

235 3316 389 3368 immersat
398 3312 554 3366 moesus
571 3315 620 3368 sed
635 3313 837 3371 iidemetFlor.
923 3317 948 3382 s.
975 3319 999 3367 5.
1052 3330 1109 3367 arm
1138 3329 1218 3366 aaut
1238 3314 1349 3383 promi]
1413 3315 1478 3368 Mra

236 3382 356 3436 Cetiam
373 3398 439 3451 quac
456 3388 506 3450 pro
524 3399 583 3451 quo.
870 3399 960 3436 omnes
992 3399 1050 3436 cum
1077 3383 1219 3435 comminus
1245 3379 1321 3449 (sive
1338 3385 1478 3453 minus)

269 3467 326 3505 cmo
343 3452 388 3503 ille
404 3467 459 3502 rem
476 3467 557 3502 ausus
575 3452 623 3522 est]
664 3451 754 3522 Vulgo
780 3449 836 3505 sine
869 3469 958 3512 unam,
996 3449 1080 3504 Aldus
1097 3449 1125 3502 id
1142 3450 1250 3504 verbum
1267 3448 1371 3519 primus
1389 3450 1477 3516 eiecit,

234 3530 286 3586 επις
303 3519 392 3590 itaque
400 3517 518 3572 Freinsh.
537 3517 748 3573 coniimctionem
760 3537 834 3574 nom-
869 3526 993 3591 potuerat
1005 3518 1084 3572 etiam
1095 3521 1192 3587 pronai
1204 3515 1308 3584 eiicere,
1327 3527 1357 3571 et
1375 3521 1477 3572 meiius

232 3605 283 3709 quc
308 3587 390 3642 deleri
411 3587 495 3641 iussit.
535 3587 575 3641 At
600 3599 638 3642 est
656 3588 688 3641 'in
714 3589 834 3643 omnibus
868 3588 1007 3668 corrigere.
1057 3586 1128 3640 Nam
1145 3588 1197 3642 hoc
1219 3584 1344 3639 videntur
1375 3587 1476 3641 librarii

252 3655 306 3710 bris
323 3675 382 3710 mss.
400 3663 488 3723 extat,
506 3663 538 3709 ut
554 3655 648 3710 mirum
666 3657 700 3711 sit
716 3675 763 3712 cur
779 3657 834 3710 edi-
868 3655 991 3711 voluisse.
1200 3653 1210 3672 ⁴

233 3731 305 3778 tores
322 3734 377 3778 tam
394 3724 439 3778 diu
456 3724 598 3780 desiderari
615 3726 683 3798 passi
700 3725 760 3780 sint.
903 3729 926 3793 ξ.
946 3732 970 3778 7.
1005 3725 1093 3778 labore
1108 3725 1207 3794 prasio
1243 3725 1320 3791 enac]
1356 3721 1391 3776 In
1414 3743 1474 3778 mss

270 3798 295 3860 s.
321 3799 346 3847 3.
389 3797 437 3847 init
457 3796 589 3865 poprium]
635 3797 694 3848 iniit
714 3811 834 3864 pugnam
867 3804 979 3863 marato
996 3791 1048 3872 legi
1066 3791 1205 3846 annotavit
1253 3791 1341 3858 odius,
1405 3792 1474 3846 'bus-

233 3860 305 3915 Flor.
321 3862 374 3915 ΕΗ
392 3862 510 3915 Bern.B
532 3862 609 3916 Voss.
628 3870 652 3917 2.
688 3862 757 3916 Tum
792 3881 834 3918 os·
868 3879 927 3916 cum
944 3877 960 3914 e
977 3878 1042 3914 mers
1059 3877 1113 3914 nou
1131 3860 1262 3914 consentit
1284 3858 1335 3912 nisi
1387 3879 1427 3914 or.
1438 3861 1471 3920 G:

234 3932 269 3983 sit
285 3929 360 3984 Leid.
381 3925 458 3984 Voss.
478 3936 489 3982 1
510 3931 590 3984 Bern.
600 3931 649 3984 AB
668 3932 740 3985 Flor.
785 3931 833 3986 Bc
868 3930 916 3983 sed
932 3929 1016 4000 magis
1042 3928 1159 3982 dubitari
1178 3936 1281 3998 potest,
1307 3945 1343 3981 an
1365 3930 1473 3982 omnino

232 3998 294 4064 EG,
311 4006 339 4051 et
356 3999 464 4054 circuiri
480 4006 508 4051 et
520 3999 572 4052 hoc
584 3998 641 4053 loco
654 4007 683 4052 et
699 4015 753 4070 seq.
763 4000 833 4054 Flor.
866 3998 938 4052 istud
955 3997 1066 4051 verbum
1082 3996 1223 4050 delendum
1240 3996 1285 4064 sit,
1303 3997 1429 4067 quoniam
1446 4007 1473 4050 et

233 4065 381 4121 BDEFGI.
420 4066 473 4120 Sed
486 4083 560 4146 ¹quae
576 4075 734 4136 repetuntur
756 4067 835 4139 paulo
868 4065 931 4137 ipsis
948 4066 1031 4120 literis
1038 4083 1140 4186 1porum
1157 4082 1173 4118 a
1189 4065 1312 4135 proximo
1329 4064 1463 4188 (1ὴὲηῶ

252 4144 294 4190 ost
324 4153 355 4188 ne
384 4137 516 4188 circumiri
541 4145 632 4214 posset
658 4135 776 4189 Freinsh.
806 4143 835 4190 et
868 4143 897 4188 et
914 4135 1022 4189 abest-a
1062 4133 1372 4188 al1Voss.2Flor.D
1465 4176 1472 4187 .

259 4221 403 4258 eumannus
425 4201 571 4256 alibranrs
588 4202 655 4256 male
677 4203 768 4258 addita
784 4221 835 4276 pu·
903 4203 969 4274 Cap.
988 4209 1031 4270 20,
1050 4207 1074 4269 S.
1093 4209 1117 4257 9.
1150 4219 1229 4271 ocyrc
1250 4203 1305 4254 iam
1329 4206 1471 4271 exceptum!

231 4281 303 4340 tant,
331 4273 364 4324 de
391 4287 443 4341 qua
463 4287 493 4325 re
515 4269 542 4324 in
569 4279 707 4343 unamque
732 4282 834 4342 partem
868 4271 968 4325 Mirum
993 4271 1021 4324 in
1046 4271 1122 4324 bonis
1142 4269 1217 4324 libris
1235 4270 1306 4324 Flor.
1327 4269 1379 4322 AB
1397 4269 1471 4324 Leid.

231 4340 358 4414 disputari
375 4349 472 4410 potest.
507 4339 584 4394 Unus
607 4341 656 4396 hoc
672 4341 759 4395 altero
776 4342 834 4398 loeo
868 4341 948 4394 Bern.
967 4339 992 4392 Α
1008 4339 1073 4394 item
1094 4339 1121 4392 in
1138 4337 1209 4392 Flor.
1229 4338 1251 4391 C
1269 4337 1347 4394 Voss.
1364 4343 1380 4390 2
1399 4347 1428 4392 et
1444 4339 1471 4392 in

230 4410 311 4466 Bern.
329 4410 353 4462 B
371 4411 556 4464 circumveniri.
869 4410 930 4464 edd.
947 4407 1107 4480 principibus
1133 4425 1184 4462 non
1205 4407 1279 4460 addi:
1305 4423 1358 4460 noa
1384 4425 1470 4478 (seqre.
