3270 5290
541 377 590 428 na
617 375 743 429 auaris
769 377 878 429 unx.
904 377 954 447 vr,
973 373 1016 427 aa.
1316 358 1387 430 rel

102 580 137 630 aa
156 561 253 637 dorna
285 574 359 636 aaa
380 563 536 665 sociata,
563 575 594 636 et
617 588 675 662 epo
709 559 863 638 chulirw
896 560 1005 660 nwyt'a
1037 587 1139 663 pamm
1173 562 1321 638 Primae
1355 564 1394 636 id

155 672 326 748 armenia
354 675 477 776 fateor.
535 674 715 750 Faventem
747 674 844 749 tata
875 672 1035 764 iudicem,
1068 672 1114 766 ai,
1150 674 1238 774 quod
1261 673 1393 747 mmihi

102 802 136 850 ³8
154 807 222 858 aon
254 786 412 882 marat,
446 786 560 860 saltem
590 788 709 886 nepoti
732 798 848 886 potest.
905 781 967 855 Ad
991 783 1080 858 haec
1104 783 1266 858 Philotas
1293 784 1389 859 haud

155 921 242 970 saue
267 894 438 996 trepidus,
465 898 496 971 si
522 901 659 974 ammas
685 900 790 973 vultu
816 896 1073 987 aestimaretur,
1088 892 1295 970 Cebalinum
1317 899 1390 994 qui-

159 1005 241 1080 dem
267 1008 376 1082 scorti
402 1033 601 1084 sermonem
627 1010 674 1084 ad
698 1036 739 1084 se
765 1007 951 1098 detulisse,
971 1005 1048 1081 'sed
1079 1007 1195 1105 ipsum
1223 1021 1295 1082 tarn
1320 1010 1391 1082 levi

155 1119 405 1234 auctoriqrihil
432 1119 625 1195 credidisse
651 1120 846 1220 respondit,
864 1119 1030 1210 veritum,
1048 1142 1096 1190 ne
1120 1118 1273 1217 iurgium
1298 1120 1391 1194 inter

155 1240 352 1304 amatorem
386 1241 424 1304 et
455 1234 637 1307 exoletum
670 1259 743 1306 non
778 1231 854 1306 sine
893 1231 967 1306 risu
997 1230 1147 1304 aliorum
1185 1228 1388 1305 detulisset:

102 1359 136 1406 ³⁴
155 1364 238 1414 cum
269 1339 420 1416 Dimnus
452 1344 675 1418 interemerit
709 1352 837 1434 semet,
873 1343 1131 1440 qualiacunque
1166 1353 1283 1433 erant,
1318 1369 1390 1417 non

155 1451 264 1525 fuisse
297 1453 488 1528 reticenda.
553 1453 840 1553 Complexusque
875 1479 997 1552 regem
1033 1477 1136 1526 orare
1177 1453 1310 1552 coepit,
1351 1463 1392 1526 ut

154 1564 384 1660 praeteritam
408 1565 522 1638 vitam
546 1567 675 1664 potius,
702 1591 809 1663 quam
835 1567 986 1664 culpam,
1006 1565 1135 1638 silentii
1160 1573 1291 1656 tamen,
1316 1591 1389 1638 non

101 1691 136 1741 aa
154 1674 239 1747 facti
272 1675 393 1767 utus,
428 1677 636 1751 intueretur.
687 1675 796 1750 Haud
820 1677 922 1752 facile
949 1675 1118 1766 dixerim,
1155 1674 1389 1750 credideritne

155 1786 298 1877 airex,
334 1813 380 1862 an
407 1788 512 1864 altius
538 1789 628 1862 iram
663 1789 915 1890 suppresserit:
951 1785 1117 1862 dextram
1142 1787 1388 1860 reconciliatae

154 1900 291 1996 gratiae
317 1899 446 1998 pignus
472 1900 611 1989 obtulit,
631 1909 668 1975 et
693 1909 938 1998 contemptum
962 1899 1086 1996 magis,
1104 1923 1211 1995 quam
1237 1897 1391 1971 celatum

155 2008 325 2084 iudicium
350 2034 439 2100 esse,
465 2009 579 2084 videri
605 2011 673 2083 sibi
699 2009 799 2084 dixit.

99 2137 174 2188 v111.
259 2119 450 2196 Advocato
475 2129 554 2196 tum
579 2123 725 2195 oonsilio
752 2121 962 2210 amicorum,
997 2120 1053 2193 cui
1084 2129 1205 2194 tamen
1231 2119 1440 2197 Philotas29

120 2230 337 2306 redhibitus
362 2257 436 2306 non
463 2243 528 2326 est,
554 2231 808 2308 Nicomachum
833 2229 1012 2306 introduci
1036 2231 1145 2306 iubet
1170 2231 1228 2305 'Is
1255 2232 1391 2326 eadem,

157 2367 249 2441 quae
284 2341 461 2419 deuderat
485 2345 533 2418 ad
558 2371 695 2444 regem,
727 2343 852 2418 ordine
878 2342 1054 2441 exposuit
1105 2341 1195 2418 Erat
1221 2342 1390 2420 Craterus

155 2455 232 2554 regi
257 2481 359 2530 carus
384 2457 422 2530 in
447 2457 580 2555 paucis,
594 2467 631 2532 et
649 2481 691 2531 eo
718 2454 880 2530 Philotae
906 2455 953 2528 ob
980 2456 1253 2530 aemulationem
1278 2454 1390 2555 digni·

120 2567 242 2642 atatis
269 2567 462 2659 adversus3
497 2568 845 2668 nequeignorabat,
880 2591 987 2665 saepe
1012 2565 1211 2641 Alexandri
1245 2568 1391 2643 auribus

155 2680 265 2753 nimia
288 2681 478 2753 iactatione
503 2681 650 2754 virtutis
673 2689 781 2778 atque
807 2703 937 2777 operae
963 2703 1111 2776 gravem
1137 2680 1255 2771 finisse,
1281 2691 1319 2754 et
1345 2681 1391 2753 ob

89 2795 95 2804 '
157 2814 201 2863 ea
231 2816 304 2864 non
337 2791 480 2888 quidem
509 2792 669 2883 sceleris,
703 2789 769 2864 sed
799 2791 1043 2864 contumaciae
1076 2799 1198 2864 tamen
1230 2815 1309 2865 esse
1335 2816 1391 2866 su-

190 2994 215 3072 §3
231 2998 272 3046 εἳ.
291 3011 342 3046 non
360 2995 480 3074 oportuit]
499 2992 607 3074 Optime
621 2990 757 3072 sicemen-
791 2997 857 3072 tem·
872 3008 931 3045 cum
953 2990 1095 3071 abhorreat
1117 2993 1150 3045 ab
1176 2991 1307 3062 elegantia
1332 3009 1391 3074 ora-

155 3059 229 3182 ee
247 3057 330 3183 Hee-
343 3059 757 3212 tererestereres
791 3059 1391 3210 ΞΞΞΞΞΞΞΞΞΞΞΞΞ

155 3147 375 3264 omittebant,
402 3215 453 3252 non
467 3208 555 3268 potuit
572 3204 655 3250 semet
672 3213 756 3268 ipsum
790 3213 903 3267 primum
921 3205 983 3262 tam,
1001 3197 1095 3249 deinde
1113 3207 1198 3250 tamea
1215 3215 1315 3268 sampsi,
1333 3215 1392 3252 sen·

154 3265 253 3336 prodit.
790 3264 891 3318 tentiae
908 3272 979 3319 certa
996 3264 1034 3317 sic
1051 3265 1225 3336 probabiliter
1237 3265 1392 3321 succunisse

191 3337 215 3400 s.
249 3340 274 3388 t.
292 3336 339 3388 Ad
355 3336 418 3388 laec
447 3333 492 3390 Sic
510 3332 571 3388 libri
588 3349 756 3388 mmomnes
790 3351 868 3388 visus.

156 3409 185 3454 et
211 3400 273 3454 edit.
292 3401 370 3469 Mod.
397 3471 403 3482 Ι
439 3405 502 3474 ulgo
528 3405 566 3456 od
591 3405 654 3469 loc,
686 3402 757 3473 quod
825 3407 848 3468 ς.
866 3408 890 3456 ³.
916 3403 1056 3456 iactatione
1073 3403 1193 3484 virtutis]
1217 3403 1316 3458 Omnes
1333 3403 1393 3458 libri

155 3471 226 3541 apud
244 3469 366 3524 Curtium
383 3471 514 3542 significat
532 3470 549 3524 i.
568 3488 593 3541 q.
612 3477 756 3550 praeterea.
791 3477 894 3524 vetares
915 3472 1023 3524 actione.
1058 3469 1164 3526 Medius
1185 3489 1213 3526 ιιι
1232 3471 1393 3527 Coloniensi-

191 3542 215 3606 ξ.
233 3545 274 3618 ³.⁴:
296 3541 452 3620 interemerit
470 3540 559 3620 sanct]
595 3538 639 3592 Sic
656 3537 757 3660 scripti,
790 3539 840 3592 bus
863 3539 1021 3594 membranis
1046 3547 1156 3621 annotat
1182 3539 1235 3611 legi
1248 3543 1394 3622 'taxatione

156 3613 188 3754 e
205 3605 271 3724 ee
287 3623 426 3753 eea
441 3608 556 3754 ete
570 3606 757 3729 esee
791 3607 1394 3754 ΞΞΞΞΞΞΞΞΞΞΞΞΞΞ

157 3749 328 3807 intermeat,
368 3741 527 3795 detenorum
561 3744 640 3796 turba
664 3745 756 3797 interi·
791 3742 908 3814 quisquis
935 3742 1000 3810 furt,
1027 3751 1104 3797 vetus
1125 3762 1161 3798 an
1182 3761 1280 3799 recens.
1324 3745 1394 3798 Nam

157 3817 245 3861 meret.
790 3819 866 3878 extat
888 3811 1015 3864 Modiana
1040 3811 1118 3866 lectio
1139 3811 1192 3865 iam
1209 3813 1236 3866 in
1263 3812 1327 3867 odit.
1349 3813 1394 3866 lu·

192 3879 216 3945 §-
234 3881 275 3932 85.
312 3878 443 3949 dextram]
479 3879 611 3931 dexteram
632 3879 713 3933 Bern.
730 3880 757 3933 A
790 3879 869 3934 niaua
889 3885 918 3932 et
935 3879 1100 3934 coniecturae
1123 3880 1211 3952 potius
1229 3881 1298 3935 Iunii
1333 3899 1395 3934 uam

157 3943 230 3999 Flor.
249 3943 306 3999 CC.
548 4013 574 4026 ..
654 4015 660 4026 Ι
790 3947 887 4002 vetaris
904 3946 964 4001 libri
987 3947 1121 4028 collationi
1144 3948 1272 4020 originem
1288 3900 1394 4003 videtur

192 4013 756 4135 Capaa‚p31.tumconataamzconen,
790 4017 895 4070 debers.
932 4015 987 4070 Sed
1012 4033 1049 4071 arc
1074 4017 1128 4072 tara
1153 4025 1215 4086 post
1240 4018 1394 4072 Ciceronem

158 4083 201 4138 cai
223 4093 308 4136 tamea
359 4083 466 4150 lilotoa]
502 4084 589 4134 nuru
611 4099 668 4135 sum
690 4083 716 4136 h.
739 4083 756 4140 l
791 4085 950 4156 loquuntur,
981 4102 1041 4140 cum
1072 4085 1116 4139 ille
1146 4085 1210 4140 olim
1239 4088 1394 4141 iactantiam

157 4150 269 4222 aliquid,
295 4151 368 4231 quod
382 4151 417 4203 ad
434 4149 580 4231 orationem
597 4149 758 4206 constituen-
792 4153 881 4225 potius
898 4152 1018 4208 dixissot.

157 4219 218 4272 dam
240 4235 414 4274 necessarium
440 4227 540 4290 putam.
575 4219 672 4273 Editur
688 4219 759 4274 enim
827 4233 912 4276 tamea
930 4239 986 4278 aare
1002 4229 1148 4292 suspectum
1185 4221 1276 4294 Vulgo
1294 4221 1394 4277 omitti-

157 4287 237 4357 vulgo
254 4290 379 4341 advocato
397 4298 482 4342 tomen
503 4319 538 4330 -
560 4291 603 4341 cui
629 4297 682 4342 tum
707 4289 758 4342 Pl.
792 4297 838 4345 tur
859 4307 923 4345 casa
958 4291 1034 4344 Duae
1060 4299 1121 4344 sunt
1155 4291 1283 4346 actiones:
1310 4302 1395 4346 tamea

159 4355 234 4434 quod·
255 4374 307 4411 non
321 4373 492 4436 'magnopere
516 4355 693 4428 improbarem
704 4395 715 4436 ,Ι
737 4357 759 4411 si
793 4377 849 4413 cecc
866 4358 960 4430 optimi
977 4359 1076 4413 habent
1093 4358 1167 4413 Laid.
1186 4359 1261 4414 Voss.
1281 4367 1293 4412 1
1313 4359 1394 4413 Bam.

159 4433 211 4476 tion
226 4441 254 4477 m
270 4425 404 4478 codabus
421 4425 562 4496 legeretur.
580 4425 680 4479 Verum
698 4424 759 4480 libri
792 4427 819 4480 A
834 4427 906 4482 Flor.
923 4427 997 4484 ABC
1016 4443 1077 4480 cum
1093 4425 1158 4481 edit.
1175 4427 1316 4494 Modiana,
1341 4437 1394 4482 tum

158 4507 219 4544 mss.
236 4499 349 4564 utroque
366 4492 424 4549 looo
441 4503 528 4548 tamea
545 4493 653 4550 habant.
671 4494 758 4549 Idou-
792 4494 862 4565 (sine
872 4497 941 4566 aare)
956 4495 984 4550 in
997 4494 1105 4567 reliquis
1122 4505 1172 4566 ast,
1189 4504 1296 4568 praeter
1313 4513 1394 4551 uuum
