3238 5296
516 377 565 429 aa
592 375 718 430 onena
744 375 852 428 anan.
879 375 955 444 vm,
983 373 1006 420 a
1313 353 1385 426 369

147 564 309 638 firturum
335 587 374 637 se
398 561 436 634 in
460 562 554 659 regis
580 573 758 660 potestate
780 559 975 660 respondit,
1001 573 1112 630 unum
1137 565 1314 656 precatus,
1339 583 1386 632 ne

149 675 373 762 voluntatem
399 683 436 746 et
462 673 645 748 consilium
671 675 795 750 matris
821 701 907 748 suae
933 669 1117 771 proderet,
1156 695 1226 768 quo
1252 669 1388 742 facilius

97 803 129 852 ³1
150 786 256 860 venia
280 786 330 859 illi
357 811 498 884 quoque
523 785 784 884 impetraretur.
836 784 1077 858 Praemissum
1102 782 1211 880 igitur
1225 777 1388 854 Oxarten

85 933 89 947 r
150 922 232 970 cum
256 906 372 971 matre
397 897 587 994 liberisque
607 907 644 971 et
663 899 773 972 totius
792 895 1014 996 cognationis
1034 919 1142 993 grege
1162 894 1387 989 sequebatur,

148 1035 194 1084 ne
221 1019 411 1107 expectato
431 1007 575 1106 quidem
593 1007 676 1082 fidei
694 1011 852 1108 pignore,
880 1007 977 1106 quod
991 1004 1146 1081 Oxartes
1166 1005 1387 1103 promiserat.

98 1139 130 1188 aa
150 1121 241 1212 Rex,
267 1121 385 1224 equite
411 1119 622 1220 praemisso,
650 1122 709 1218 qui
734 1121 867 1194 reverti
894 1145 955 1194 eos
981 1119 1137 1208 iuberet,
1164 1114 1389 1214 opperirique

148 1231 387 1334 praesentiam
422 1230 547 1330 ipsine,
587 1235 811 1330 supervenit3
858 1245 895 1307 ct
935 1232 1088 1307 victimis
1122 1227 1306 1302 Minervae
1347 1251 1389 1298 aa

148 1343 331 1419 Victoriae
356 1343 482 1434 caesis,
507 1343 696 1441 imperium
721 1341 924 1444 Sysimithn‘
948 1341 1121 1432 restituit,
1156 1365 1219 1440 spe
1245 1338 1389 1412 maioris

150 1457 259 1529 etiam
283 1454 486 1553 provinciae
503 1455 609 1548 sacta,
635 1457 764 1530 sicum
783 1456 853 1531 fide
874 1455 1064 1530 amicitiam
1081 1453 1193 1551 ipsius
1213 1452 1389 1524 coluisset.
1487 1447 1494 1459 '

96 1587 130 1635 ao
148 1565 251 1640 Duos
285 1567 336 1640 illi
367 1567 514 1641 iuvenes
545 1577 649 1666 patre
679 1568 861 1660 tradente,
897 1591 1018 1640 secum
1049 1565 1263 1638 militaturos
1290 1562 1390 1659 sequi

150 1678 264 1751 iussit.

204 1876 211 1889 ·
254 1787 391 1862 Relicta
413 1787 541 1864 deinde
560 1790 747 1890 phalange,
773 1788 821 1862 ad
839 1786 1066 1886 subigendos,
1094 1787 1153 1886 qui
1172 1784 1438 1876 defecerant,lO

98 1920 132 1968 ³4
151 1923 234 1973 cum
269 1901 387 1997 equite
426 1903 610 1999 processit.
668 1899 835 1976 Arduum
869 1910 906 1974 et
946 1898 1157 1998 impeditum
1191 1898 1288 1972 saxis
1323 1897 1391 1970 iter

152 2011 267 2110 primo
301 2021 483 2108 utcunque
517 2013 729 2087 tolerabant.
790 2009 879 2085 Mox
919 2037 1093 2109 equorum
1133 2035 1205 2083 non
1246 2009 1388 2108 ungulis

150 2121 260 2195 modo
288 2123 428 2215 attritis,
454 2123 518 2197 sed
545 2124 752 2223 corporibus
779 2124 887 2196 etiam
912 2123 1079 2222 fatigatis,
1107 2121 1207 2218 sequi
1233 2122 1391 2220 plerique

151 2260 226 2308 non
251 2231 429 2332 poter'ant,
456 2245 493 2308 et
519 2235 633 2308 rarius
660 2233 812 2308 subinde
839 2259 967 2333 agmen
993 2235 1112 2325 fiebat,
1139 2231 1324 2331 pudorem,
1350 2242 1393 2304 ut

99 2365 132 2414 35
151 2345 228 2419 fere
252 2345 311 2437 fit,
346 2345 536 2420 immodico
568 2345 691 2421 labore
723 2346 899 2420 vincente.
951 2344 1032 2419 Rex
1066 2356 1205 2435 tamen,
1241 2343 1392 2418 subinde

152 2481 264 2553 equos
303 2467 463 2549 mutans,
503 2459 578 2533 sine
617 2457 878 2532 intermissione
914 2457 1089 2556 fugientes
1129 2455 1392 2553 insequebatur.

150 2565 297 2642 Nobiles
324 2567 470 2642 iuvenes
497 2569 658 2644 comitari
685 2595 767 2644 eum
793 2571 886 2645 soliti
913 2567 1119 2643 defecerant
1144 2579 1286 2666 praeter
1312 2566 1393 2640 Phi·

151 2679 299 2778 lippum.
352 2679 554 2779 Lysimachi
581 2693 659 2756 erat
683 2684 809 2774 frater,
850 2692 927 2754 tum
959 2681 1113 2778 primum
1147 2677 1310 2770 adultus,
1345 2689 1392 2768 et,

99 2789 252 2887 eoquod
277 2790 379 2865 facile
405 2805 610 2890 appareret,
645 2792 774 2866 indolis
800 2817 913 2866 rarae.
965 2789 1000 2863 Is
1026 2788 1153 2886 pedes,
1188 2789 1393 2863 incredibile

154 2899 272 2992 dictu,
313 2927 378 3000 per
410 2926 437 2975 n
469 2904 585 2978 stadia
619 2889 764 2978 vectum
796 2927 918 3002 regem
953 2901 1142 2975 comitatus
1179 2911 1251 2991 est,
1287 2924 1394 2998 saepe

190 3120 265 3188 §.td
299 3137 379 3174 aarum
391 3124 529 3190 precatus]
565 3118 756 3176 codaomner
790 3139 848 3176 ram
865 3137 961 3190 agmen
976 3117 1065 3172 fiebat.
1100 3115 1146 3171 Sic
1163 3128 1203 3184 rr,
1218 3121 1261 3183 54,
1276 3121 1309 3170 14
1326 3117 1395 3170 uide-

154 3193 258 3241 etvett.
268 3187 397 3242 editiones
414 3190 580 3258 imprecatus,
595 3207 695 3260 quapro
715 3197 757 3243 ter
792 3193 828 3246 tie
848 3191 952 3243 ordines
970 3205 1062 3253 raros,
1084 3193 1112 3238 et
1129 3190 1194 3239 a58
1216 3187 1306 3238 rarior
1324 3186 1394 3238 acies

154 3254 281 3312 Heinsius
312 3276 391 3312 unum
422 3259 453 3312 id
476 3267 601 3339 precatae
632 3258 701 3312 male
736 3267 756 3312 t.
791 3261 894 3314 eratin
913 3261 1003 3312 dextro
1022 3272 1102 3309 cornu
1115 3253 1267 3308 Persarum.
1303 3251 1395 3306 Adiei

142 3324 244 3379 'Aliam
318 3325 412 3380 licendi
433 3335 565 3380 renonem
586 3325 645 3381 iniit
666 3345 756 3408 margo
790 3329 867 3400 plura
884 3325 958 3398 cupis
977 3323 1176 3377 Drakenborch.
1191 3324 1224 3376 ad
1238 3321 1296 3374 Liv.
1305 3337 1337 3388 11,
1352 3328 1394 3374 47.

153 3393 269 3448 noae
290 3433 307 3459 ,‚
348 3395 450 3465 precari
467 3414 516 3466 pro
533 3394 610 3449 rulde
627 3399 755 3467 precan.“
826 3400 849 3466 §.
868 3401 909 3450 35.
945 3396 1015 3466 quod
1031 3392 1115 3464 focile
1137 3393 1286 3462 appareret]
1323 3391 1395 3445 Con-

155 3462 213 3516 Sed
229 3461 332 3516 videtin
353 3464 454 3533 syllaba
475 3463 580 3518 initialis
602 3481 755 3536 praegresso
790 3464 921 3520 inactivus
939 3471 1079 3536 appareret
1091 3460 1123 3513 in
1140 3459 1261 3514 omnibus
1274 3475 1334 3512 mas.
1346 3467 1395 3512 eat.

152 3530 283 3585 vocabulo
296 3529 425 3602 originem
438 3534 546 3601 debere,
565 3541 655 3601 utvn,
666 3541 708 3602 2⁷,
720 3539 756 3602 ,20
791 3535 847 3589 Sed
867 3533 990 3614 princeps
1011 3529 1099 3584 editor
1119 3529 1232 3582 fortasse
1253 3529 1324 3600 quod
1341 3544 1396 3582 non

152 3599 323 3653 factumest.
765 3633 769 3644 ·
791 3601 961 3672 intelligeret,
980 3607 1090 3670 apparet
1108 3598 1181 3650 dedit
1198 3597 1278 3667 idque
1296 3605 1324 3649 et
1335 3595 1396 3649 Me-

189 3670 214 3734 §.
225 3672 265 3719 31.
304 3667 429 3735 Oxarten]
446 3668 536 3738 Vulgo
558 3670 691 3737 Oxarten,
709 3670 757 3722 sed
791 3671 850 3725 rula
867 3677 897 3723 et
914 3669 997 3722 Aldus
1014 3665 1134 3732 retinuit,
1158 3665 1249 3719 Iunius
1269 3673 1396 3736 rppareat

153 3733 287 3812 Graepem
302 3733 423 3802 formam,
442 3753 520 3805 quam
534 3735 614 3790 Snak.
627 3745 757 3816 perpetuo
793 3738 917 3804 correxit,
930 3737 1006 3802 salso,
1015 3734 1061 3787 sed
1071 3731 1295 3803 nonineptissime
1304 3751 1396 3814 quem-

152 3800 620 3926 iflrltl’dtln‘lailladilm
642 3822 703 3875 qm
724 3807 758 3858 ⁸⁶
793 3801 1397 3942 illlldll'tllridilirffi‘ffll’afilrll'iii

190 3943 265 4008 §.82
292 3939 457 4010 opperirique
468 3938 649 4008 praesentiam
663 3941 758 4008 ipsius]
794 3941 920 3995 Ceterum
943 3940 977 3991 de
1000 3937 1050 3991 hoc
1075 3936 1243 3992 coniunctivo
1266 3938 1397 4008 coniunge

152 4007 268 4062 Placent
288 4006 367 4087 haec,
393 4023 442 4061 nee
462 4004 597 4060 varietatis
620 4004 760 4077 quicquam
795 4008 911 4063 Gramm.
932 4015 1038 4061 nostrae
1060 4007 1083 4072 ξ.
1097 4011 1147 4058 528
1171 4024 1229 4059 cum
1249 4009 1275 4080 ¹§.
1290 4012 1340 4060 558
1357 4023 1397 4076 sq.

153 4076 182 4130 in
196 4075 378 4131 oodd·n0³tm
392 4082 438 4129 eel-
473 4073 581 4128 Modiuo
598 4081 687 4126 tamen
704 4075 760 4129 edi·
793 4077 885 4148 Nepos
894 4077 970 4129 Eum.
980 4079 1154 4128 atmortuae
1163 4085 1220 4128 erat
1228 4075 1397 4144 Hephaestio,

154 4144 195 4198 dit
215 4145 261 4216 qui
283 4145 377 4224 reuerti
400 4162 443 4198 eoa
465 4144 563 4224 iuberet
586 4144 758 4215 opperirique,
812 4163 955 4200 nemaeum
964 4144 1125 4222 Alexander,
1144 4146 1213 4213 qnod
1222 4144 1309 4213 facile
1322 4144 1398 4196 intel-

152 4214 698 4336 ctmaarrarrcurr
712 4229 759 4268 ...
794 4165 1213 4352 lateranense.
1230 4297 1282 4332 ..
1301 4287 1329 4333 ..

108 4415 111 4420 Ι
191 4348 256 4428 βαρ.
274 4355 314 4415 10,
332 4322 410 4418 §.ba
444 4321 535 4403 raiiua
558 4317 650 4428 oqmeri
663 4349 758 4419 fiebat,
793 4325 870 4408 liores
888 4323 917 4406 et
933 4301 1033 4416 plures,
1051 4345 1134 4401 Pell
1153 4321 1302 4403 FlorDFl
1316 4362 1397 4417 perr.

157 4432 257 4487 qmppe
274 4433 308 4470 ex
325 4435 378 4488 quo
403 4418 492 4500 plures
514 4414 625 4470 eubmde
647 4417 758 4472 decede-
794 4423 892 4486 stadia,
910 4369 981 4474 Fldr.
990 4417 1045 4472 ΕΗ
1063 4415 1168 4471 Bernt
1183 4418 1262 4472 Voss.
1280 4431 1324 4468 un
1343 4427 1399 4470 era·

156 4493 226 4552 rent,
244 4501 296 4556 quo
313 4486 440 4555 paulatim
456 4486 542 4540 minus
557 4500 588 4538 ao
602 4485 687 4540 minus
696 4490 759 4542 den·
794 4491 839 4543 dia
851 4489 919 4562 (sine
928 4490 1001 4558 per).
1024 4486 1149 4555 Apparet
1163 4488 1304 4557 quiapenra
1313 4483 1399 4538 stadia

1209 4577 1243 4626 24
