3214 5288
642 425 861 480 PRAEFATIO.
1292 431 1373 481 XVll

131 633 349 709 quamquam
383 608 420 682 in
457 609 680 685 dedicatione
716 635 754 684 se
780 612 954 708 gloriatur
989 622 1026 685 et
1057 623 1162 686 vetus
1189 615 1373 711 exemplar
1422 702 1429 710 .

133 737 328 812 contulisse
354 748 392 810 et
416 739 549 812 multos
575 741 672 813 locos
699 765 766 813 suo
791 737 908 812 Marte
935 741 1148 838 castigasse,
1184 742 1372 840 quicquam

134 863 242 940 laude
270 863 418 963 dignum
449 868 645 966 praestitit,
681 867 742 966 qui
776 893 858 941 cum
892 868 1028 966 aliquot
1054 869 1217 968 vulgaria
1242 871 1374 945 menda

132 1003 355 1084 sustulisset,
393 996 508 1069 multo
539 998 643 1094 plura
676 997 911 1094 relinqueret,
951 1007 1048 1071 certe
1082 1023 1129 1070 ex
1163 998 1262 1072 libris
1288 1025 1371 1073 mss.

131 1159 205 1206 non
241 1130 441 1229 proficeret
503 1123 644 1197 Primus
680 1127 741 1223 qui
784 1149 871 1200 vere
906 1123 1120 1199 emendandi
1155 1127 1250 1199 viam
1285 1127 1373 1220 iniit,

133 1261 203 1335 fuit
227 1258 432 1334 manaan
457 1252 643 1328 Arulenus.
694 1252 787 1327 Nam
822 1254 960 1327 iseum
985 1253 1154 1328 Aldinam
1181 1254 1373 1330 editionem

135 1387 296 1461 Venetiis
335 1385 433 1458 1510
466 1392 608 1454 curaret
620 1437 629 1472 ,
676 1407 750 1455 non
784 1382 894 1457 modo
926 1384 1089 1456 sollerter
1122 1386 1294 1458 nonnulla
1329 1385 1374 1459 de

136 1517 341 1591 coniectura
366 1511 533 1601 correxit,
560 1506 624 1583 sed
651 1511 758 1584 etiam
785 1512 970 1611 complura
996 1537 1042 1584 ex
1059 1511 1150 1586 libro
1168 1512 1286 1610 aliquo
1308 1539 1373 1585 ms.

135 1644 322 1718 deterioris
348 1643 409 1717 illo
436 1637 580 1737 quidem
606 1638 769 1730 familiae,
796 1637 861 1713 sed
884 1651 1005 1714 tamen
1023 1641 1222 1714 accuratius
1241 1641 1373 1740 scripto

136 1783 174 1848 et
199 1771 411 1872 prudentius
438 1777 615 1858 correcto,
650 1767 713 1840 tali
740 1769 904 1859 omnino,
940 1769 1053 1867 qualis
1089 1767 1134 1842 de
1160 1770 1292 1843 nostris
1319 1780 1375 1843 est

135 1901 230 1976 Flor.
268 1897 318 1991 G,
358 1897 515 1998 expulsis
555 1896 737 1969 veteribus
774 1895 939 1970 sordibus
973 1897 1010 1969 in
1049 1907 1192 1970 textum
1230 1899 1373 1995 recepit.

134 2031 257 2128 Atque
285 2030 334 2102 sic
360 2025 493 2100 Aldina
517 2025 623 2099 lectio
649 2025 745 2097 facta
770 2034 827 2098 est
853 2025 1017 2123 vulgata,
1050 2051 1158 2123 quam
1183 2051 1270 2098 mox
1297 2027 1374 2099 reli·

135 2159 197 2256 qui
224 2157 379 2231 editores
404 2155 518 2253 magis
542 2153 588 2227 de
606 2154 820 2243 coniectura,
846 2153 907 2226 ubi
925 2153 1011 2252 quid
1029 2153 1241 2252 displiceret,
1267 2181 1374 2252 quam

135 2287 364 2385 antiquorum
384 2283 546 2358 codicum
564 2282 753 2356 collatione
771 2282 1040 2356 emaculandam
1057 2293 1240 2382 putarunt.
1267 2283 1374 2357 Anno

136 2415 282 2489 demum
312 2416 408 2488 1546
436 2412 641 2486 Hadrianus
665 2409 801 2504 Ianicu,
827 2410 986 2485 medicus
1013 2412 1231 2511 philologus,
1259 2439 1374 2486 emen·

135 2543 320 2618 dationem
348 2540 460 2617 Curtii
493 2539 693 2637 integrioris
726 2539 808 2614 libri
831 2541 1044 2616 lectionibus
1066 2541 1116 2630 ,in
1147 2542 1264 2614 lucem
1295 2566 1375 2640 pro·

135 2671 294 2748 ferendis
321 2670 491 2746 adiuvare
523 2679 672 2742 conatus
700 2678 765 2743 est.
817 2665 909 2742 Nam
942 2695 1024 2742 cum
1049 2667 1177 2768 Brugis
1210 2669 1247 2741 in
1273 2667 1375 2742 Flan-

136 2801 217 2875 dria
243 2801 341 2900 apud
367 2797 655 2874 Schoenhovium
682 2795 901 2872 Canonicum
927 2797 971 2872 D.
998 2797 1192 2872 Donatiani
1218 2796 1375 2872 codicem

135 2957 201 3004 ms.
229 2930 444 3020 invenisset,
479 2929 554 3001 eius
589 2925 797 3002 diversitate
829 2928 1017 3026 evulgari
1049 2927 1226 3024 scriptura
1256 2935 1376 2998 motus

139 3058 334 3134 editionem
360 3059 498 3132 curarit
525 3055 745 3154 Antverpiae
772 3081 802 3128 a
832 3057 946 3146 1546,
981 3057 1018 3128 in
1045 3055 1145 3127 cuius
1172 3063 1277 3127 textu
1302 3079 1376 3126 non

140 3185 335 3262 admodum
360 3189 474 3260 multa
499 3182 694 3259 secundum
720 3184 851 3256 librum
877 3184 977 3257 illum
1003 3185 1189 3282 antiquum
1211 3182 1377 3274 correxit,

138 3314 204 3390 sed
238 3317 419 3414 margines
454 3312 618 3388 editionis
652 3315 757 3386 novis
790 3313 1052 3412 praeclarisque
1086 3311 1298 3387 lectionibus
1330 3337 1378 3385 ex

139 3443 269 3520 eodem
294 3445 394 3519 fonte
423 3443 562 3518 haustis
590 3442 792 3541 complevit.
846 3439 927 3530 Qua
958 3441 1003 3516 de
1029 3468 1069 3516 re
1094 3443 1132 3514 in
1158 3441 1377 3541 praefatione

140 3572 189 3648 ad
215 3571 365 3647 Petrum
390 3571 569 3646 Nannium
595 3597 674 3645 sese
698 3571 839 3671 vulgari
865 3571 1072 3645 timidorum
1097 3570 1300 3644 criticorum
1318 3595 1378 3644 ex·

142 3703 326 3776 cusaticne
352 3712 483 3792 tuetur,
511 3698 607 3798 quod
632 3699 751 3773 iudicii
776 3701 978 3774 libertatem
997 3701 1130 3774 nemini
1148 3696 1379 3798 praecludere
1410 3755 1418 3765 .

141 3841 208 3903 aut
239 3841 453 3929 extorquere
487 3829 649 3904 voluerit.
701 3828 825 3927 Longe
860 3830 986 3903 fortius
1021 3829 1261 3916 intermissam
1296 3826 1378 3899 scri·

139 3959 255 4059 pteris
283 3958 567 4034 emendationem
600 3958 781 4055 aliquanto
814 3968 898 4057 post
929 3981 1119 4056 aggressus
1152 3967 1205 4030 est
1238 3955 1378 4029 Franci·

138 4115 217 4165 aaa
243 4087 394 4181 Medius,
419 4085 506 4161 dum
532 4085 695 4161 Curtium
722 4084 796 4160 edit
823 4083 994 4161 Coloniae
1023 4089 1131 4160 1579.
1171 4083 1263 4158 Nam
1291 4109 1377 4157 usus

139 4217 362 4309 umnbrana'a,
394 4217 447 4291 uti
472 4217 647 4315 appellat,
684 4214 931 4293 Cannensem
958 4226 995 4290 et
1027 4213 1316 4316 Siqeberqerudlua
1343 4223 1380 4287 et

139 4345 250 4420 tertio
276 4345 370 4420 libro
405 4344 560 4444 quodam
586 4371 651 4419 suo
687 4343 785 4445 (vide
817 4346 892 4418 eius
927 4345 1195 4418 annotationem
1227 4342 1276 4416 ad
1300 4363 1379 4433 vm,

142 4478 165 4546 4
192 4471 288 4575 (16),
318 4472 381 4572 30)
409 4499 488 4546 cum
514 4475 600 4547 satia
628 4473 694 4546 sibi
729 4473 775 4548 de
809 4475 1037 4573 corruptione
1072 4474 1268 4570 scripturae
1302 4471 1380 4542 vul·

140 4613 250 4701 gatae
268 4603 514 4701 persuasisset,
540 4601 778 4700 integriorem,
805 4603 841 4676 in
860 4629 967 4701 quam
983 4597 1166 4691 inciderat,
1185 4595 1380 4674 admodum
