3254 5286
226 319 298 387 100
694 335 727 397 o.
756 333 880 386 cunrn
904 333 990 384 surr

198 519 336 608 'biem,
376 517 447 589 iam
481 525 560 588 tum
593 516 800 613 peregrinos
834 515 924 588 ritus
958 541 1054 588 nova
1098 516 1274 589 subeunte
1308 513 1463 587 fortuna.

224 628 295 704 Per
325 631 419 702 talos
451 627 546 700 enim
577 626 743 724 spirantis
776 626 853 698 lora
885 627 1034 698 traiecta
1069 635 1168 715 sunt,
1203 625 1464 721 religatumque

224 739 271 814 ad
297 765 441 815 currum
465 748 610 810 traxere
637 737 730 809 cirea
754 737 882 808 urbem
908 735 1007 832 equi:
1034 735 1209 831 gloriante
1235 757 1330 833 rege,
1345 735 1464 808 Achil·

223 853 300 941 len,
328 877 350 924 a
376 876 446 948 quo
473 873 586 947 genus
617 848 694 944 ipse
729 845 939 934 deduceret,
974 845 1151 917 imitatum
1178 869 1216 917 se
1243 869 1321 918 esse
1348 870 1466 943 poena

224 963 261 1034 in
293 962 435 1036 hostem
466 956 648 1055 capienda.
702 954 870 1029 Cecidere
897 954 1089 1028 Persarum
1113 954 1347 1052 Arabumque
1373 957 1466 1029 eirca
1483 975 1519 1024 ao

226 1072 351 1146 decem
375 1069 490 1143 milia:
517 1092 584 1141 neo
611 1065 867 1140 Macedonibus
893 1067 1079 1138 incruenta
1112 1065 1263 1138 victoria
1288 1068 1364 1140 fuit.
1393 1064 1465 1140 Ob·

225 1181 315 1256 sidio
350 1191 447 1254 certe
481 1202 556 1249 non
591 1187 667 1249 tam
701 1176 861 1249 claritate
900 1175 998 1248 urbis
1030 1174 1218 1248 nobilitata
1251 1187 1322 1268 est,
1358 1201 1467 1274 quam

224 1293 405 1391 geminato
431 1287 588 1386 periculo
615 1287 720 1384 regis.

328 1398 399 1490 Qui
423 1399 630 1496 Aegyptum
665 1395 763 1469 adire
787 1396 977 1486 festinans,
1016 1396 1202 1494 Ammtan
1235 1421 1317 1470 oum
1343 1397 1467 1470 decem

226 1510 430 1583 triremibus
464 1511 502 1581 in
527 1505 773 1580 Macedoniam
804 1504 851 1578 ad
882 1506 1145 1603 inquisitionem
1177 1533 1354 1581 novorum
1379 1508 1467 1580 mili·

224 1629 303 1692 tum
337 1620 442 1693 misit.
508 1614 671 1714 Namque
710 1617 818 1688 etiam
850 1615 1014 1688 secundis
1051 1619 1299 1691 atterebantur
1333 1618 1518 1716 eopiae,s1

226 1729 517 1827 devictarumque
549 1728 713 1826 gentium
745 1727 846 1799 militi
880 1726 996 1800 minor
1023 1753 1131 1825 quam
1157 1727 1351 1801 domestico
1377 1727 1467 1802 fides

224 1840 437 1913 habebatur.
821 1891 827 1904 .

176 1953 222 2024 29
327 1950 508 2050 Aegyptii,
534 1949 618 2021 olim
643 1947 834 2023 Persarum
865 1947 993 2045 opibus
1019 1949 1162 2040 infensi,
1198 1949 1328 2046 quippe
1353 1967 1520 2021 avarevn.

226 2071 263 2134 et
290 2063 443 2158 superbe
474 2059 716 2157 imperitatum
749 2057 815 2130 sibi
848 2081 926 2130 esse
961 2057 1172 2148 eredebant,
1207 2057 1254 2130 ad
1280 2083 1379 2156 spem
1405 2057 1466 2131 ad·

226 2180 356 2243 ventus
383 2171 457 2242 eins
483 2180 672 2243 erexerant
698 2169 845 2258 animos,
871 2176 997 2265 utpote
1024 2168 1085 2263 qui
1103 2168 1299 2266 Amyntam
1326 2193 1467 2267 quoque

226 2281 465 2378 transfugam,
500 2290 537 2353 et
568 2304 650 2352 eum
683 2278 843 2376 precario
877 2278 1025 2375 imperio
1060 2279 1278 2368 venientem,
1304 2279 1389 2352 laeti
1414 2305 1467 2354 re-

227 2390 412 2487 cepissent
465 2389 579 2488 lgitur
608 2389 734 2486 ingens
769 2387 961 2460 multitudo
988 2387 1188 2478 Pelusium,
1223 2413 1294 2485 qua
1318 2389 1501 2464 intratus

226 2525 288 2572 rus
302 2499 502 2590 videbatur,
514 2506 741 2574 convenerat.
781 2497 904 2595 Atque
929 2499 988 2571 ille
1015 2501 1167 2596 septimo
1194 2498 1251 2572 die
1276 2509 1466 2596 postquam

226 2637 249 2682 a
275 2603 373 2683 Gaza
399 2610 518 2708 copias
544 2617 723 2698 moverat,
757 2609 795 2680 in
820 2609 1003 2706 regionem
1028 2608 1201 2708 Aegypti,
1238 2633 1346 2704 quam
1370 2635 1466 2682 nuno

227 2719 354 2794 Castra
385 2717 583 2792 Alexandri
617 2729 768 2808 vocant,
803 2720 975 2816 pervenit.
1043 2715 1200 2809 Deinde,
1240 2719 1499 2816 pedestribuss

226 2831 335 2928 copiis
349 2830 532 2906 Pelusium
557 2839 679 2927 petere
705 2830 819 2921 iussis,
840 2830 918 2926 ipse
944 2855 1024 2901 cum
1051 2828 1221 2926 expedita
1248 2827 1467 2904 delectorum

225 2968 336 3016 manu
361 2939 443 3014 Nilo
469 2965 573 3014 amne
598 2951 724 3015 vectus
751 2951 821 3016 est:
848 2964 914 3012 neo
941 2939 1141 3013 sustinuere
1167 2939 1364 3013 adventum
1390 2941 1464 3014 eius

226 3108 428 3162 cordiumverts't
440 3123 530 3176 proso
558 3107 610 3162 uod
618 3107 829 3175 estvertitar,si-
866 3113 878 3158 1
898 3105 974 3160 adiici
992 3115 1078 3158 tumen
1094 3113 1156 3176 post
1172 3107 1362 3160 atterebantur:
1383 3105 1467 3160 tradit

227 3184 272 3229 out
293 3190 327 3242 v,
351 3181 382 3228 12
406 3175 448 3227 ira
471 3124 565 3228 deinde
587 3177 732 3230 insatiam
753 3193 829 3230 versa
863 3173 945 3226 etiam
973 3173 1001 3226 in
1033 3173 1104 3228 Flor.
1135 3173 1236 3227 Heinsii
1263 3173 1300 3226 sie
1329 3174 1467 3228 inventum

226 3243 364 3296 eminentia
382 3259 450 3294 saxa
468 3243 595 3310 complexi
616 3245 830 3297 —conabantur
863 3258 920 3294 ease
943 3239 1069 3295 Snalrenb
1121 3241 1173 3310 'us,
1204 3240 1246 3294 eui
1267 3241 1346 3294 fidem
1369 3243 1467 3296 habere

227 3312 376 3362 ascendere.
864 3327 917 3362 non
939 3327 1051 3379 possum.
1070 3259 1128 3363 qur
1174 3309 1267 3380 utique
1292 3308 1379 3379 planet
1399 3309 1426 3362 h.
1448 3309 1466 3362 l.

278 3383 344 3430 .29.
381 3376 503 3428 Achillea
543 3393 573 3428 ro
599 3377 726 3429 Achillem
749 3375 829 3430 Bern.
864 3387 966 3444 tomen,
994 3379 1066 3448 quod
1092 3375 1222 3448 oppositio
1250 3393 1303 3429 non
1325 3377 1360 3429 sit
1400 3375 1466 3432 ualis

226 3445 252 3498 A
292 3444 339 3498 lor.
357 3444 416 3497 AB.
434 3443 508 3496 Leid.
553 3460 603 3496 oss.
624 3451 652 3509 1,
671 3461 830 3514 quamquam
864 3461 906 3497 ex.
924 3463 963 3514 gr.
981 3461 1041 3514 vri,
1063 3452 1096 3500 35
1119 3447 1196 3498 etiam
1218 3446 1247 3498 in
1262 3462 1331 3512 pace
1349 3394 1410 3497 belli
1427 3455 1466 3498 to·

227 3514 355 3567 Achillam
371 3526 443 3578 vm,
472 3517 518 3580 16,
541 3518 574 3565 26
602 3519 753 3566 oonstunter
769 3512 830 3566 libri
864 3531 921 3566 men
939 3515 999 3567 isra
1017 3525 1154 3568 servantis
1172 3520 1200 3567 et
1213 3511 1296 3582 magis
1304 3510 1385 3566 etiam
1394 3511 1465 3566 alibi.

226 3599 286 3634 mss.
304 3587 422 3633 tuentur.
448 3579 517 3632 Item
553 3581 737 3649 ostAmynlon
751 3579 830 3634 iidem
899 3581 1067 3652 Gap.29,§.
1087 3589 1111 3636 1.
1144 3597 1200 3635 esse
1217 3581 1367 3651 madebant]
1393 3579 1466 3636 Ulti·

226 3651 280 3702 lere
297 3649 373 3702 oodd.
390 3655 496 3719 praeter
546 3666 583 3702 or.
601 3648 639 3716 B,
666 3649 712 3702 sed
729 3649 757 3702 in
773 3665 829 3718 seq.
863 3667 936 3702 mum
958 3651 1067 3704 verbum
1084 3659 1218 3720 tamquam
1236 3667 1252 3702 a
1269 3657 1358 3704 mente
1376 3657 1466 3704 auoto-

226 3734 284 3786 eap.
302 3716 375 3770 nulla
392 3717 512 3770 varietas.
863 3716 899 3770 ris
921 3716 1035 3771 alienum
1061 3718 1140 3772 eieeit
1166 3717 1287 3785 Medius,
1319 3735 1373 3772 non
1397 3717 1467 3772 enim

261 3788 283 3853 ξ.
302 3792 345 3840 81.
367 3803 478 3856 namque
502 3786 579 3838 etiam
596 3788 717 3840 secandis
736 3793 829 3839 altue-
863 3785 1004 3838 credidisse
1020 3794 1135 3853 tantum,
1153 3788 1199 3839 sed
1216 3793 1289 3841 oar-to
1302 3785 1466 3857 sibipersua-

226 3854 333 3923 bantur]
374 3853 487 3907 Addunt
516 3853 560 3906 vul
624 3856 751 3923 proelias,
783 3853 829 3906 sed
864 3852 934 3906 sisse.
969 3853 1071 3908 Verum
1091 3873 1145 3909 non
1171 3855 1237 3909 haee
1261 3869 1339 3908 eausa
1361 3861 1402 3906 est
1419 3853 1466 3906 sed

226 3937 320 3974 vocem
340 3921 412 3974 illam
436 3938 526 3976 omnes
548 3871 608 3976 nili
630 3922 712 3976 nostri
734 3929 763 3975 et
784 3921 829 3991 qui
864 3920 983 3991 ineptum
999 3920 1183 3996 βραχυλογίας
1205 3923 1334 3988 studium,
1357 3939 1409 3992 quo
1437 3920 1466 3974 in

227 4006 244 4042 a
269 3989 350 4043 Snak.
382 3989 470 4044 collati
500 3998 562 4043 sunt
593 3989 732 4069 ignorant,
758 3991 828 4042 unde
863 3989 930 4042 tales
962 3990 1156 4044 enuntiationes
1186 3991 1292 4046 Medius
1323 3996 1465 4060 grassatm.

227 4074 280 4111 non
297 4057 398 4112 incerta
418 4057 630 4128 interpolationis
647 4057 759 4128 suspicio
776 4057 828 4110 ori·
862 4057 932 4112 Vide
949 4058 983 4111 ad
1000 4073 1049 4126 111,
1069 4065 1094 4126 6,
1114 4065 1138 4112 t.

226 4133 279 4178 tur.
316 4125 437 4180 Secunda
464 4143 513 4196 pro
543 4127 620 4179 rebus
646 4125 765 4180 secundis
788 4125 827 4178 di·
896 4128 919 4194 ς.
937 4131 963 4180 2.
998 4145 1049 4196 qua
1067 4129 1214 4180 intraturus
1231 4127 1378 4196 videbatur]
1409 4125 1467 4179 Ad·

226 4199 329 4258 euutur,
346 4193 407 4247 vide
423 4193 474 4246 lex.
493 4201 522 4247 et
538 4193 571 4246 ef.
588 4192 646 4246 Liv.
664 4207 776 4261 xxvm,
796 4201 825 4246 11
862 4192 930 4247 dunt
947 4195 1028 4264 vulgo
1045 4213 1105 4260 rex,
1123 4195 1204 4248 etiam
1220 4195 1292 4264 quod
1309 4194 1389 4248 miror
1406 4194 1465 4247 Mo-

180 4283 181 4290 *
226 4279 284 4316 eum
302 4265 413 4316 oninium
426 4263 597 4316 secandorum
611 4264 827 4330 adversorumque
862 4261 934 4330 dius,
957 4281 1019 4316 nem
1040 4262 1067 4315 in
1085 4262 1158 4316 libris
1176 4281 1235 4316 mss.
1253 4261 1374 4316 omnibus
1390 4262 1465 4314 deest

226 4348 323 4385 causas
348 4333 379 4384 in
405 4332 466 4384 daos
492 4339 626 4384 verterent.
666 4329 719 4383 Sed
746 4347 827 4384 anno·
862 4339 891 4383 et
907 4338 997 4400 potest
1013 4329 1127 4400 intelligi
1149 4339 1180 4384 ut
1202 4328 1351 4401 saepissime
1371 4329 1399 4382 in
1416 4329 1466 4382 hae

226 4399 337 4453 tandum
353 4399 381 4452 in
398 4397 515 4452 BernA
532 4416 549 4452 a
565 4415 605 4468 pr.
619 4416 653 4452 m.
666 4398 741 4451 leid.
752 4399 827 4452 Voss.
861 4399 932 4451 omni
950 4397 1060 4452 historia
1076 4398 1243 4470 intelligitur.
1273 4397 1377 4476 Deinde
1390 4407 1465 4468 post·
