3158 5294
493 365 542 417 ua
569 365 695 418 arsrrs
722 365 830 417 sarx.
857 366 893 436 x,
920 363 962 413 aa.
1270 345 1342 417 517

23 611 25 654 3
100 554 298 652 expletura
328 575 368 624 se
399 550 571 648 sanguine
596 553 752 645 illorum,
787 553 848 648 qui
880 549 1138 624 affectaverant
1174 551 1262 623 nihil
1299 549 1346 622 ad

22 684 75 734 .15
100 665 207 763 ipsos
239 665 420 764 pertinens
445 686 605 762 regnum.
657 661 699 735 In
726 662 851 738 eadem
878 661 985 736 domo
1011 661 1212 758 familiaque
1238 661 1345 760 impe·

22 761 27 768 ¹
100 777 149 848 rii
177 778 273 850 vires
298 798 525 848 remansuras
544 797 622 848 esse
640 773 862 874 gaudebant3
889 769 1143 848 hereditarium
1159 772 1347 871 imperium

22 881 23 884 '
72 888 258 986 ,stirpem
289 886 423 984 regiam
448 883 731 978 vindicaturam
769 896 934 960 'assuetos
961 908 1040 958 esse
1071 908 1202 956 nomen
1228 879 1347 982 ipsum

22 995 25 1002 ’
103 1000 229 1073 colere
255 995 506 1093 venerarique,
545 1022 612 1070 nec
639 1022 853 1096 quemquam
885 995 924 1070 id
956 1019 1102 1094 capere,
1140 995 1210 1068 nisi
1249 995 1345 1094 geni*

100 1119 187 1183 turn
221 1117 263 1182 ut
287 1117 463 1206 regnaret

36 1237 79 1286 ra
213 1218 326 1316 Igitur
359 1216 529 1292 Perdicca
562 1219 723 1310 territus,
756 1219 944 1308 conclave,
975 1219 1013 1292 in
1046 1243 1116 1314 quo
1148 1215 1398 1291 Alexandri24

103 1355 240 1429 corpus
265 1329 423 1419 iaccbat,
456 1328 614 1404 obserari
645 1331 754 1406 iubet
807 1327 975 1404 Sexcenti
1007 1354 1089 1401 cum
1120 1329 1198 1427 ipso
1233 1338 1346 1420 erant,

22 1451 24 1532 g
105 1452 293 1541 spectatae
311 1439 470 1513 uirurtis:
496 1440 722 1516 Ptolemaeus
738 1465 879 1539 quoque
905 1467 944 1515 se
963 1439 1177 1516 adiunxerat
1195 1440 1237 1532 ei,
1263 1465 1348 1540 pue·

21 1559 82 1646 [1⁷
104 1576 302 1650 rerumque
327 1551 426 1650 regia
452 1551 589 1624 cohors.
630 1549 797 1626 Ceterum
818 1551 916 1624 haud
942 1551 1131 1626 difficulter
1156 1577 1178 1624 a
1202 1561 1259 1625 tot
1283 1553 1347 1624 mi·

21 1673 26 1760 J
106 1664 204 1738 libus
242 1673 461 1737 armatorum
492 1663 648 1735 claustra
679 1664 857 1761 perfracta
889 1673 982 1736 sunt
1034 1660 1082 1735 Et
1106 1687 1173 1736 rex
1206 1689 1347 1762 quoque

21 1767 25 1794 ²
106 1775 288 1872 irruperat
313 1776 466 1873 stipatus
493 1774 686 1848 satellitum
712 1775 834 1868 turba,
866 1799 1019 1872 quorum
1050 1774 1214 1873 princeps
1240 1773 1346 1849 Mele-

21 1899 89 1953 ·ra
110 1911 208 1984 ager.
261 1885 449 1982 Iratusque
475 1883 646 1958 Perdicca
671 1884 754 1974 hos,
781 1885 842 1982 qui
867 1883 1066 1958 Alexandri
1098 1909 1228 1982 corpus
1253 1887 1347 1959 tueri

21 1978 25 1994 ¹
108 1996 261 2087 vellent,
296 2004 460 2069 sevocat:
495 1993 559 2068 sed
586 1995 647 2090 qui
671 1995 874 2093 irruperant
900 1996 1037 2068 eminus
1069 1994 1142 2067 tela
1166 1996 1202 2068 in
1229 1996 1347 2094 ipsum

21 2095 25 2136 ³
110 2106 297 2180 iaciebant.
354 2103 546 2202 Multisque
578 2105 789 2195 vulneratis,
821 2105 969 2208 tandem
1001 2106 1157 2180 seniores
1193 2106 1347 2205 demptis

21 2207 26 2251 ²
111 2216 234 2312 galeis,
261 2241 331 2314 quo
357 2216 493 2289 facilius
518 2216 618 2289 nosci
642 2228 801 2314 possent,
826 2217 964 2314 precari
990 2216 1050 2314 qui
1077 2241 1159 2289 cum
1174 2216 1346 2294 Perdicca

22 2331 25 2360 ²
113 2335 217 2399 erant
244 2349 408 2425 coepere,
435 2336 477 2400 ut
502 2326 717 2402 absisterent
741 2326 846 2418 belle,
871 2329 1017 2426 regique
1043 2337 1080 2402 et
1105 2328 1267 2426 pluribus
1293 2355 1347 2403 ce·

22 2513 23 2518 ¹
58 2457 94 2506 re
113 2434 251 2514 darent.
310 2437 451 2512 Primus
483 2437 653 2512 Perdicca
684 2463 784 2511 arma
818 2436 999 2536 deposuit;
1042 2440 1221 2538 ceterique
1253 2440 1349 2514 idem

20 2533 25 2616 ε’
112 2549 238 2624 fecere.
290 2549 470 2649 Meleagro
497 2547 625 2623 deinde
651 2548 907 2639 suadentque
933 2575 955 2625 a
981 2575 1130 2649 corpore
1150 2551 1348 2650 Alexandri

20 2655 23 2754 ζ
114 2658 348 2753 discederent,
373 2659 508 2736 insidiis
533 2661 652 2734 locum
678 2661 800 2757 quaeri
825 2661 904 2753 rati,
931 2660 1075 2735 diversa
1099 2662 1219 2760 regiae
1245 2674 1348 2762 parte

20 2795 22 2810 ·
59 2791 96 2840 ac
116 2770 161 2844 ad
187 2771 396 2872 Euphraten
422 2773 544 2870 fugam
569 2769 770 2844 intendunt
822 2767 1022 2868 Equitatus,
1048 2773 1109 2870 qui
1135 2799 1181 2846 ex
1206 2774 1349 2847 nobilis·

20 2861 23 2892 ¹
115 2883 211 2956 simis
230 2885 399 2959 iuvenum
418 2881 617 2972 constabat,
643 2879 850 2953 Perdiccam
876 2891 913 2955 et
929 2882 1152 2956 Leonnatum
1179 2883 1346 2981 frequens

20 3069 21 3088 ,
114 2994 342 3090 sequebatur;
369 2991 605 3092 placebatque
631 2991 805 3066 excedere
831 2992 930 3085 urbe,
956 3005 994 3068 et
1019 2993 1168 3068 tendere
1192 2995 1231 3068 in
1257 3021 1349 3069 cam-

20 3091 21 3166 }
61 3104 177 3202 21pis.
230 3102 302 3178 Sed
328 3103 499 3178 Perdicca
523 3127 570 3176 ne
596 3101 734 3201 pedites
767 3101 909 3198 quidem
935 3115 1121 3179 secuturos
1147 3105 1265 3203 ipsum
1291 3108 1349 3181 de·

114 3214 295 3311 sperabat:
328 3214 448 3312 itaque
480 3239 528 3288 ne
551 3212 764 3288 abducendo
796 3214 933 3310 equites
960 3216 1147 3315 abrupisse
1179 3241 1202 3290 a
1228 3227 1348 3292 cetero

115 3324 272 3400 exercitu
298 3325 498 3418 videretur,
525 3325 563 3400 in
588 3325 677 3400 urbe
704 3324 875 3410 subsistit.

147 3583 371 3653 Cap.24,s.16.
397 3586 516 3640 obserari
532 3587 611 3655 iubet]
638 3585 713 3640 Editi
746 3603 828 3640 unum
845 3602 949 3656 ornnes,
967 3586 1034 3641 editi
1051 3594 1157 3659 praeter·
1173 3588 1249 3643 Mod.
1267 3589 1348 3644 absti-

115 3653 260 3716 arservurr',
287 3652 377 3722 scripti
395 3655 541 3722 observari,
567 3661 656 3708 utrum
676 3669 710 3707 ue
744 3665 842 3709 aeram

115 3735 205 3790 parum
222 3718 324 3771 latina
364 3717 458 3791 ltaque
475 3721 599 3776 Palmarii
625 3738 711 3776 come·
780 3725 803 3790 §.
821 3729 863 3777 20.
898 3726 1001 3790 tendere
1023 3725 1051 3775 in
1077 3725 1188 3792 campis]
1228 3724 1274 3778 Sic
1291 3726 1348 3796 ple·

115 3795 226 3869 curam,
249 3803 332 3857 quarn
353 3785 418 3840 item
440 3789 545 3844 Medius
565 3798 710 3860 receperat,
745 3790 821 3861 rique
841 3807 921 3858 msa,
948 3791 1076 3845 editiones
1102 3791 1159 3844 fere
1184 3794 1213 3845 in
1235 3812 1348 3865 campos,
1422 3793 1426 3802 '

115 3855 461 3927 probamquoniamtpaulo
538 3860 712 3912 damnorum
783 3859 818 3911 od
835 3867 863 3911 et
880 3857 1017 3912 inventum
1034 3859 1120 3913 estin
1136 3859 1210 3914 Laid.
1228 3861 1307 3916 Bern.
1322 3864 1347 3916 A

114 3923 272 3992 mesticia,
297 3923 369 3977 nulla
386 3925 465 3978 defen
483 3925 583 3980 entium
601 3925 647 3996 qui
664 3944 712 3998 pro
769 3926 818 3980 lor.
836 3925 898 3980 GH.
937 3927 991 3981 Sed
1016 3929 1181 3999 perspicuum
1208 3939 1249 3984 est
1272 3932 1350 3985 unice

114 3993 209 4049 loribus
226 4001 336 4048 sterent
654 4025 672 4062 0
745 4011 837 4048 reram
854 4010 911 4048 esse
928 4013 988 4048 mas.
1006 3994 1158 4065 lectionem,
1176 4015 1237 4052 nam
1255 4001 1288 4054 ds
1305 4001 1349 4054 iti-

146 4068 169 4130 s.
198 4069 237 4116 11.
299 4079 390 4116 uorum
410 4063 491 4134 princ
524 4081 537 4117 r
563 4064 809 4141 Meleaper1‚nere
826 4079 1014 4135 supervacuum
1031 4074 1073 4120 est
1089 4066 1190 4136 dicere,
1208 4077 1349 4141 postquam

114 4131 226 4186 Additur
241 4081 324 4211 vulbo
342 4141 413 4199 aar,
437 4149 473 4201 qu
526 4139 556 4186 et
576 4140 667 4204 potest
683 4132 711 4185 in
745 4132 772 4186 id
790 4132 875 4187 altero
891 4134 973 4188 verbo
990 4133 1154 4206 significavit.
1256 4139 1271 4155 ⁸

115 4201 150 4254 his
174 4199 392 4270 explicationibus
418 4199 517 4266 omitti,
544 4208 573 4254 et
598 4202 711 4256 abacta
779 4208 801 4270 ξ.
819 4208 860 4254 21.
895 4203 924 4254 in
950 4203 1012 4256 urbe
1037 4205 1163 4272 adsistit]
1204 4203 1249 4258 Sic
1269 4223 1347 4276 prae-

115 4285 169 4322 msr.
194 4268 292 4322 nostris
313 4268 425 4388 quidem
450 4269 571 4323 omnibus
597 4278 627 4323 et
643 4269 710 4324 Sua·
743 4269 813 4323 senti
829 4277 950 4342 tempore
968 4269 1109 4325 ediderunt
1126 4280 1229 4326 veteres
1247 4291 1348 4345 nosque

116 4336 248 4408 keuburgii
262 4335 312 4417 lei
332 4376 339 4390 .
356 4337 468 4418 Vosat.
505 4337 567 4406 (Est
583 4338 665 4411 igitur
681 4338 709 4392 in
742 4354 792 4410 rep
811 4337 907 4392 erimus
924 4340 1348 4462 inmeanostrisomnibqsprae·

116 4407 186 4458 Voss.
204 4413 230 4472 1,
248 4423 270 4459 u
287 4405 394 4460 credere
414 4405 510 4474 hbet.)
742 4415 785 4460 ter
825 4408 873 4462 lor.
892 4407 938 4461 cl.
979 4407 1196 4480 Snalrenburgius
1221 4410 1277 4462 mbr
1313 4411 1347 4464 dc

147 4475 169 4540 s.
189 4479 227 4527 18.
261 4483 291 4528 ut
315 4475 469 4530 clebrem
495 4477 560 4532 bello
585 4491 647 4530 mss.
673 4475 706 4530 ad
742 4475 795 4531 suia
812 4475 900 4547 libris,
915 4477 1027 4534 sortasse
1043 4477 1158 4550 oblitus,
1175 4476 1287 4536 noant.
