3238 5296
245 337 319 412 394
712 359 745 423 Q.
774 359 898 412 cunm
922 361 1007 414 nutu

243 541 397 617 uictoriae
427 567 519 617 meae
549 568 617 618 non
642 545 829 642 poeniteret.
882 541 999 647 Itaque
1033 545 1176 638 militant
1204 543 1385 635 emissan,
1410 569 1489 642 pro
1510 563 1539 610 11

244 652 384 752 imperio
409 667 514 729 vestro
539 656 735 754 sanquinem
760 657 928 755 fundant,
960 658 1020 757 qni
1042 654 1179 754 superte
1204 653 1308 727 tabit
1330 655 1486 729 rebellas·

243 776 322 837 sent.
376 763 459 840 Non
484 778 532 838 est
556 765 716 840 dintama
734 769 912 866 possessio,
943 771 979 840 in
1004 793 1108 868 quam
1127 766 1243 865 plodio
1268 765 1488 840 inducimur.-

244 874 472 970 benefitiorum
508 877 622 974 pratia
661 876 861 975 sempiterna
896 890 951 952 est.
1010 874 1053 950 St
1085 877 1201 950 ltalere
1234 877 1375 968 Asiam,
1413 901 1490 950 non
1511 896 1541 943 12

171 1025 176 1034 ·
245 987 386 1059 transire
413 985 573 1078 uolumus,
604 1012 679 1060 eam
704 987 756 1062 lis
781 986 1056 1062 aornmanioanda
1081 1001 1128 1062 est
1151 999 1264 1062 nostra
1289 989 1487 1076 clementia5

247 1096 364 1170 loram
377 1097 471 1193 fides
496 1097 609 1171 staln'le
632 1110 663 1172 et
686 1111 853 1171 aternum
869 1099 977 1200 satiet
1001 1098 1188 1197 imperinm.
1228 1097 1274 1171 Et
1298 1123 1378 1174 sane
1397 1099 1490 1196 plns
1591 1097 1593 1101 ’

246 1207 410 1298 labemus,
436 1231 538 1306 qnam
555 1209 716 1305 sapimus.
760 1207 964 1282 Insatiabilis
983 1222 1093 1281 oedem
1110 1208 1272 1284 marotiae
1291 1225 1345 1302 est,
1371 1211 1490 1283 adnm

247 1316 381 1416 impleri
404 1317 483 1391 velle
509 1318 692 1417 quodiam
717 1318 922 1418 circumfluit.
975 1317 1211 1393 Verumtamen
1235 1342 1349 1394 emnem
1372 1344 1490 1394 moros
1511 1338 1543 1386 1³

247 1427 284 1501 in
309 1427 514 1503 Macedonas
539 1430 756 1531 transfundo!
789 1428 834 1502 In
859 1430 971 1504 multis
997 1431 1084 1503 onim
1106 1429 1256 1529 pentilus
1281 1453 1351 1504 esse
1375 1429 1488 1519 uideo,

249 1564 335 1638 quoe
367 1563 434 1614 non
470 1539 698 1614 endescamtrs
734 1539 863 1613 imitari
872 1570 885 1631 ,·
924 1564 984 1614 neo
1014 1541 1109 1614 aliter
1145 1552 1271 1613 tuntnm
1302 1539 1488 1640 imperium

247 1661 322 1748 apte
353 1650 426 1748 repi
448 1662 570 1748 potest,
608 1677 709 1751 qaam
734 1663 771 1723 nt
801 1651 966 1749 quaedum
996 1663 1027 1724 et
1057 1651 1231 1724 tradamus
1262 1651 1343 1743 illis,
1379 1663 1411 1724 et
1444 1651 1489 1724 ab

247 1761 366 1835 iisdem
391 1759 569 1836 distamus.
1596 1853 1597 1870 χ

200 1871 247 1944 28
350 1869 443 1945 llud
461 1895 572 1969 paene
596 1871 670 1945 risu
695 1871 835 1972 dipnnm
850 1871 931 1970 siml,
957 1871 1046 1970 qaod
1070 1871 1273 1946 Herntolons
1292 1871 1490 1972 postulabat
1510 1891 1541 1936 14

248 2006 362 2071 ante,
399 1993 437 2054 at
460 2007 635 2056 aversarer
660 1982 786 2074 Ionon,
824 1982 894 2055 ann
920 1980 1051 2055 oraonlo
1077 2007 1246 2081 apnosoor.
1298 1983 1359 2056 An
1384 1981 1491 2055 etiam
1510 1999 1541 2046 1⁵

249 2092 410 2192 qniddii
433 2095 667 2192 respondeant,
699 2092 736 2166 in
760 2117 835 2166 mea
861 2103 1018 2188 potestate
1043 2091 1114 2166 ost?
1168 2089 1291 2166 Obtulit
1314 2091 1399 2166 milri
1410 2091 1492 2190 filii

249 2227 381 2295 nomen,
413 2204 559 2302 recipere
584 2203 670 2303 ipsis
694 2204 805 2295 retra,
832 2227 915 2303 quas
940 2204 1087 2302 opimus,
1113 2203 1206 2276 land
1231 2204 1377 2278 alienum
1398 2203 1487 2304 finit

238 2473 369 2541 soterem]
404 2468 494 2550 Vulgo
514 2468 602 2522 editur
627 2471 762 2524 dimidiam
778 2489 846 2540 par·
880 2470 928 2523 ned
944 2469 1074 2540 poculum.
1108 2469 1204 2542 Iteque
1226 2486 1258 2524 eo
1279 2469 1431 2524 deducimur
1455 2477 1489 2524 ut

248 2549 307 2603 tem,
324 2555 375 2592 neo
388 2537 516 2608 displicet„
543 2537 599 2592 Sed
615 2555 674 2592 ourn
692 2555 745 2592 non
762 2539 847 2592 minus
880 2539 1002 2592 videntur
1013 2539 1197 2620 corrigendum
1210 2555 1268 2592 esse
1282 2541 1396 2610 impleri:
1412 2538 1488 2592 avari

248 2613 348 2660 reolum
374 2607 409 2660 sit
434 2607 542 2660 dimidia
563 2617 656 2675 porte,
683 2606 848 2660 constantine
867 2606 974 2660 ‘volunt
990 2607 1093 2678 implen
1110 2606 1142 2660 iis
1159 2608 1252 2674 rebus,
1276 2624 1344 2679 quae
1365 2606 1417 2660 iem
1433 2606 1487 2660 eir·

248 2691 325 2728 enusn
346 2675 396 2729 hoo
415 2690 475 2730 rece
495 2673 570 2728 imun
604 2674 717 2746 Legitur
733 2675 802 2728 enim
819 2675 848 2729 in
881 2675 1036 2742 cumflunnt,
1055 2675 1072 2730 i.
1084 2691 1107 2728 e.
1122 2692 1233 2746 quornm
1250 2676 1303 2730 inm
1319 2675 1394 2747 oopin
1410 2675 1488 2728 labn-

248 2745 324 2798 eodd.
347 2743 460 2797 FlorA
488 2742 563 2798 GRH
584 2743 664 2797 Bern.
682 2751 794 2815 utroque
819 2752 848 2797 et
881 2751 951 2796 runt.
986 2737 1032 2797 no
1047 2742 1130 2814 igitur
1147 2761 1218 2797 nune
1235 2744 1393 2816 scripsimus

248 2811 330 2866 Snnk.
353 2811 446 2867 tribus.
483 2810 552 2865 Item
573 2819 635 2882 pont
656 2831 705 2883 quo
776 2811 848 2866 dele·
934 2817 995 2865 .1e.
1031 2827 1119 2866 eoram
1141 2829 1225 2865 mores
1246 2815 1275 2865 in
1297 2813 1370 2866 Mna.
1396 2822 1487 2866 truns-

248 2881 345 2946 vimuu,
372 2881 444 2951 qnod
467 2879 496 2933 in
516 2881 629 2950 urlgntis
652 2881 700 2934 eod
722 2920 728 2934 .
750 2881 775 2933 le
795 2879 848 2934 'tar
872 2881 972 2950 feudo]
1009 2879 1094 2934 Codd.
1111 2888 1140 2932 et
1165 2881 1226 2933 edd.
1251 2879 1384 2952 prinsipes
1409 2895 1485 2932 men-

248 2957 310 3020 poet
335 2951 408 3015 illos,
439 2947 513 3002 Leid.
537 2949 614 3002 Voss.
639 2957 651 3001 1
677 2955 742 3003 eet
791 2965 846 3002 ern.
881 2949 947 3001 dose
968 2965 1054 3000 eorum
1076 2950 1105 3000 in
1125 2949 1196 3001 Mne.
1214 2952 1382 3003 nauseando.
1416 2947 1485 3000 Vul-

248 3025 389 3088 utmmque
406 3025 435 3070 et
452 3017 523 3070 Flor.
540 3017 666 3071 ABGEH
683 3015 774 3071 secuti.
797 3017 847 3072 Su·
880 3026 944 3086 gnte
967 3016 1045 3070 leotio
1063 3015 1133 3070 Aldo
1155 3017 1273 3070 debetur.
1309 3017 1373 3070 Vox
1397 3033 1485 3070 mores

248 3094 339 3156 penest
356 3084 385 3138 in
401 3084 472 3139 utor.
490 3085 581 3139 DFGI
604 3085 649 3156 qui
674 3103 732 3140 num
755 3085 845 3139 Pel.l
881 3100 949 3155 quen
973 3084 1118 3138 uenesesrin
1143 3083 1248 3138 videtur
1272 3084 1370 3156 legitur
1394 3093 1486 3138 tamen

248 3153 381 3225 propriam
398 3162 496 3206 motem
512 3152 686 3208 constituunt
881 3153 909 3205 in
926 3152 997 3206 Flor.
1016 3153 1057 3216 Ι),
1076 3155 1247 3222 transfundo,
1269 3153 1291 3206 ei
1308 3153 1374 3206 fides
1390 3161 1432 3206 est
1447 3152 1485 3206 ei-

284 3227 310 3287 s.
326 3229 366 3275 tt.
396 3224 460 3290 plus
482 3223 603 3275 labemus
621 3240 699 3291 quam
719 3223 846 3292 cupimus]
881 3220 976 3288 lentio,
994 3221 1022 3273 in
1039 3220 1172 3274 leidensi.

249 3289 314 3342 Mne.
332 3306 422 3342 omnes
441 3297 470 3341 et
487 3289 547 3342 edd.
564 3297 629 3343 vett.
648 3293 772 3360 rapientis.
798 3289 849 3342 Illa
918 3288 1043 3360 Geptt,
1064 3295 1142 3370 514.
1171 3307 1257 3358 paene
1282 3291 1340 3342 risu
1365 3291 1482 3356 diqnurn]

248 3366 290 3410 eet
306 3355 409 3410 Aciduli
426 3357 587 3424 emendatio,
608 3375 687 3428 quem
704 3376 757 3411 non
773 3358 849 3429 potui
883 3355 948 3410 Non
973 3355 1022 3410 tuli
1049 3355 1146 3410 drudus
1173 3358 1244 3428 quod
1270 3357 1356 3410 ndhne
1381 3357 1484 3410 editum
1596 3427 1597 3430 Ἴ

248 3442 304 3478 non
318 3423 565 3478 cumFreinshemio
584 3426 849 3478 vernmmxistimnre.
882 3423 948 3478 tuit·
976 3443 1039 3479 nene
1065 3428 1172 3496 dynam
1196 3428 1266 3492 risu,
1293 3426 1340 3479 ned
1361 3441 1395 3478 ex
1411 3423 1483 3478 Flor.
1596 3439 1597 3480 ῑ

249 3490 429 3562 Conqueritur
445 3491 515 3545 enim
533 3493 584 3546 hoo
600 3493 724 3562 ipsoloco
737 3495 770 3546 de
783 3511 849 3565 quo·
883 3443 975 3546 otei
992 3501 1019 3546 et
1035 3493 1166 3548 deteriore
1182 3493 1332 3547 seotsFlor.
1342 3493 1392 3546 ΕΗ
1402 3492 1483 3545 Ber-n.

248 3561 359 3614 rundnm
377 3559 485 3613 avaritie
505 3561 565 3630 plus
581 3577 667 3641 nequo
687 3561 785 3614 hnbere
805 3579 849 3614 cu-
883 3559 907 3613 B
925 3563 1105 3631 risndt'pnum,
1123 3578 1155 3615 eo
1167 3561 1259 3615 ordine
1273 3563 1412 3614 verborum
1429 3577 1484 3640 quo
1596 3575 1597 3626 ξ

247 3627 375 3700 pientinus
400 3629 545 3699 eodemque
567 3631 641 3683 dunt
666 3630 776 3682 verbum
802 3631 849 3682 im·
884 3629 910 3681 h.
921 3628 938 3682 Ι.
956 3629 1093 3696 usuvenit,
1115 3628 1213 3699 ninipri.
1248 3630 1352 3683 Deinde
1368 3629 1396 3682 in
1412 3645 1484 3698 pun-
1596 3631 1597 3636 ’

242 3700 336 3768 plere,
364 3698 434 3768 quod
460 3697 587 3769 nequitur.
622 3697 676 3751 Sed
702 3698 768 3751 haee
791 3697 849 3768 ipen
883 3713 940 3750 rem
957 3698 1019 3751 edit
1038 3715 1122 3750 meam
1139 3714 1173 3752 ex
1187 3715 1216 3751 re
1251 3697 1483 3766 titnedit.Bipon·
1596 3709 1597 3716 ’

248 3783 301 3820 vox
323 3765 479 3846 astrigendn
498 3775 552 3832 est,
580 3766 601 3820 ei
623 3783 682 3820 nunu
703 3775 849 3837 potentates
883 3765 954 3832 tina,
982 3783 1061 3837 quem
1085 3764 1259 3838 typogrnpin
1286 3765 1484 3820 describendam
1596 3795 1597 3826 2

248 3835 329 3887 verba
358 3835 475 3914 abunere
505 3835 633 3916 volupiae.
677 3835 747 3915 Nsrp
777 3835 849 3906 quod
883 3833 1018 3902 dederam,
1036 3835 1179 3904 irrepserat
1191 3835 1315 3886 mendum
1328 3837 1485 3914 aduersarer
1596 3843 1597 3876 ἲ

247 3901 328 4036 tid
354 3901 452 4040 lenit
471 3909 848 4049 ,ttttt‘tttttptttt
883 3902 1355 4049 intendentem&
1368 3909 1485 4022 iili
1596 3945 1597 3948 ‘

248 4039 407 4108 eosdemque
423 4047 543 4109 optimos,
562 4039 667 4092 FlanA
683 4039 847 4092 Leid.Bern.
881 4037 1000 4093 Bern.B
1019 4038 1094 4093 Voss.
1112 4045 1138 4104 2,
1156 4047 1184 4092 et
1199 4055 1279 4108 supr-n
1294 4039 1353 4106 fiut,
1372 4055 1425 4109 qun
1441 4053 1484 4090 re-

248 4109 288 4175 A)
305 4109 391 4160 adino
404 4107 509 4175 implere
523 4109 585 4159 uelle
598 4110 668 4178 quod
679 4110 730 4160 inm
740 4109 848 4160 eircum-
883 4106 960 4177 spicit
977 4108 1063 4162 oratio
1080 4123 1137 4176 esp.
1146 4113 1189 4172 tt,
1210 4114 1250 4161 18.

240 4177 320 4247 fluit,
346 4173 458 4244 intelligi
482 4174 575 4244 nequit
600 4174 651 4227 nisi
676 4177 849 4246 circumfluere
917 4178 992 4296 iffi
1019 4177 1110 4229 oltrdit
1126 4177 1189 4228 milti
1197 4176 1241 4240 fil.
1259 4176 1362 4245 nomer]
1388 4173 1484 4245 Neque

249 4243 299 4297 diei
317 4242 429 4296 volueris
446 4259 509 4295 rues
525 4250 667 4323 propterea
684 4244 762 4323 quod,
773 4244 849 4297 nimie
883 4244 909 4297 h.
930 4285 936 4297 .
953 4244 1029 4324 potui
1046 4261 1099 4298 non
1116 4241 1235 4313 recipere
1243 4242 1378 4296 meliorem
1387 4243 1482 4296 verbo-

248 4310 716 4461 titttfflpttttizttntt
730 4329 849 4450 Ἡ
883 4329 955 4450 tt.
971 4311 1251 4460 3ῧὲἳεῖωώῗῆἷὲ
1273 4310 1390 4434 liiii
1412 4311 1484 4434 lii
1596 4357 1597 4426 ς

248 4455 410 4516 renuuntur,
439 4455 535 4503 coum
554 4465 610 4503 non
630 4447 756 4520 impletur
771 4459 848 4522 nque,
882 4458 960 4520 perte
977 4448 1116 4522 languidus
1134 4456 1163 4503 et
1178 4457 1290 4504 unusne
1306 4455 1356 4502 eet.
1596 4463 1597 4470 ¹
