3238 5296
450 371 452 376 .
502 348 552 398 nu
578 345 705 400 ousrrs
730 345 839 398 anax.
865 347 943 418 vm,
965 344 1008 398 aa.
1307 329 1380 401 tot

144 533 349 606 trahebant:
389 532 448 605 alii
480 555 691 632 magnarum
722 531 891 606 arborum
923 532 1060 631 stipites
1093 556 1175 604 cum
1206 535 1313 606 ramis
1339 558 1382 607 ac

90 666 123 713 ar
144 645 255 718 moles
296 667 466 718 saxorum
505 643 542 716 in
584 667 756 717 cavernas
797 643 1017 718 deiiciebant.
1086 641 1232 741 Iamque
1272 669 1382 743 agger

143 766 360 855 aequaverat
393 781 552 830 summae
584 755 765 854 fastigium
796 766 932 829 terrae:
971 757 1091 852 itaque
1122 765 1240 828 turres
1273 757 1382 855 erige·

143 868 242 959 bant,
269 891 360 964 quae
379 891 489 966 opera
514 867 648 966 ingenti
674 868 826 942 militnm
852 866 980 941 ardore
1006 866 1101 941 intra
1125 892 1261 942 nonum
1287 868 1382 942 diem

133 981 309 1054 ‘absoluta
334 990 428 1054 sunt.
481 975 610 1052 adea
636 978 783 1053 visenda
808 1004 889 1070 rex,
927 979 1089 1052 nondum
1121 979 1279 1052 obducta
1304 981 1380 1053 vul-

142 1093 218 1166 neri
253 1091 433 1182 cicatrice,
472 1092 663 1189 processit,
705 1089 928 1188 laudatisque
962 1091 1151 1182 militibus,
1197 1090 1381 1165 admoveri

142 1202 323 1276 machinas
349 1203 467 1293 iussit,
504 1229 524 1275 e
550 1203 678 1301 quibus
703 1203 829 1300 ingens
855 1203 910 1276 vis
937 1205 1091 1277 telorum
1116 1204 1153 1276 in
1178 1227 1379 1303 propugna-

90 1334 125 1382 sa
144 1325 240 1389 tores
268 1312 381 1388 effusa
407 1326 472 1388 est.
515 1313 710 1411 Praecipue
735 1313 843 1388 rudes
869 1315 994 1388 talium
1021 1340 1170 1415 operum
1197 1315 1380 1389 terrebant

141 1425 290 1500 mobiles
315 1439 450 1518 turres,
483 1435 674 1523 tantasque
699 1427 811 1502 moles
838 1425 936 1498 nulla
962 1451 1030 1525 ope
1058 1451 1149 1524 quae
1175 1437 1381 1500 cerneretur

143 1538 332 1631 adductas,
360 1538 510 1612 deorum
535 1538 680 1629 numine
705 1537 763 1636 agi
789 1537 1001 1611 credebant:
1039 1539 1111 1637 pila
1137 1563 1279 1637 quoque
1305 1563 1379 1612 mu·

142 1651 230 1723 ralia
264 1660 301 1724 et
341 1673 511 1726 excussas
551 1649 738 1723 tormentis
778 1673 995 1750 praegraves
1034 1649 1158 1724 hastas
1198 1649 1380 1748 negabant

90 1780 123 1828 ss
143 1763 333 1836 convenire
364 1761 584 1836 mortalibus.
636 1760 761 1858 Itaque
793 1759 984 1857 desperata
1020 1761 1118 1833 urbis
1151 1762 1266 1834 tutela
1297 1786 1378 1833 con-

26 1885 29 1890 “
142 1897 281 1946 cessere
305 1875 343 1947 in
369 1899 496 1947 arcem.
548 1871 651 1962 Inde,
687 1871 770 1969 quia
800 1871 887 1944 nihil
919 1870 1073 1945 obsessis
1106 1881 1249 1971 praeter
1282 1871 1377 1946 dedi·

140 1985 275 2060 tionem
315 1985 498 2084 placebat,
542 1984 650 2082 legati
693 1982 740 2056 ad
780 2005 903 2082 regem
937 1981 1200 2058 descenderunt
1235 1985 1378 2057 veniam

89 2113 124 2161 ³4
142 2097 296 2195 petituri.
335 2095 416 2187 Qua
441 2099 641 2196 impetrata,
667 2093 791 2192 regina
816 2094 917 2167 venit
942 2119 1024 2168 cum
1049 2119 1180 2193 magno
1207 2096 1378 2169 nobilium

89 2225 123 2273 35
142 2207 354 2282 feminarum
379 2233 488 2308 grege
515 2207 630 2282 aureis
657 2205 789 2306 pateris
816 2205 900 2278 vina
913 2205 1122 2282 'libantium
1174 2206 1258 2306 Ipsa
1283 2207 1378 2306 geni·

141 2319 209 2393 bus
234 2322 329 2418 regis
356 2345 469 2420 parvo
495 2319 568 2391 filio
595 2318 752 2411 admoto,
778 2343 849 2392 non
877 2319 1020 2391 veniam
1041 2318 1160 2410 modo,
1188 2320 1377 2394 sedetiam

139 2431 309 2528 pristinae
327 2432 493 2504 fortunae
515 2431 721 2529 impetravit
743 2428 862 2505 decus.
900 2426 1039 2532 Quippe
1058 2432 1237 2530 appellata
1254 2433 1379 2531 regina

141 2550 218 2631 est3
261 2553 298 2615 et
323 2540 506 2616 credidere
533 2541 693 2640 quidam,
728 2542 809 2640 plus
835 2541 985 2633 formae,
1021 2567 1128 2639 quam
1158 2544 1376 2617 miserationi

89 2672 122 2719 ac
141 2650 275 2726 datum.
329 2654 446 2728 Puero
463 2679 605 2752 qnoque
630 2664 727 2729 certe
753 2663 880 2751 postea
906 2678 953 2726 cx
979 2678 1023 2726 ea
1047 2664 1228 2752 utcunque
1253 2655 1375 2752 genito

140 2763 349 2840 Alexandro
375 2767 443 2838 fuit
467 2791 608 2838 nomen.

174 2958 275 3026 stipites
292 2975 349 3011 com
366 2959 460 3025 ramis]
487 2957 547 3012 Hoc
561 2955 622 3010 dedi
635 2957 669 3009 de
679 2973 741 3010 con·
775 2963 815 3010 est
827 2962 858 3008 ut
869 2972 918 3008 uos
930 2954 1067 3019 edidimus,
1087 2955 1131 3026 qui
1145 2955 1289 3009 suntLeid.
1299 2957 1375 3010 Voss.

140 3024 239 3106 iectura
256 3025 438 3090 Freinshemii‚
461 3025 531 3079 siem
547 3039 596 3106 ΝἸ
608 3033 649 3092 13,
669 3031 683 3080 9
701 3025 740 3106 le·
776 3033 786 3078 1
808 3023 881 3078 Flor.
893 3022 1019 3090 aurel,
1043 3031 1248 3105 teutonumque
1265 3025 1375 3078 verbum

139 3095 643 3234 ttttt‘tlttf2‘tt'ftttttt
656 3111 740 3232 ilii?
774 3091 1376 3241 itt?00ltti¹⁰ttrttttttttt

138 3247 191 3352 gne
204 3234 323 3298 aemulis,
337 3232 413 3302 pauci
427 3240 456 3285 et
469 3230 586 3284 mendosi
596 3230 678 3298 (Flor.
688 3230 740 3283 ΕΗ
773 3180 884 3285 verbum
902 3231 1019 3297 accedit,
1041 3230 1087 3283 sed
1098 3232 1233 3311 processit
1250 3231 1331 3284 habet
1348 3231 1375 3284 in

163 3301 251 3354 ern.B
269 3300 348 3355 Pell
368 3304 443 3354 Voss.
453 3303 482 3368 2)
501 3302 614 3354 tumulis.
773 3299 890 3370 margine
907 3315 987 3352 mauu
1004 3307 1151 3352 recentiore
1169 3299 1306 3352 adrectum.

172 3375 193 3432 t.
211 3377 253 3423 31.
289 3379 373 3423 turres
395 3371 536 3439 erigebant]
571 3367 656 3422 Aldus
681 3387 740 3422 cum
809 3373 831 3438 ς.
842 3373 883 3422 35.
906 3369 1039 3422 credidere
1047 3369 1163 3438 quidum,
1173 3369 1246 3437 plus]
1269 3368 1375 3424 Modiut

137 3437 246 3508 reliquia
264 3440 438 3508 erigebantur,
457 3439 504 3492 sed
517 3455 565 3491 noa
578 3437 739 3492 msamelio-
774 3439 908 3494 credidere
934 3437 1047 3506 amptius
1072 3437 1135 3489 dum
1160 3434 1230 3502 edit,
1256 3436 1321 3490 dicit
1347 3455 1375 3491 so

138 3521 179 3558 res
196 3524 223 3559 se
243 3506 338 3572 uirum,
357 3505 456 3560 vesal
475 3507 556 3560 Bern.
566 3509 592 3560 A
607 3507 738 3562 Flos-,AB
773 3507 929 3560 membranis
942 3521 1045 3576 parere.
1067 3504 1183 3558 Sauesic
1196 3503 1374 3560 habentFlor.

138 3573 213 3641 alios,
254 3575 302 3627 lor.
314 3575 361 3628 OE
378 3574 459 3627 Bern.
468 3574 500 3628 B.
773 3576 824 3644 DI,
842 3583 871 3628 et
888 3577 1020 3628 credidere
1038 3575 1151 3644 amplius
1169 3573 1243 3626 Leid.
1256 3583 1286 3628 et
1302 3573 1373 3629 Flor.

172 3644 195 3710 ξ.
206 3649 247 3695 82.
266 3645 394 3694 adductus
405 3642 565 3694 idemAldus
594 3643 675 3696 rimus
683 3643 738 3696 edi·
775 3645 810 3710 G,
834 3646 903 3696 cred.
921 3643 1024 3711 paridem
1041 3645 1153 3710 amplior
1172 3641 1242 3694 Flor.
1256 3641 1296 3705 G,
1319 3661 1375 3696 cre·

138 3708 187 3771 dit,
201 3710 247 3763 sed
260 3711 327 3762 bene
341 3717 369 3761 et
377 3710 546 3763 -linnantibus
560 3711 578 3763 lr
598 3711 634 3764 ris
647 3729 738 3764 manu·
774 3715 834 3766 dere
862 3713 968 3781 quidam
994 3712 1107 3778 amplius
1130 3708 1203 3762 Flor.
1220 3710 1250 3762 F.
1285 3711 1375 3765 Etiam

138 3776 333 3848 scriptis‚Flor.
345 3777 421 3830 EFH
438 3778 551 3831 Bern.B
565 3785 593 3830 et
607 3778 737 3845 Fleant,
773 3783 850 3834 Voss.
865 3785 879 3832 2
899 3780 963 3848 quid
979 3779 1092 3846 amptius
1107 3779 1244 3846 fortunae.
1280 3779 1322 3832 Ita
1342 3797 1375 3832 ue

137 3845 164 3900 in
172 3845 267 3916 quibus
274 3849 392 3900 adactos.
407 3844 480 3900 Olim
487 3847 737 3913 edebaturudictos‚
773 3864 814 3901 res
833 3863 866 3899 eo
884 3845 983 3899 decidit
1000 3853 1029 3899 ut
1047 3845 1192 3899 constituas
1208 3854 1296 3900 utrum
1323 3797 1374 3902 lus

138 3916 208 3986 quod
227 3923 268 3968 est
285 3913 507 3968 inVoss.1Flor-.
517 3913 577 3979 BG,
592 3914 739 3984 etaprima
774 3933 808 3968 an
830 3917 943 3983 amptius
967 3913 1020 3984 legi
1043 3913 1115 3967 velis,
1152 3913 1278 3969 Ceterum
1309 3917 1374 3971 usti-

136 4000 289 4038 monacum
305 3999 372 4037 corr.
382 3985 488 4037 auditos
502 3983 529 4036 in
538 3981 613 4036 Leid.
622 3983 693 4037 Flor.
702 3983 737 4050 A,
773 4000 822 4036 nus
847 3997 906 4050 xn,
934 3991 966 4036 t:
994 3982 1079 4049 „Inde
1107 3991 1212 4037 montes
1242 3983 1374 4040 Daedaloi

136 4053 217 4108 ceteri
226 4053 297 4107 Flor.
316 4055 421 4106 auditos
435 4060 463 4105 et
476 4051 513 4105 sic
522 4051 636 4104 Bern.A
653 4069 694 4122 pr.
704 4071 738 4104 m.
772 4067 906 4122 regnaque
923 4051 1049 4106 Cleoficlia
1066 4053 1174 4123 reginae
1192 4052 1267 4123 petit.
1299 4053 1375 4118 Quae

137 4139 196 4175 cnm
209 4139 275 4176 corr.
289 4123 404 4176 adiutas.
429 4121 483 4176 Sed
492 4137 524 4173 es
532 4119 620 4175 omnia
634 4119 737 4192 vulgari
771 4138 831 4175 cum
843 4138 872 4174 se
884 4120 1040 4187 dedissetei,
1059 4121 1200 4174 concubitu
1209 4123 1374 4193 redemptum

137 4190 312 4262 corruptionis
330 4205 428 4262 genere
445 4191 590 4260 depravata
607 4197 676 4243 sunt
770 4205 882 4260 regnum
899 4189 933 4242 ab
947 4189 1100 4244 Alexandro
1117 4190 1226 4260 recepit,
1244 4189 1373 4244 illecebris

171 4266 243 4340 §.tt
269 4260 361 4329 rapina
378 4261 447 4313 venit
464 4260 532 4340 oum]
560 4257 635 4312 Libri
652 4259 738 4312 adhue
773 4265 928 4325 consecute,
957 4258 1028 4329 quod
1046 4257 1145 4312 virtute
1163 4277 1216 4311 non
1234 4267 1373 4329 potuerat:

138 4327 202 4381 cdrti
220 4327 317 4382 omisso
334 4328 417 4382 verbo
438 4329 551 4382 venitm
568 4327 619 4380 fine
636 4327 738 4381 addunt
772 4327 907 4399 liliumque
932 4327 966 4380 ab
993 4344 1026 4382 eo
1052 4327 1171 4398 genitum
1193 4327 1374 4380 Alexandrum

137 4394 282 4464 elegantius
297 4397 396 4452 scilieet
407 4398 545 4468 processit.
571 4395 627 4450 Sed
643 4411 738 4467 paren-
772 4395 927 4460 nominarit,
949 4395 995 4466 qui
1012 4403 1105 4467 poma
1121 4411 1231 4466 regnum
1248 4395 1374 4450 Indorum

138 4465 200 4516 dum
217 4471 259 4518 est
274 4483 334 4520 mss.
348 4466 485 4538 inquibus
504 4473 550 4520 aut
571 4482 678 4537 prorsus
701 4465 739 4520 sio
771 4465 875 4536 potitus
891 4469 958 4519 est.“
