3268 5286
190 409 192 416 ,
253 359 327 437 340
746 384 779 451 o.
808 379 932 440 ocern
956 378 1044 440 nort

256 569 438 644 Tironem
455 567 611 644 colimus:
643 570 806 648 lbracioe
822 573 1058 648 Macedoniam
1076 567 1283 646 ccndtnetom
1298 589 1368 640 esse
1383 567 1492 668 sonia

250 693 306 756 eet.
359 679 494 780 Utiqzae
520 679 660 780 imperio
687 695 740 758 tvo
754 683 929 780 finitione,
955 685 1059 760 boenc
1083 707 1130 756 on
1154 680 1278 755 ambos
1303 676 1385 752 vett
1409 701 1491 768 eoae,

250 792 432 868 oonddere

202 904 249 976 36
350 898 453 976 ¹Haec
478 901 662 976 barbarus.
716 903 851 980 Contra
883 931 950 980 rex
983 907 1128 978 fortuna
1162 927 1228 977 sue
1262 911 1299 974 et
1333 899 1546 974 consilinm

251 1040 390 1096 eorum,
407 1039 445 1088 se
471 1039 620 1088 usurum
647 1041 724 1090 esse
750 1016 953 1117 respondet.
1006 1014 1098 1090 Nam
1129 1025 1167 1089 et
1196 1015 1393 1103 fortunam,
1431 1011 1491 1086 cui

251 1126 417 1218 confidet,
445 1137 482 1200 et
507 1127 694 1202 consilium
711 1128 946 1222 suadentium,
972 1156 1018 1206 ne
1045 1126 1131 1225 quid
1155 1137 1289 1200 temere
1316 1135 1354 1198 et
1379 1121 1490 1198 euda-

251 1249 327 1320 cter
352 1239 468 1328 faciet,
495 1248 711 1312 secuturum.
762 1239 998 1340 Dimissisque
1023 1240 1160 1338 legatis,
1191 1239 1228 1310 in
1254 1247 1525 1336 praeparata-st

268 1363 364 1423 rates
398 1351 581 1424 xercitum
621 1352 800 1451 imposuit
853 1353 895 1426 ln
929 1353 1044 1451 proris
1083 1352 1253 1447 clipeatos
1292 1349 1489 1437 locaverat,

248 1461 364 1534 iussos
403 1462 441 1532 in
477 1486 594 1560 genua
631 1465 834 1556 subsidere,
872 1491 944 1562 quo
976 1463 1126 1538 tutiores
1159 1472 1280 1534 essent
1311 1457 1488 1533 adversus

247 1571 340 1644 ictus
367 1573 587 1671 sagittarum.
640 1573 730 1650 Post
760 1577 827 1650 hos
860 1577 921 1673 qui
952 1585 1132 1649 tormenta
1162 1572 1389 1647 intenderent
1415 1579 1524 1641 sta-s

248 1683 346 1776 bant,
373 1695 411 1756 et
437 1685 482 1758 ab
510 1698 662 1784 utroque
688 1689 810 1778 latere,
842 1699 879 1760 et
905 1711 927 1758 a
951 1687 1069 1760 fronte
1095 1683 1301 1758 circumdati
1327 1680 1487 1755 armatis.

248 1793 402 1894 Reliqui,
440 1798 501 1894 qui
531 1810 616 1897 post
647 1810 827 1873 tormenta
859 1799 1111 1886 constiterant,
1143 1795 1314 1892 remigem
1339 1792 1488 1866 loricam

249 1906 414 1981 indutum
441 1919 624 1982 scutorum
641 1908 821 1984 testudine
839 1910 966 1982 armati
982 1907 1229 2007 protegebant
1276 1904 1378 1979 Idem
1396 1899 1488 1974 ordo
1507 1919 1525 1964 ⁴

247 2018 285 2090 in
301 2019 369 2092 illis
388 2043 529 2118 quoque
547 2022 694 2111 ratibus,
721 2046 812 2118 quoe
839 2020 994 2117 equitem
1020 2019 1210 2109 vehebant,
1236 2028 1402 2092 servatus
1420 2023 1487 2087 est.

247 2126 362 2203 Maior
387 2155 471 2228 pars
497 2156 519 2205 e
545 2157 664 2231 puppe
690 2143 818 2204 nantes
845 2154 955 2227 equos
981 2130 1065 2204 loris
1092 2128 1266 2202 trahebat
1318 2125 1487 2212 Atilios,

248 2264 338 2336 quos
366 2251 465 2314 utres
492 2253 689 2317 stramento
716 2243 842 2341 repleti
867 2241 1064 2332 vehebant,
1099 2241 1259 2315 obiectae
1283 2249 1381 2314 rates
1409 2248 1487 2309 tue·

247 2440 324 2494 Voss.
341 2447 366 2507 l,
389 2457 492 2511 nosque
508 2440 654 2496 invenimus
675 2451 799 2497 notatum
816 2460 850 2496 ex
884 2444 930 2514 qui
948 2452 1012 2512 poet
1039 2450 1164 2495 tomenta
1191 2451 1271 2495 const.
1306 2439 1339 2494 In
1361 2438 1444 2492 Bet-n.
1461 2437 1489 2490 Δ

247 2508 327 2562 Bern.
345 2511 380 2574 A,
399 2511 444 2562 sed
462 2508 609 2564 Florentini
627 2528 717 2565 omnes
737 2513 850 2565 Tanaim
883 2511 989 2564 videtur
1009 2509 1145 2564 inventum
1162 2525 1217 2572 esse
1242 2510 1337 2581 reliqui
1358 2517 1421 2578 post
1443 2521 1488 2558 eos

246 2575 377 2643 retinent,
404 2577 450 2630 sed
476 2589 501 2632 et
526 2579 628 2632 addunt
654 2583 690 2650 (et
711 2598 792 2652 usque
813 2581 852 2634 od
885 2590 958 2632 torre.
976 2589 1056 2634 const.
1080 2578 1127 2631 sed
1149 2593 1379 2632 coeremoniae
1398 2575 1428 2628 in
1444 2590 1488 2628 re·

249 2645 356 2715 lieren.)
366 2645 437 2700 Flcr.
447 2647 611 2716 praeterAB
625 2665 715 2702 omnes
733 2649 848 2703 etBern.
884 2665 945 2701 sure
962 2656 1011 2702 cst.
1037 2647 1121 2702 Aldus
1129 2645 1242 2728 quidem,
1259 2645 1374 2718 repetito
1386 2642 1487 2726 aprio·

246 2713 270 2766 B
293 2720 322 2765 et
343 2715 414 2785 quod
438 2715 520 2769 miror
541 2715 622 2770 etiem
643 2716 716 2770 Leid.
734 2721 810 2772 Voss.
826 2725 849 2770 l.
884 2716 956 2771 ribus
973 2711 1063 2784 verbo,
1089 2717 1182 2786 reliqui
1199 2725 1262 2784 port
1283 2732 1339 2782 ecc,
1367 2731 1412 2784 qm
1433 2721 1487 2792 tor·

248 2781 319 2836 Tum
342 2783 450 2838 collibus
471 2785 595 2840 mendose
618 2787 693 2840 codd.
711 2803 800 2841 omnes
822 2793 850 2839 et
883 2795 970 2839 menta
986 2786 1206 2850 intenderent,
1224 2785 1402 2837 constiterant.
1438 2780 1487 2834 Vr-

246 2851 305 2904 edd.
315 2860 380 2906 vett.
399 2869 482 2923 usque
499 2855 533 2906 ad
549 2853 662 2922 lunium,
680 2855 725 2926 qui
743 2858 847 2908 colimus
884 2855 930 2906 des
951 2853 1093 2906 varietates
1115 2861 1143 2905 et
1164 2850 1340 2906 abermtiones
1362 2848 1487 2903 librario·

246 2921 280 2973 de
306 2921 455 2974 coniectura
480 2921 625 2977 certissima
651 2930 679 2976 et
704 2923 788 2977 areli
808 2923 848 2976 uis
882 2940 950 2988 rum,
968 2921 1191 3002 nsmspntetiam
1205 2920 1273 2985 libri,
1293 2919 1347 3042 qui,
1365 2919 1488 2971 udnunc

181 3077 186 3090 .
244 2941 847 3130 estitit-,tilietiib
882 2987 1324 3129 iter-,viretlriit
1345 3055 1410 3110 n,
1426 3055 1487 3125 r..

244 3125 344 3196 legitur
354 3127 436 3196 soma
453 3137 500 3195 est,
519 3138 682 3208 quapropter
721 3128 797 3182 odius
834 3144 849 3180 e
884 3136 946 3182 cent
966 3143 1029 3180 sene
1051 3135 1106 3180 tres
1128 3125 1281 3193 accusativi,
1307 3141 1401 3178 verum
1417 3123 1487 3176 hanc

245 3210 320 3248 more
338 3212 385 3248 suc
402 3213 509 3266 promus
525 3196 621 3249 ommit
883 3197 919 3251 ob
951 3213 1055 3249 causam
1081 3211 1203 3264 spernere
1229 3211 1280 3247 non
1306 3193 1382 3274 potui
1408 3193 1485 3246 codd.

280 3262 346 3342 (lep.
355 3269 398 3341 tt,
408 3266 431 3331 ς.
442 3270 478 3342 1.Ι
489 3273 513 3316 et
530 3267 646 3318 consiliis
655 3267 766 3384 'commta'
783 3263 848 3344 Cor·
883 3263 1171 3346 meliommnlecti'onem
1185 3265 1291 3316 ioricam
1304 3265 1420 3315 endum
1433 3278 1486 3330 pro

245 3331 849 3470 setemoetsurteettmrrr
883 3332 1060 3454 entire
1085 3331 1487 3384 ’ΝΜ

245 3467 311 3518 siliis
337 3483 450 3520 sermm.
495 3464 601 3520 Gratias
627 3467 695 3520 enim
722 3468 849 3547 quasdam
883 3485 962 3540 supra
979 3474 1129 3538 cap.21,1t
1146 3476 1175 3522 et
1192 3473 1299 3538 ceptt,
1318 3474 1333 3521 t
1354 3471 1486 3520 thoracem

244 3532 398 3586 Alexander
419 3532 514 3604 legetis
537 3535 593 3605 egit
612 3537 684 3605 quod
701 3535 804 3589 utiliter
822 3552 849 3589 se
882 3539 996 3602 invimus,
1014 3543 1043 3589 et
1052 3551 1080 3602 v,
1089 3543 1156 3602 20,t
1171 3537 1363 3606 pretiosissimo
1376 3538 1485 3590 restium

245 3601 450 3670 admonuissent,
465 3613 645 3658 verumtamen
654 3621 682 3658 se
691 3603 760 3656 velle
767 3603 849 3658 etiem
883 3606 975 3670 indoti,
993 3614 1021 3658 et
1038 3611 1201 3673 V1u,82,24
1219 3607 1341 3672 carbaso,
1359 3621 1427 3674 quoe
1444 3607 1485 3656 in·

244 3669 352 3722 fortune
368 3688 416 3723 sue
432 3671 480 3724 uti.
514 3671 681 3744 Languidum
697 3671 770 3727 istud
790 3691 849 3727 soc-
883 3677 960 3727 dutus
986 3684 1039 3743 est,
1071 3691 1228 3744 quemquam
1253 3672 1334 3726 etiam
1363 3673 1485 3726 ablativo

244 3756 303 3790 rum
320 3755 369 3792 nec
386 3739 450 3794 setis
467 3741 575 3822 dignum
584 3741 730 3796 Alexandri
747 3742 847 3812 magni·
881 3741 975 3808 utitur,
993 3757 1034 3810 tv,
1049 3749 1092 3809 59,
1107 3750 1149 3798 27.
1173 3757 1201 3808 V,
1213 3749 1237 3808 9,
1248 3748 1290 3796 20.
1311 3755 1376 3807 vm,
1387 3749 1421 3796 10
1441 3748 1485 3795 86.

245 3805 337 3886 tudine
353 3808 441 3874 animi,
460 3827 505 3881 qm
518 3827 624 3864 suorum
638 3811 733 3866 ducum
747 3827 848 3864 secon-
917 3814 940 3878 §.
950 3817 975 3862 4.
1001 3828 1019 3863 a
1032 3814 1130 3882 puppe]
1148 3827 1165 3863 o
1177 3812 1264 3880 puppi
1276 3808 1348 3863 Flcr.
1358 3781 1485 3864 DEdGI.

244 3874 309 3954 silus
326 3891 404 3944 egere
421 3877 499 3932 dicat.
534 3879 676 3933 Inventum
693 3888 782 3933 temen
805 3887 848 3932 est
881 3879 948 3932 Mox
965 3878 1092 3947 pluralem
1105 3877 1178 3932 verbi
1190 3895 1327 3932 numerum
1344 3879 1484 3932 baldum

243 3961 272 3995 1n
298 3943 373 3997 codd.
404 3943 462 4000 Pal.
491 3955 502 4000 l
531 3949 607 4002 Voss.
631 3955 646 4004 2
673 3948 745 4002 Flcr.
772 3947 847 4002 cufi
881 3951 958 4001 Voss.
976 3954 991 4000 2
1010 3947 1079 4000 Flor.
1097 3947 1128 4000 F.

243 4011 325 4064 Beru.
343 4012 375 4066 B.
421 4085 426 4095 ι
465 4085 470 4096 ¹
526 4085 531 4096 ι
804 4087 810 4098 .
900 4025 1087 4098 'edomentur
1119 4016 1171 4095 leti]
1208 4015 1344 4068 Samertto
1361 4015 1396 4067 de
1411 4031 1486 4096 mer-

241 4083 609 4217 mintritltttttt
625 4094 845 4222 tutti&
877 4101 1070 4220 titltttl
1089 4083 1485 4223 fflpffiffi

242 4219 489 4341 “iffiiunliim
505 4220 619 4302 Medius.
642 4223 704 4304 'Ed
719 4221 800 4292 princ
815 4231 844 4303 et
877 4222 1028 4277 stramentis
1058 4223 1175 4290 refertos.
1218 4219 1277 4274 Nec
1302 4221 1381 4275 codd.
1409 4223 1486 4291 quic-

242 4301 368 4408 genneo
394 4291 647 4426 imdbinifhiffi
658 4301 843 4413 quidrioilffi
878 4296 1122 4426 quplqpoeqqpetapatioel
1158 4355 1207 4436 Sic
1218 4363 1290 4410 recte
1306 4357 1368 4436 edd.
1383 4373 1421 4438 ex
1438 4375 1486 4412 co-

243 4421 353 4476 Vossi
376 4424 457 4479 Bern
476 4425 500 4478 B
528 4429 623 4498 reliqui
666 4438 705 4482 cst
731 4445 774 4482 eos
800 4431 844 4498 qui
878 4427 980 4482 dinibus
1000 4425 1063 4478 alies
1086 4424 1271 4478 deterioribus:
1296 4433 1391 4495 optimi
1408 4441 1488 4480 men·

236 4500 299 4558 poet
316 4501 451 4562 territerio,
469 4493 546 4551 Voss.
566 4504 578 4550 1
597 4504 626 4552 et
642 4445 714 4552 dior.
733 4496 759 4549 D
781 4499 843 4552 reii-
878 4497 941 4551 dose
963 4495 1060 4548 obiecta
1082 4503 1152 4561 erat,
1179 4493 1249 4545 unde
1274 4491 1375 4547 librarii
1397 4494 1487 4550 corri-
