3268 5286
227 325 300 396 312
660 415 661 418 p
702 343 736 405 o.
764 340 887 394 curru
911 339 997 392 anrr
1086 361 1091 366 ¹·

221 527 357 626 equites
382 553 463 600 xxx
488 528 585 601 milia
616 529 859 626 expleverant.
911 523 994 623 Ipsa
1019 523 1175 613 Bactra,
1199 519 1355 618 regionis
1381 519 1458 594 eins
1476 540 1511 588 si

221 649 344 736 caput,
378 637 447 712 sita
481 648 566 711 sunt
597 638 664 712 sub
699 647 820 711 monte
855 635 1096 733 Parapamiso.
1156 631 1308 706 Bactrus
1343 631 1457 708 amnis

220 750 392 848 praeterit
416 749 566 824 moenia.
618 749 654 822 ls
680 748 761 822 urbi
788 759 825 822 et
850 745 985 845 regioni
1012 743 1112 818 dedit
1135 769 1277 818 nomen.

172 865 216 936 19
245 945 247 954 Α
322 859 390 934 Hie
421 851 498 958 regi
529 861 662 934 stativa
694 860 841 934 habenti
874 858 1060 932 nuntiatur
1095 881 1142 928 ex
1175 852 1326 931 Graecia
1356 855 1457 930 Pelo·
1474 876 1513 926 aa

218 973 472 1073 ponnesiorum
510 969 762 1070 Lacontnnque
802 970 962 1044 defectio.
1031 964 1200 1040 Nondum
1239 967 1333 1041 enim
1372 968 1458 1040 victi

217 1094 335 1174 erant,
369 1109 450 1156 cum
480 1082 789 1180 proficiscerentur
815 1081 989 1157 tumultus
1017 1079 1092 1151 eius
1119 1077 1291 1176 principia
1316 1081 1455 1152 nuntia·

217 1195 298 1268 turi.
349 1192 399 1267 Et
424 1194 514 1266 alius
540 1219 710 1292 praesens
736 1205 853 1268 terror
879 1193 1043 1280 affertur,
1072 1186 1241 1290 Scythas,
1274 1191 1335 1288 qui
1360 1191 1455 1264 ultra

218 1306 366 1378 Tanaim
401 1329 542 1380 amnem
577 1309 714 1398 colunt,
756 1305 967 1392 adventare,
1002 1300 1114 1374 Besso
1149 1301 1303 1375 ferentes
1339 1328 1453 1401 opem.

216 1414 355 1490 Eodem
390 1427 571 1514 tempore,
606 1443 697 1516 quae
732 1418 769 1490 in
801 1427 909 1516 gente
934 1414 1104 1487 Ariorum
1131 1409 1292 1486 Caranus
1318 1424 1355 1488 et
1380 1411 1457 1486 Eri·

215 1527 320 1626 gyius
358 1539 558 1625 gesserant,
593 1529 830 1627 perferuntur.
898 1523 1135 1604 Commissum
1170 1533 1247 1598 erat
1280 1525 1456 1624 proelium
1473 1545 1509 1594 ss

216 1639 309 1710 inter
333 1637 548 1712 Macedones
575 1640 762 1737 Ariosque.
816 1639 1017 1737 Transtuga
1051 1633 1300 1711 Satibarzanes
1327 1636 1453 1710 barba·
1492 1696 1494 1700 ⁷

217 1750 265 1822 ris
292 1762 474 1848 praeerat:
503 1752 564 1848 qui
589 1777 671 1824 cum
696 1777 854 1850 pugnam
881 1775 1027 1848 segnem
1053 1749 1231 1846 utrimque
1257 1749 1379 1846 aequis
1405 1748 1455 1822 vi-

215 1861 313 1935 ribus
341 1871 437 1936 stare
462 1861 621 1955 vidisset,
647 1863 685 1936 in
711 1862 844 1962 p1imos
871 1861 1013 1936 ordines
1039 1859 1269 1958 adequitant,
1296 1858 1456 1958 dempta·

217 1999 285 2071 que
313 1975 424 2072 galea,
450 1973 608 2047 inhibitis
635 1974 695 2071 qni
720 1975 793 2047 tela
818 1973 1008 2070 iaciebant,
1036 1971 1066 2044 si
1093 1971 1170 2069 quis
1197 1970 1330 2046 viritim
1355 1971 1455 2046 dimi·

217 2110 299 2158 eare
332 2073 457 2176 vellet,
495 2085 706 2183 provocavit
743 2085 791 2158 ad
824 2070 1010 2184 pugnam,¹
1032 2081 1170 2156 nudum
1204 2107 1243 2155 se
1276 2093 1384 2181 caput
1418 2084 1455 2157 in
1621 2169 1622 2198 ,

216 2195 409 2268 certamine
449 2195 664 2268 habiturum.
731 2194 813 2269 Non
853 2197 936 2270 tulit
969 2193 1137 2269 ferociam
1175 2193 1320 2266 barbari
1354 2192 1510 2268 ducissa
1621 2199 1622 2236 r

216 2303 399 2402 Erigyius,
432 2306 552 2403 gravis
585 2306 728 2402 quidem
759 2317 893 2398 aetate,
930 2305 1057 2381 sedet
1089 2305 1197 2379 animi
1224 2314 1261 2378 et
1295 2305 1455 2403 corporis

215 2416 346 2490 robore
371 2416 459 2489 nulli
484 2416 654 2490 iuvenum
679 2417 940 2515 postferendos.
993 2416 1028 2493 Is
1053 2417 1156 2516 galea
1189 2413 1336 2514 dempta
1361 2417 1455 2490 cani·

216 2665 323 2720 milium.
375 2671 472 2740 Itaque
499 2669 616 2740 quamvis
641 2687 697 2724 non
723 2688 818 2743 negem
850 2677 905 2725 tem
922 2669 1000 2725 iatam
1017 2670 1155 2726 restituere
1171 2677 1268 2740 posset.
1291 2668 1346 2723 Sed
1363 2685 1455 2726 verum

215 2736 313 2789 habere
338 2736 404 2792 haee
428 2739 509 2792 verbs
534 2738 631 2811 aliquid
656 2740 816 2808 offensionis,
849 2748 891 2794 est
909 2757 967 2794 eam
984 2738 1127 2794 accusativi
1144 2737 1356 2812 terminationem
1364 2755 1454 2810 euper-

216 2804 333 2858 nondum
351 2813 449 2874 tamen,
468 2823 528 2860 cum
545 2807 573 2860 in
590 2807 710 2862 omnibus
723 2815 817 2863 extent
851 2825 907 2862 esse
924 2808 952 2862 in
969 2807 1043 2862 Leid.
1061 2808 1162 2862 Vossl
1182 2806 1298 2860 BernA
1314 2807 1385 2860 Flor.
1394 2807 1455 2860 AB.
1471 2845 1474 2853 .

155 2899 161 2907 ·
216 2873 356 2942 codicibus,
375 2875 469 2930 adduci
486 2893 591 2947 possum
608 2885 639 2931 ut
655 2876 765 2932 deleam.
886 2882 911 2945 s.
923 2885 965 2932 83.
985 2877 1140 2947 Transsnya
1151 2876 1347 2944 Satibarzanes]
1367 2886 1454 2928 mans·

250 2945 273 3010 §-
291 2949 333 2996 31.
368 2943 553 3014 Parapamiso.
584 2946 708 3014 Bactrum]
744 2947 816 3000 Edit.
842 2949 868 3018 s
899 2963 937 3000 as.
956 2947 1096 2999 Artibazes
1114 2945 1193 2998 Bern.
1211 2944 1238 2996 A
1253 2942 1327 2996 Leid.
1347 2943 1451 2998 Vosal

215 3011 447 3134 sarm
464 3014 698 3136 naun
720 3014 818 3137 nr
851 3012 1454 3204 usurpetur-tara0·

214 3100 484 3136 1.or.
649 3102 817 3137 .us
930 3101 1147 3146 uransa,
1258 3099 1453 3135 rresor.

214 3147 288 3201 dedit
305 3148 468 3218 Parapanis.
494 3151 621 3219 Bactrus,
645 3123 716 3222 quod
733 3161 773 3206 est
789 3151 817 3205 in
851 3151 880 3205 H
927 3148 1024 3204 ern.B
1076 3101 1126 3204 ouda.
1143 3157 1168 3203 2.
1203 3149 1396 3216 Nabarzanes,
1423 3157 1455 3202 ut

215 3216 287 3269 Flor.
305 3215 362 3270 FG.
398 3216 488 3271 Iunius
510 3218 559 3271 scri
580 3219 614 3272 sit
631 3219 817 3289 Parapamiso.
851 3238 882 3272 su
900 3236 939 3286 rs,
958 3225 1111 3272 constanter
1128 3218 1198 3272 Flor.
1217 3217 1251 3271 G.

215 3286 329 3337 Bactrus
346 3300 396 3338 nec
412 3285 446 3338 eb
463 3302 496 3338 eo
506 3285 564 3338 Mor
574 3286 613 3340 'us
631 3287 750 3340 discessit
767 3287 818 3342 nisi
883 3238 993 3341 barban·
1011 3289 1084 3342 doctr
1101 3287 1229 3356 Erigyius
1268 3285 1379 3341 codices
1396 3285 1454 3357 ple·

215 3350 485 3432 ququarapamisso
503 3353 539 3406 du
568 3353 621 3408 'cis
640 3355 722 3422 dedit,
741 3355 818 3411 sicuti
850 3355 925 3428 rique
939 3358 1071 3426 ferociam
1094 3355 1198 3409 barbari
1238 3373 1274 3408 aa
1291 3357 1362 3408 illias
1380 3373 1454 3408 erer-

214 3419 314 3498 legrtqr
338 3437 366 3472 rn
393 3418 463 3474 Flor.
482 3421 532 3474 AB
559 3462 565 3475 .
610 3421 758 3492 Supersunt
784 3424 817 3478 de
852 3427 931 3491 citam
949 3424 1066 3495 corrupti
1084 3423 1161 3478 codd.
1184 3421 1257 3476 Flor.
1275 3422 1340 3476 DFI
1363 3442 1454 3503 snper-

216 3496 312 3541 nostns
330 3487 402 3540 Flor.
420 3487 448 3541 H
474 3488 596 3543 ch.B
622 3490 666 3561 qui
690 3491 817 3546 exhibent
852 3494 921 3546 biam
938 3494 1046 3547 barbari
1064 3496 1117 3546 dua
1135 3493 1261 3546 sancitas
1279 3493 1366 3558 illins,
1391 3500 1454 3546 nem

216 3557 391 3624 Parapaniso.
409 3556 532 3612 Bactrus.
559 3555 817 3614 SnekeubinLeid.
851 3560 970 3632 corrupti
1000 3561 1070 3616 Flor.
1095 3560 1147 3614 ΕΗ
1172 3559 1254 3614 Bem.
1277 3561 1299 3613 B
1321 3560 1454 3630 ferociam

215 3625 292 3677 Voss.
312 3631 335 3702 1ἱ
353 3630 368 3678 2
388 3624 471 3679 tradit
488 3625 541 3697 legi
558 3626 737 3750 Parqpaniso.
764 3629 817 3683 Bo·
851 3631 921 3683 tllr'ns
939 3629 1110 3684 bertaridus
1120 3631 1254 3682 exercitus.
1280 3629 1454 3682 Redeundum

216 3702 300 3758 etms,
328 3709 384 3762 ipse
408 3701 496 3748 autem
522 3695 605 3749 edida
647 3699 817 3766 aropamisso.
852 3707 893 3752 est
914 3699 948 3751 ad
974 3697 1080 3753 illorum
1108 3695 1280 3768 integriorum
1294 3695 1454 3762 ‘landonem

215 3760 285 3812 Vide
302 3777 382 3830 supra
400 3764 435 3816 ad
451 3781 473 3818 e.
493 3770 533 3818 12.
851 3767 879 3820 in
915 3785 949 3820 ue
965 3776 1077 3838 apparet
1094 3766 1167 3837 quod
1184 3773 1224 3818 est
1241 3767 1367 3820 meremus
1389 3765 1454 3820 nihil

251 3827 316 3898 Cap.
338 3837 377 3898 19,
397 3835 418 3898 §-
437 3839 479 3887 32.
508 3833 753 3904 Peloponnesiorum
762 3836 818 3890 La·
852 3785 924 3889 elidi
940 3851 997 3888 esse
1022 3853 1101 3907 quam
1120 3850 1216 3914 nornen
1233 3833 1374 3914 Puppim,
1400 3853 1454 3887 non

216 3915 363 3968 conumque.
394 3899 532 3955 Edebstur
549 3903 629 3974 vulgo
639 3904 818 3974 Peloponnen·
852 3903 935 3975 igitur
951 3921 1007 3957 esse
1025 3921 1083 3959 cum
1100 3903 1194 3956 Modro
1215 3903 1381 3956 scribendum
1400 3905 1454 3956 dar

216 3967 293 4029 siem,
318 3967 364 4019 sed
391 3969 493 4023 codices
518 3969 592 4024 Leid.
610 3972 718 4026 Vosal
747 3973 818 4028 Flor.
852 3973 979 4026 sancitas
988 3973 1126 4043 Erramus.-
1142 3986 1229 4042 neque
1246 3978 1304 4024 aret
1321 3970 1390 4024 solus
1398 3971 1455 4024 dux

216 4033 339 4113 Ancus
364 4033 445 4089 Bern.
468 4037 517 4090 AB
547 4039 818 4108 Peloponnemiorum,
852 4041 1028 4098 Macedonum
1052 4027 1187 4110 Ertpya'us.
1229 4038 1362 4109 Equidem
1386 4048 1454 4110 puto

215 4109 312 4173 partim
330 4104 461 4182 mendose,
485 4105 582 4175 partim
599 4116 689 4162 tamen
705 4109 818 4190 utquid
853 4109 916 4164 olim
932 4107 1012 4164 fuisse
1030 4112 1102 4164 dacis
1120 4125 1155 4162 ex
1191 4125 1225 4161 uo
1243 4111 1375 4162 etdaaet
1392 4126 1453 4161 oon·

216 4187 308 4250 verum
317 4179 352 4223 srt
361 4171 531 4244 intelligatur.
552 4174 589 4228 Et
598 4175 648 4229 hoc
657 4186 819 4232 causatione
853 4177 971 4232 iunctum
988 4175 1186 4248 cuminaxplica
1203 4174 1454 4231 ilinominefsotum

217 4247 341 4309 antiquae
358 4257 450 4295 manus
468 4249 545 4296 extet
566 4247 594 4296 in
610 4245 669 4298 cod.
686 4244 723 4298 H.
749 4246 819 4302 Vide
853 4246 888 4301 sit
905 4248 975 4300 illias
993 4247 1127 4300 manitas.

181 4324 183 4330 ’
219 4307 313 4374 mm,
331 4313 373 4360 24·
886 4317 1020 4370 aaziae
1033 4314 1228 4384 pensaram]
1246 4311 1454 4367 samanae.

246 4375 365 4445 ferentes
382 4394 397 4430 ο
415 4381 463 4446 em]
482 4377 554 4433 Edit.
570 4398 611 4450 pr.
620 4379 682 4434 Alo.
694 4383 818 4454 serentis,
852 4391 868 4440 2
887 4386 953 4438 nulli
969 4401 1022 4438 non
1039 4385 1089 4437 iau.
1100 4381 1302 4452 praeferendas.
1321 4381 1365 4436 Ex
1381 4381 1453 4436 Flor.

219 4445 290 4516 quod
306 4395 425 4501 ssimi.
442 4447 559 4518 recoxit,
584 4449 658 4522 qussi
675 4451 819 4524 antiquita·
854 4453 930 4509 csH
947 4459 1051 4506 tantum
1063 4451 1240 4522 preferendus
1258 4457 1373 4506 notstm
