3158 5294
463 389 512 438 mc
539 385 665 440 cnsms
697 385 806 438 anax.
833 391 869 455 x,
895 384 937 436 14.
1254 363 1325 434 505

58 573 215 646 ⁴adebito
240 571 427 661 liberatus,
454 567 603 669 fatigate
627 570 788 644 membra
812 569 944 642 reiecit.
984 566 1204 664 Propiusque
1230 565 1328 638 adire

94 683 197 756 iussis
233 682 371 772 amicis,
416 681 523 779 (nam
557 692 595 754 et
628 707 702 755 vox
737 680 887 754 deficere
922 679 993 752 iam
1025 675 1234 775 coeperat,)
1270 677 1328 750 de·

93 803 247 867 tractum
274 793 419 865 anulum
445 790 576 889 digito,
603 791 793 865 Perdiccae
820 789 982 881 tradidit,
1010 785 1157 861 adiectis
1182 788 1327 862 manda·

59 905 157 994 stis,
193 914 234 976 ut
259 927 388 1000 corpus
415 927 519 974 snum
544 903 592 976 ad
617 902 854 976 Hammonem
879 902 962 974 ferri
988 902 1162 975 iuberent.
1214 897 1328 988 Quae·

93 1015 253 1088 rentibus
270 1015 336 1102 his,
362 1013 419 1084 cui
436 1014 651 1110 relinqueret
668 1001 839 1111 regnum?
865 993 1059 1110 respondit,
1086 1012 1128 1100 ei,
1155 1012 1328 1108 quiesset

94 1126 264 1224 optimus;
302 1133 459 1196 ceterum
493 1125 682 1221 providere
708 1125 779 1198 iam
805 1149 862 1213 se,
897 1124 943 1196 ob
978 1122 1015 1195 id
1041 1133 1221 1196 certamen
1255 1148 1327 1198 ms·

58 1255 184 1333 agnos
219 1236 386 1309 funebres
413 1233 516 1308 ludos
543 1235 661 1333 parari
688 1235 763 1308 sibi.
824 1233 961 1307 Rursus
987 1231 1156 1306 Perdicca
1181 1234 1370 1322 interro··‚

93 1355 217 1442 gante,
252 1345 396 1442 qnando
423 1346 594 1419 coelestes
627 1347 781 1419 honores
813 1345 937 1419 haberi
970 1343 1037 1417 sibi
1061 1341 1195 1418 vellet?
1227 1342 1328 1435 dixit,

26 1541 27 1552 χ
94 1467 170 1529 tum
196 1457 297 1546 velle,
325 1481 405 1527 cum
431 1457 499 1554 ipsi
524 1456 641 1529 felices
669 1467 797 1530 essent.
850 1453 1024 1553 Suprema
1048 1455 1137 1528 haec
1162 1479 1237 1528 vox
1261 1454 1329 1528 fuit

26 1601 27 1630 1
94 1569 205 1665 regis,
232 1579 269 1642 et
293 1567 401 1665 paulo
426 1576 511 1665 post
536 1567 765 1664 extinguitur.

26 1775 27 1784 ἵ
59 1699 74 1743 r
196 1678 251 1750 Ac
277 1678 391 1775 primo
416 1679 560 1775 ploratu
583 1678 820 1774 lamentisque
846 1685 883 1748 et
899 1675 1101 1774 planctibus
1126 1685 1205 1750 tota
1230 1679 1376 1775 regia15

94 1789 325 1886 personabat:
351 1814 438 1861 mox
455 1791 557 1862 velut
581 1789 618 1860 in
643 1799 748 1860 vasta
765 1785 957 1862 solitudine
973 1787 1092 1860 omnia
1108 1787 1201 1860 tristi
1227 1789 1328 1861 silen-

26 1919 27 1926 ’
98 1899 148 1970 tio
176 1911 277 1972 muta
302 1900 510 1997 torpebant,
544 1897 591 1970 ad
618 1899 868 1994 cogitationes,
894 1898 990 1995 .quid
1016 1897 1144 1972 deinde
1170 1900 1330 1972 futurum

24 2069 26 2100 ,
57 2021 204 2099 cesset,
240 2011 363 2083 dolore
399 2033 582 2083 converso.
642 2007 787 2082 Nobiles
820 2011 922 2106 pueri
956 2007 1139 2082 custodiae
1170 2011 1328 2106 corporis

24 2145 27 2178 τ
93 2121 169 2193 eius
196 2122 330 2193 assueti
355 2143 422 2193 nec
448 2120 580 2193 doloris
605 2118 887 2216 magnitudinem
913 2144 1049 2219 capere,
1075 2145 1141 2193 nec
1167 2145 1206 2192 se
1232 2120 1328 2217 ipsos
1428 2127 1432 2134 '

23 2301 26 2334 r
92 2232 188 2303 intra
213 2231 431 2304 vestibulum
450 2231 570 2326 regiae
595 2239 717 2302 tenere
735 2240 944 2327 potuerunt:
969 2232 1122 2332 vagique
1149 2241 1186 2305 et
1211 2231 1327 2304 furen-

23 2381 25 2406 =
93 2343 190 2414 tibus
217 2340 348 2414 similes
374 2350 489 2414 totam
515 2341 641 2414 urbem
665 2342 764 2414 luctu
798 2365 841 2413 ac
865 2366 1025 2416 maerore
1051 2343 1330 2440 compleverant,

94 2453 200 2526 nullis
234 2451 418 2549 questibus
450 2452 606 2541 omissis,
641 2475 731 2548 quos
762 2453 800 2524 in
831 2453 894 2526 tali
919 2479 1005 2556 coqu
1031 2452 1134 2527 dolor
1160 2453 1328 2551 suggerit

22 2561 24 2646 ᾗ
57 2563 189 2662 aErgo
217 2563 276 2660 qui
303 2573 408 2635 extra
432 2563 568 2663 regiam
594 2563 782 2636 astiterant
805 2561 1019 2637 Macedones
1045 2565 1178 2662 pariter
1204 2563 1329 2637 berba-

22 2697 24 2776 ζ
93 2675 194 2770 rique
220 2660 453 2766 concmmmt,
487 2699 554 2748 nec
578 2685 747 2773 poterant
781 2675 914 2748 victia
947 2676 1142 2748 victoribus
1174 2674 1211 2748 in
1237 2699 1330 2746 com·

22 2787 23 2796 ’
92 2785 193 2856 muni
226 2784 349 2858 dolore
384 2784 545 2859 discerni.
597 2784 729 2858 Persae
763 2785 994 2858 iustissimum
1029 2810 1071 2857 ac
1105 2785 1330 2858 mitissimum

97 2895 295 2986 dominum,
321 2895 534 2970 Macedones
561 2896 735 2994 optimum
760 2919 803 2966 ac
828 2896 1060 2968 fortissimum
1085 2920 1204 2992 regem
1232 2897 1330 2968 invo-

22 2997 75 3072 ἰο
96 3015 235 3095 cantes,
262 3016 442 3080 certamen
467 3005 648 3104 quoddam
673 3005 843 3078 maeroris
870 3005 1034 3079 edebant.
1080 3003 1153 3079 Nec
1179 3015 1330 3079 maesto·

93 3140 174 3187 rum
200 3117 331 3208 solum,
368 3115 565 3190 sedetiam
597 3114 858 3214 indignantium
891 3139 998 3189 voces
1034 3116 1329 3208 exaudiebantur,

93 3391 149 3446 dixi
175 3391 201 3445 iu
222 3409 330 3463 gramm
348 3392 408 3446 Lat.
427 3395 450 3463 ς.
470 3399 527 3449 703.
571 3393 696 3448 Ceterum
729 3399 803 3448 ctum
845 3393 1333 3463 oeidcrat,1uniusprcevidcre,Mo·

92 3460 153 3513 vide
170 3461 204 3514 ad
222 3475 250 3528 ν,
268 3469 311 3527 43,
329 3467 354 3515 2.
728 3462 786 3516 dius
813 3481 899 3516 emam
903 3465 1041 3532 providere
1051 3461 1331 3533 quodSnaktreditin

105 3531 155 3607 .i·.
170 3536 195 3582 4.
222 3530 297 3598 ferri
313 3531 439 3650 iuberentg
470 3531 570 3585 Plureli
587 3545 696 3584 numeru
729 3531 804 3584 Leid.
827 3531 961 3584 inventum
982 3547 1053 3594 esse,
1077 3530 1206 3602 simulque
1223 3530 1331 3584 Modius

93 3596 234 3674 houna.
252 3611 342 3649 omnes
359 3598 420 3676 exhi
441 3606 499 3666 ent,
521 3617 571 3654 nec
587 3599 637 3653 nisi
654 3616 696 3652 re·
728 3617 756 3654 se
773 3599 867 3654 adiecit
885 3599 1027 3654 secundum
1044 3599 1117 3653 Leid.
1136 3599 1237 3654 Vosal
1253 3603 1330 3652 Rern.

95 3671 212 3715 centrore
230 3671 317 3716 aetate
335 3665 376 3715 cdi
394 3674 517 3735 coeptum
534 3676 575 3720 est
591 3669 696 3721 iuberet.
730 3669 754 3720 Α
772 3667 842 3721 Flor.
862 3669 894 3720 A.

96 3731 164 3783 Cum
175 3739 302 3800 sequatur
314 3731 422 3801 pluralis
434 3737 614 3802 praecautus
632 3735 696 3786 illud
764 3736 979 3804 Cap.15,§.8.
1014 3736 1111 3787 doloris
1127 3736 1332 3804 maqnitudtnen

96 3798 248 3851 mandatum
266 3815 319 3851 non
336 3799 371 3851 ed
393 3817 473 3852 unum
490 3801 595 3855 videtur
675 3802 697 3854 i·
731 3805 835 3883 cupere]
863 3803 990 3855 Mendcse
1008 3802 1084 3856 codd.
1102 3801 1260 3872 integriores
1276 3821 1332 3856 mc-

96 3865 191 3920 nuisse.
218 3865 273 3919 Sed
281 3883 322 3919 res
342 3871 418 3920 cadet
436 3870 507 3938 quod
522 3878 562 3923 est
579 3870 606 3923 in
635 3871 697 3922 'bris
729 3873 892 3940 qnitudmem
918 3885 1035 3932 carere„
1053 3870 1134 3923 ceteri
1155 3873 1333 3940 moysitudicc

95 3933 277 4014 bonis(13eid.
322 3943 395 3988 ocal
416 3935 496 3988 Bem.
510 3943 535 3990 Α
552 3937 624 3991 Flor.
634 3938 698 4004 AB)
733 3955 830 3991 carere.
874 3937 930 3990 Sed
955 3945 1018 4018 post
1042 3955 1092 4058 pro
1126 3943 1195 4009 vulg.
1221 3941 1332 3992 retinere

95 4021 149 4057 non
166 4019 273 4072 recipio,
292 4020 351 4056 cum
368 4011 605 4075 etsequaturmox
622 4021 698 4075 pree·
731 4015 759 4058 et
775 4023 836 4058 usus
854 4021 979 4059 sermome
1002 4014 1029 4059 ct
1056 4005 1172 4060 'brorum
1189 4024 1250 4060 mss.
1268 4007 1332 4060 fides

96 4072 215 4136 teritum,
238 4079 266 4123 et
282 4071 365 4152 ipsum
383 4081 489 4142 tempus
509 4089 633 4145 praesens
650 4072 698 4126 mi·
794 4073 851 4126 ulat
867 4081 897 4127 ut
915 4084 999 4126 tenere
1021 4073 1156 4128 scribetur.
1190 4073 1332 4128 Modiuse

95 4159 145 4194 nus
163 4147 254 4210 aptum
270 4140 398 4193 videatur.
744 4140 806 4195 'bris
828 4159 890 4194 mss.
916 4142 1030 4195 conexit
1054 4141 1134 4195 etium
1160 4153 1259 4196 tantam
1284 4161 1332 4214 pro

130 4213 153 4278 ξ.
172 4216 196 4262 t.
225 4209 367 4278 providere
394 4211 446 4261 ium
472 4211 511 4280 re]
547 4209 620 4263 Libri
638 4227 698 4263 mss.
734 4221 823 4272 toturn,
845 4211 892 4262 sed
909 4209 946 4262 illi
965 4227 1023 4264 cum
1040 4211 1116 4282 pauci
1133 4211 1197 4273 sint,
1216 4212 1333 4280 (praeter

95 4286 122 4329 et
150 4277 267 4356 primum
302 4275 366 4329 editi
391 4279 516 4346 procide,
551 4278 621 4332 Flor.
649 4277 699 4332 CG
732 4277 814 4331 isius
830 4276 915 4332 Modii
932 4277 1069 4349 sigeberg.
1087 4296 1154 4332 unus
1172 4279 1245 4332 Flor.
1262 4279 1288 4331 A
1305 4290 1332 4331 et

91 4344 700 4484 ttttt·t‘¹..⁰tltt;ttttt²tlttt
732 4346 869 4469 mqeoqp
885 4345 1259 4469 titttttttttt
1274 4363 1331 4466 ‘ll'

99 4481 178 4533 Bern.
184 4479 216 4532 B.
232 4481 289 4534 Pal.
301 4490 322 4534 l.
345 4483 431 4536 Aldus
441 4482 560 4539 ediderat
567 4484 600 4538 de
611 4484 699 4538 conie-
732 4431 858 4554 poliunt.
