3238 5296
602 677 650 782 o.
688 618 917 774 censu
955 679 1110 766 eurr

831 887 880 940 DE

735 1044 986 1114 GESTIS

354 1263 961 1431 Annxnnnnr
1017 1263 1347 1385 sineru

639 1509 766 1564 REGIS
793 1508 1076 1566 MACEDONUM

739 1697 881 1764 LIBER
899 1699 963 1766 IX.

695 2176 1017 2240 ARGUMENTUM.

309 2383 351 2451 (1)
369 2381 520 2434 Alexander
543 2380 631 2448 (Μαίο
653 2397 737 2434 measse
759 2381 860 2432 ineunte
878 2396 904 2431 a.
922 2396 947 2432 a.
969 2377 1031 2432 Otr.
1049 2387 1104 2432 not.
1122 2381 1194 2450 326.)
1217 2379 1327 2435 victoria
1350 2382 1385 2435 de
1402 2381 1486 2439 Poro

239 2458 267 2514 in
283 2459 412 2513 ulteriore
429 2457 487 2527 ripa
503 2456 638 2528 Hydaspis
657 2458 745 2526 (hodie
763 2457 909 2520 Dachilum)
926 2463 1072 2526 reportata,
1094 2455 1192 2510 milites
1209 2475 1259 2528 pro
1277 2457 1404 2512 contione
1422 2460 1486 2513 lan-

241 2539 287 2590 dat
305 2534 435 2604 donisque
453 2543 544 2601 ornat,
572 2549 652 2586 naves
674 2531 702 2584 in
719 2533 848 2603 Hydaspe
871 2533 988 2587 construi
1012 2533 1102 2600 iubet,
1126 2535 1190 2588 duas
1214 2536 1294 2588 urbes
1315 2534 1344 2588 in
1363 2543 1485 2607 utraque

240 2614 298 2684 ripa
322 2611 461 2680 (Nicaeam
488 2619 517 2663 et
539 2608 729 2681 Bucephalam)
753 2607 851 2663 condit
888 2612 927 2676 (2)
957 2607 1027 2662 Tum
1048 2609 1121 2664 Poro
1150 2627 1227 2664 arune
1248 2619 1384 2682 superato,
1413 2617 1486 2682 (sire

240 2691 326 2744 Porus
343 2706 434 2742 nomen
447 2687 505 2758 fuit
521 2687 613 2756 repuli,
636 2703 767 2740 commune
784 2687 853 2738 illud
869 2687 970 2756 quidem
988 2705 1044 2740 cum
1063 2689 1144 2741 altem
1162 2689 1241 2756 Poro,
1260 2697 1283 2742 et
1305 2691 1392 2744 amnas
1410 2691 1486 2744 Ace·

238 2769 319 2836 sines,
339 2769 383 2838 qui
399 2783 468 2819 nunc
489 2764 591 2818 Chinob
609 2764 728 2832 vocatur)
746 2780 797 2833 per
814 2761 894 2816 silvas
912 2762 1035 2834 ingentes
1053 2781 1085 2818 ac
1101 2765 1207 2819 deserte
1224 2765 1259 2818 ad
1275 2765 1386 2818 flurium
1403 2767 1484 2838 Hya-

239 2845 319 2900 rotim
345 2843 400 2898 sive
421 2843 580 2913 Hydraoten
607 2841 697 2906 (lodie
723 2841 814 2910 Ruwi)
841 2849 974 2910 penetrat,
1000 2857 1086 2912 eoque
1112 2841 1234 2909 museto,
1262 2845 1304 2912 (3)
1326 2843 1361 2896 ad
1383 2845 1484 2900 urbem

239 2939 362 2994 magnam
380 2929 408 2974 et
424 2918 551 2973 munitum
569 2917 708 2989 (Sangala)
727 2917 809 2984 venit,
828 2916 900 2970 cuius
917 2915 1030 2984 incolae,
1049 2935 1107 2972 cum
1124 2916 1232 2972 fortiter
1249 2920 1376 2972 adversus
1385 2920 1483 2975 Mace-

160 3039 164 3048 .
239 3001 323 3053 dones
342 3001 376 3052 de
392 2996 520 3052 vehiculis
545 2996 614 3050 inter
635 3009 664 3050 se
686 2993 780 3050 iunctis
805 3003 984 3065 pugnassent,
1011 2994 1074 3048 inde
1098 2991 1201 3064 depulsi
1224 2994 1294 3049 intra
1317 2997 1425 3052 moenia
1450 3017 1482 3053 se

238 3076 376 3148 recipiunt.
411 3076 512 3128 Verum
529 3074 592 3127 urbs
611 3089 717 3144 quoque
735 3071 762 3124 ri
779 3081 955 3143 expugnatur.
991 3075 1032 3142 (4)
1056 3070 1148 3141 Copiis
1174 3071 1264 3126 divisis
1286 3071 1362 3144 regio
1388 3084 1482 3128 vesun-

238 3161 295 3222 tur,
319 3152 474 3206 Alexander
495 3151 552 3221 ipse
570 3148 648 3202 aliam
666 3149 772 3217 urbem,
800 3150 834 3202 ab
858 3149 952 3203 incolis
974 3145 1044 3201 inter
1065 3163 1093 3200 se
1118 3147 1308 3203 dissidentibus
1331 3151 1481 3221 proditam,

239 3229 319 3300 capit,
338 3237 366 3283 et
384 3227 522 3282 obsidibus
541 3226 687 3279 clementer
704 3225 830 3294 tractatis,
848 3226 979 3280 barbaros
997 3225 1149 3290 (Gallaecos)
1166 3235 1321 3297 permovet,
1339 3235 1370 3280 ut
1386 3237 1483 3283 cetera

239 3307 339 3377 oppida
362 3306 470 3358 dedant
506 3307 545 3367 (5)
577 3303 643 3356 Inde
672 3301 700 3354 in
722 3319 833 3372 regnum
855 3301 975 3372 Sopithis
998 3300 1171 3370 (Σωπείθην
1193 3306 1310 3373 appellnt
1330 3306 1480 3372 Diodorum)

238 3381 322 3449 venit,
351 3381 423 3435 cuius
449 3378 535 3449 gentis
566 3377 697 3449 sapientia
726 3379 880 3432 excellentis
911 3376 1032 3432 instituta
1062 3388 1311 3433 commemorantur.
1356 3381 1480 3454 Regulus

239 3457 377 3530 magnifice
394 3463 502 3508 ornatus
521 3453 677 3507 Alexandro
697 3453 819 3518 occurrit,
838 3474 866 3508 sc
884 3464 1045 3527 gentemque
1063 3473 1137 3508 susan
1154 3457 1257 3510 dedens
1275 3466 1303 3512 et
1321 3459 1393 3514 dona
1411 3461 1480 3514 offc-

238 3553 308 3600 rens,
335 3537 376 3601 (t)
395 3533 464 3585 inter
482 3549 549 3601 quae
567 3539 596 3584 ct
613 3545 691 3584 canes
709 3531 829 3600 luerunt,
854 3551 966 3604 quorum
984 3531 1145 3585 admirabilis
1167 3531 1250 3586 virtus
1273 3535 1308 3588 ad
1324 3539 1481 3592 venandum

238 3609 405 3666 describitur.
439 3607 545 3663 Relicto
564 3607 678 3679 Sopithe
703 3609 737 3660 ad
755 3608 896 3680 Hyphasin
918 3627 1034 3677 amnem,
1062 3608 1181 3662 ultimum
1203 3626 1238 3664 ex
1260 3609 1291 3664 iis
1313 3612 1359 3683 qui
1381 3616 1481 3670 Indum

240 3696 351 3758 augent,
378 3700 475 3758 agmen
493 3685 627 3756 procedit3
638 3734 642 3743 ,
653 3686 742 3754 (hodie
759 3689 812 3740 sice
830 3689 921 3757 Beyait
938 3690 991 3740 siae
1009 3689 1133 3741 Setlstsch
1151 3698 1271 3754 matur,
1292 3693 1481 3761 utriuscunque

238 3767 322 3818 amnis
341 3781 446 3831 nomen,
470 3765 611 3818 coniunctis
629 3765 719 3833 aquis,
742 3766 857 3818 evincere
873 3766 994 3830 volume)
1011 3763 1135 3834 Phegeus
1158 3765 1266 3835 regulus
1283 3765 1392 3820 vintoris
1412 3769 1478 3822 fidei

240 3857 299 3894 sese
315 3839 455 3910 permittit.
492 3846 532 3907 (7)
551 3839 706 3894 Alexander
723 3858 782 3894 cum
795 3849 823 3894 et
836 3843 905 3896 hunc
923 3857 1027 3894 amnem
1044 3839 1167 3894 traiicere
1185 3851 1302 3912 pararet,
1321 3843 1481 3916 exPhegeo

242 3925 270 3970 et
286 3917 358 3970 Poro
378 3915 516 3986 cognoscit
539 3918 571 3970 de
595 3915 745 3985 ingentibus
768 3917 850 3988 copiis
869 3917 1080 3988 Gangaridarum
1104 3926 1133 3972 et
1154 3917 1322 3987 Prasiorum,
1351 3921 1385 3974 ad
1409 3939 1479 3993 quos

244 4010 294 4065 per
312 3993 468 4046 solitudines
486 3993 607 4048 undecim
625 3986 730 4048 dianam
750 3993 846 4048 itinere
867 4004 1044 4064 perventurus
1062 4003 1147 4062 esset,
1175 3997 1263 4066 deque
1284 4015 1349 4068 rege
1371 3998 1482 4053 illorum

243 4073 394 4142 Agramme.
428 4073 522 4140 Itaque
539 4071 675 4141 perpensis
693 4070 732 4124 rei
751 4071 963 4140 difficultatibus,
989 4089 1047 4126 cum
1065 4071 1212 4140 dubitaret,
1231 4091 1294 4128 num
1311 4075 1481 4130 Macedones

239 4148 325 4218 ipsum
343 4145 457 4200 secuturi
475 4156 579 4215 essent,
608 4151 649 4217 (8)
674 4147 800 4201 contione
823 4149 965 4215 advocatu,
993 4147 1099 4203 elevare
1120 4151 1224 4218 studet,
1252 4167 1321 4220 quae
1344 4151 1378 4204 ab
1403 4151 1482 4206 Indis

238 4224 336 4278 iactata
355 4230 440 4289 erant,
459 4223 552 4276 falsam
569 4223 726 4294 plerumque
744 4226 841 4277 famam
859 4241 918 4278 esse
936 4225 1045 4292 docens,
1064 4229 1106 4294 (9)
1125 4244 1175 4281 nec
1192 4225 1214 4280 si
1232 4245 1296 4280 vera
1313 4226 1359 4280 illa
1376 4228 1481 4296 forent,

240 4301 368 4365 timenda,
397 4298 521 4371 quoniam
545 4300 608 4354 olim
630 4309 658 4356 ot
681 4300 837 4370 elephantos
859 4310 887 4354 et
908 4301 1029 4371 peditum
1050 4302 1220 4374 equitumque
1241 4304 1368 4358 maximas
1386 4306 1483 4376 copias

239 4376 317 4432 facile
336 4375 455 4430 vicerint.
490 4378 548 4446 (10)
568 4378 636 4432 Orat
654 4378 781 4448 denique,
810 4386 841 4430 ut
862 4395 920 4432 cum
943 4379 978 4430 ad
999 4379 1079 4431 finem
1103 4387 1192 4432 terrae
1209 4388 1238 4433 et
1256 4381 1394 4436 Oceanum
1417 4399 1485 4452 per·-

239 4453 373 4521 venen'nt,
401 4453 471 4506 hunc
498 4452 618 4508 ultimum
643 4454 762 4508 laborem
789 4471 823 4507 no
850 4454 988 4522 omittant,
1015 4471 1084 4508 neve
1107 4471 1136 4509 se
1160 4456 1293 4511 deserant
1329 4458 1390 4528 (11)
1411 4457 1485 4515 eum
