3270 5290
228 363 301 448 198
698 393 732 456 o.
761 389 885 444 aurern
909 391 994 444 narr

225 573 426 670 videbatur,
452 577 677 655 subiecerant
703 577 869 669 aedibus,
896 585 938 651 ut
964 601 1045 652 cum
1071 575 1145 650 suis
1169 575 1244 650 vivi
1271 599 1467 650 cremaren-

226 700 295 764 tur.
348 687 510 766 Tandem
544 693 617 766 suis
647 715 715 766 rex
747 689 955 789 corporibus
982 698 1019 764 et
1045 689 1144 764 cultu
1168 687 1381 762 feminarum
1407 687 1501 760 sab-s

226 803 358 877 stinere
392 803 504 877 iussit.
569 802 699 903 Ingens
735 803 898 901 captivae
931 801 1104 902 pecuniae
1138 797 1266 872 modus
1301 797 1467 888 traditur,

227 940 340 1015 prope
365 923 408 988 ut
431 913 540 988 fidem
566 915 727 989 excedat
777 911 944 988 Ceterum
970 922 1034 986 aut
1061 914 1105 987 de
1132 911 1208 985 aliis
1235 935 1377 1010 quoque
1404 909 1501 983 du·s

226 1027 436 1117 bitnbimus,
469 1037 533 1099 aut
565 1026 768 1118 credemuS,
793 1026 831 1099 in
861 1026 966 1099 huius
1002 1025 1100 1100 urbis
1131 1023 1354 1122 ganafirisse
1382 1031 1469 1096 cet

227 1163 281 1213 xx
306 1138 403 1212 milia
427 1138 619 1211 talentum:
647 1138 694 1211 nd
721 1163 812 1236 quae
837 1136 1004 1211 vehenda
1029 1137 1197 1237 (namque
1211 1133 1259 1207 ad
1272 1158 1357 1209 usus
1384 1134 1468 1208 belli

228 1275 350 1323 seeum
381 1259 526 1348 portare
559 1247 782 1348 decreverat)
817 1251 976 1324 iumenta
1007 1261 1045 1323 et
1075 1248 1229 1322 camelos
1256 1271 1278 1319 a
1304 1244 1404 1321 Susis
1431 1255 1470 1319 et

226 1360 412 1460 Babylone
438 1361 601 1435 contrahi
624 1363 736 1436 iussit.
776 1360 970 1445 Accessere
989 1360 1036 1434 ad
1058 1361 1150 1434 hanc
1176 1359 1347 1458 pecuniae
1374 1377 1520 1430 sum-10

228 1501 334 1567 mam,
361 1473 474 1573 captis
500 1471 724 1572 Parsagadis,
750 1497 816 1547 sex
841 1473 938 1547 milia
963 1473 1147 1546 talentum.
1202 1467 1317 1571 Cyrus
1344 1468 1468 1542 Persa·

265 1636 288 1702 ς.
316 1638 339 1687 8.
378 1633 435 1687 auis
461 1650 508 1686 rea
534 1633 686 1702 corporibus
714 1641 738 1686 et
765 1635 835 1687 cultu
904 1636 927 1702 ξ.
946 1641 971 1688 t.
1006 1643 1051 1686 out
1070 1631 1244 1686 dubitabimus
1262 1639 1308 1683 aut
1325 1629 1468 1696 credemus]

222 1703 388 1774 feninorum
410 1703 541 1756 abstinere
561 1703 651 1773 iussit]
687 1700 778 1755 Genus
794 1701 834 1754 di·
869 1701 966 1773 Reoepi
977 1700 1089 1756 Acidalii
1105 1698 1314 1754 emendationem
1328 1715 1380 1780 pro
1397 1696 1470 1766 vulg.

229 1768 833 1842 cendiinsolitum(uiuurprsdtiuxvn,
868 1771 1000 1842 scriptura
1025 1771 1173 1824 dubitamus
1200 1799 1236 1811 —-
1261 1771 1390 1822 credamus
1412 1783 1471 1820 eam

229 1843 329 1912 tmt)
347 1841 393 1894 sed
411 1839 483 1910 quod
501 1847 595 1894 eontra
611 1838 737 1894 librorum
755 1839 833 1894 fidem
868 1842 903 1895 ob
921 1857 1039 1906 oausam,
1066 1839 1138 1910 quod
1160 1837 1188 1890 in
1205 1833 1311 1908 optimis
1328 1834 1401 1888 libris
1418 1833 1471 1887 sal·

228 1919 332 1964 mutam
350 1927 403 1964 non
420 1908 513 1976 ausim,
530 1907 611 1962 immo
629 1909 701 1989 quod
716 1926 751 1962 aa
763 1909 833 1990 opti·
867 1917 922 1962 tem
940 1910 1114 1962 dubitavimus
1131 1906 1230 1977 legitur
1245 1921 1277 1960 so
1297 1921 1388 1960 sanam
1404 1901 1472 1956 illud

228 1977 277 2032 mis
294 1977 341 2032 lib.
358 1993 389 2046 x,
407 1984 450 2041 25.
468 1985 485 2030 t
502 1994 573 2031 nuno
588 1977 694 2032 restrtui
702 1979 832 2032 Perdicca
867 1976 943 2032 unice
960 1977 1087 2048 postulat.
1119 1976 1226 2030 Modiua
1243 1975 1418 2028 dubitabimus
1436 2003 1471 2012 -

228 2049 340 2118 pueris
358 2064 435 2118 equos
448 2047 527 2100 iussit
540 2050 718 2100 conscendere.
744 2045 834 2101 Possis
867 2047 997 2101 credimus
1016 2045 1117 2106 edidis.

229 2115 336 2188 quidem
358 2127 389 2170 ιιι
410 2115 496 2169 altero
510 2115 569 2169 loeo
581 2133 680 2185 panos
699 2115 779 2186 vulgo
795 2116 833 2169 le·
905 2117 972 2169 Oet
995 2115 1053 2170 XX
1075 2116 1151 2168 milia
1177 2115 1302 2168 toleratum
1359 2109 1472 2165 Correxi

250 2183 311 2249 tur,
330 2183 367 2237 sio
383 2183 410 2236 h.
427 2183 445 2240 l.
466 2183 597 2254 corrigere
614 2201 690 2251 suos,
704 2193 789 2256 ,aulus
805 2183 834 2238 id
868 2201 929 2237 cum
946 2183 1066 2238 Acidalio
1084 2185 1223 2248 talentum,
1245 2200 1281 2254 qu
1333 2179 1412 2247 vulgo
1430 2187 1472 2232 est

230 2202 329 2306 bailius
351 2250 554 2306 existimaverim
577 2269 656 2322 quarn
675 2255 746 2324 quod
764 2253 833 2307 Gro-
867 2255 973 2307 talarno.
1008 2251 1120 2323 Legitur
1144 2251 1250 2332 quidem
1275 2251 1325 2305 hoc
1349 2249 1378 2303 in
1400 2247 1472 2302 codi-

230 2320 324 2400 novius
345 2319 399 2373 ιι.
425 2319 510 2374 voluit
520 2360 537 2399 ,ο
549 2331 582 2402 ut
603 2323 659 2402 suis
682 2324 832 2402 camoribus
867 2321 939 2376 cibus
965 2321 1062 2402 nostris
1089 2321 1223 2401 ammiras,
1250 2320 1296 2373 sed
1326 2317 1353 2372 in
1379 2315 1472 2398 iisdem

230 2406 334 2538 titt
353 2397 439 2537 nii}
454 2388 834 2530 atttlss-Ptnttttttz
867 2392 1262 2530 :istilattttt'ss'tt
1270 2387 1354 2510 ἰἓῗιῖ
1370 2384 1472 2508 litt

230 2527 291 2579 dem
308 2525 361 2578 drer
378 2525 475 2579 Latine
495 2543 549 2580 non
570 2526 712 2596 probavit,
739 2544 784 2595 ao,
811 2526 833 2580 si
865 2527 902 2581 sd
919 2526 1045 2597 seriptum
1062 2544 1200 2580 numerum
1221 2525 1294 2579 vocis
1316 2541 1404 2602 ossum
1426 2541 1470 2577 ao-

230 2595 384 2666 probasset‚
410 2593 548 2649 oollooatio
572 2603 662 2649 tunen
692 2597 833 2650 verborum
868 2597 1033 2651 eommodare
1050 2593 1194 2666 potuerint
1213 2593 1253 2649 Cf.
1271 2595 1306 2648 sd
1323 2607 1364 2660 rr,
1373 2597 1469 2659 44,12.

230 2682 284 2719 non
309 2662 476 2731 admitteret,
507 2663 621 2736 deniquo
651 2681 684 2718 ne
709 2665 833 2720 historiae
866 2664 937 2718 Nam
955 2681 1014 2719 cum
1031 2666 1135 2718 milibus
1152 2682 1206 2718 non
1223 2662 1346 2734 coniungi
1361 2660 1411 2716 rriai
1424 2677 1470 2732 ge·

230 2731 336 2855 guidem
353 2731 417 2786 fides
440 2741 603 2800 mutaretur,
627 2732 751 2804 quoniam
768 2733 833 2788 Dio·
867 2733 978 2788 nitivunr
999 2741 1117 2800 constat,
1162 2742 1328 2804 raeterquam
1344 2729 1391 2784 ubi
1408 2746 1470 2784 oen·

249 2819 310 2856 orus
332 2799 401 2856 viros
424 2818 514 2856 omnes
532 2800 686 2857 interfectos
703 2819 760 2857 esee
777 2812 833 2856 tra·
866 2801 961 2857 tanarii
978 2801 1080 2856 numeri
1097 2821 1114 2856 a
1132 2801 1271 2874 p'snntur.

231 2869 279 2925 dit.
316 2869 462 2924 Serventur
479 2869 561 2941 igitur
578 2871 644 2925 haec
660 2871 735 2942 quasi
752 2873 832 2927 doou-
901 2889 919 2925 a
938 2873 1016 2925 Susis
1034 2882 1058 2925 ct
1075 2821 1209 2942 Babylone
1239 2869 1283 2924 Sic
1300 2867 1380 2923 Bern.
1398 2868 1425 2922 A
1441 2875 1471 2922 et

229 2947 320 2993 menta
342 2939 407 2992 nibil
428 2957 486 2993 non·
500 2939 528 2993 in
545 2940 740 2994 constructione
757 2941 833 2995 huius
964 2939 1065 3008 editur,
1088 2940 1134 2994 sed
1157 2940 1205 2994 eod

229 3007 305 3062 verbi
341 3007 433 3076 licere,
479 3026 541 3062 nam
571 3008 721 3064 Priscianus
761 3021 834 3064 certe
868 3018 896 3063 et
938 3027 994 3063 ern.
1015 3007 1082 3063 Bet
1104 3027 1121 3062 a
1145 3009 1223 3062 Susis
1246 3017 1270 3061 et
1292 3007 1375 3068 Bab..
1402 3023 1471 3059 unna

229 3076 297 3132 libro
314 3089 369 3130 xrv
385 3095 411 3150 p.
426 3075 612 3133 1181Putsoh.
633 3077 736 3132 dicendi
753 3078 834 3133 ratio·
867 3077 939 3132 Flor.
957 3079 985 3132 H
1008 3087 1031 3131 ct
1053 3095 1071 3132 u
1088 3079 1145 3130 suis
1164 3086 1187 3129 ct
1204 3095 1221 3129 a
1239 3076 1323 3142 Bau,
1350 3073 1421 3128 Flor.
1447 3073 1469 3129 C

229 3163 290 3200 nem
311 3147 384 3200 iubeo
407 3147 455 3199 tibi
476 3163 581 3200 currem
597 3153 626 3200 et
643 3149 716 3201 iubeo
734 3158 758 3200 te
775 3165 835 3201 cur·
868 3165 926 3201 cum
944 3165 961 3200 a
979 3148 1057 3202 Susis
1075 3163 1131 3200 cama
1150 3163 1167 3198 a
1185 3145 1337 3210 Bubitonia‚
1354 3143 1427 3197 Flor.
1445 3143 1471 3197 E

230 3232 289 3268 rara
315 3213 343 3267 in
365 3215 459 3268 eodem
476 3231 585 3268 numero
602 3214 712 3270 videtur
728 3217 834 3270 habere.
869 3233 886 3268 u
905 3217 983 3270 Susis
1001 3225 1025 3269 et
1047 3233 1064 3268 a
1086 3215 1233 3268 Babiltonc.
1267 3213 1362 3335 Italae
1383 3211 1471 3266 neseio

229 3282 328 3336 Editur
354 3283 434 3336 etiam
456 3284 527 3353 apud
546 3283 756 3367 Ciceronemnad
774 3287 834 3338 nu.
868 3303 932 3338 num
958 3299 1020 3338 vere
1045 3281 1186 3365 tradiderit
1209 3281 1316 3336 Snalran
1337 3322 1346 3362 ·.
1366 3281 1394 3334 in
1418 3279 1471 3334 suis

229 3352 833 3491 ttrttatttttttttttzrtttitttt
867 3352 1303 3492 strunzlt'nltdttt
1321 3357 1472 3490 sitiit&

230 3505 276 3541 nes
293 3489 422 3539 reuerti.
440 3485 494 3540 Sed
512 3486 583 3541 locus
600 3488 669 3541 Livii
685 3503 780 3556 xxvn,
801 3495 832 3544 1o
867 3489 895 3544 in
912 3489 1046 3544 Modiana.

230 3556 331 3610 Fabius
366 3556 589 3626 interroganti
615 3559 745 3611 scribac
771 3559 835 3628 quid
902 3561 925 3640 ᾖ.
947 3565 985 3612 10.
1022 3561 1106 3628 captis
1124 3558 1299 3628 Parsagadis]
1336 3555 1422 3612 Godd.
1443 3554 1472 3609 in

227 3625 289 3689 ficri
305 3625 391 3693 signis
410 3626 482 3678 uella
498 3627 625 3694 (ingentis
642 3627 833 3696 magnitudinis
868 3627 1007 3682 scribendo
1023 3628 1073 3682 hoc
1090 3625 1196 3680 nomine
1217 3626 1333 3680 variant:
1354 3624 1471 3695 integer·

231 3695 271 3748 dii
287 3702 363 3759 sunt,
387 3711 434 3746 suo
452 3695 665 3776 quinquatribus
683 3697 712 3748 in
729 3699 832 3750 modum
866 3696 926 3752 rimi
943 3695 1027 3750 nostri
1050 3703 1079 3750 et
1096 3693 1292 3776 snakenburgii
1314 3693 1351 3748 sio
1366 3703 1399 3747 ut
1416 3692 1472 3746 edi·

224 3763 402 3832 puyunutium
410 3766 538 3846 jorsunu)
558 3767 618 3818 deos
636 3766 720 3819 iratos
733 3765 833 3819 Taren-
867 3774 912 3820 tur
928 3773 957 3818 et
975 3764 1084 3819 anobis
1102 3773 1130 3818 et
1151 3781 1168 3818 a
1189 3773 1298 3831 catena,
1325 3761 1420 3833 reliqui
1443 3769 1472 3815 et

230 3831 294 3884 tinia
317 3831 431 3901 relinqui
457 3833 535 3886 iussit
564 3832 593 3886 in
622 3834 693 3889 hunc
726 3850 833 3889 oenaum
867 3832 951 3889 nostri
986 3833 1072 3887 uidem
1090 3832 1161 3887 Flor.
1171 3831 1283 3888 GDEFI
1292 3833 1471 3900 Parsagadis,

230 3915 284 3980 non
301 3897 495 3979 venitztoratio
521 3899 721 3960 duaaiiovdoc
746 3913 788 3957 est
804 3911 833 3973 et
867 3902 954 3958 nullus
996 3904 1155 3973 narrandis,
1175 3919 1243 3972 qnae
1261 3901 1346 3956 forma
1363 3898 1472 3954 Graecis

230 3969 332 4021 dativus
349 3975 449 4038 positus
470 3988 519 4041 pro
536 3971 652 4026 ablativo
670 3971 799 4026 absoluto.
870 3972 976 4044 quidem
1001 3971 1100 4025 usitata
1126 3979 1185 4038 ast,
1211 3970 1270 4038 sed,
1297 3979 1328 4023 ut
1351 3968 1471 4022 Freinslr.

264 4037 383 4106 capuana
394 4041 525 4105 pecuniae
541 4043 643 4109 modin]
666 4041 726 4095 Hoo
742 4040 835 4095 ordine
868 4049 931 4113 apte
961 4042 1056 4107 docet,
1094 4038 1289 4111 permutatione
1323 4036 1473 4092 litterarum

1226 2939 1321 2994 .Flor.
1350 2936 1471 3008 plerique

230 4105 312 4160 verbs
337 4103 366 4157 in
389 4105 486 4160 nostris
509 4108 642 4163 oodioibus
659 4109 779 4180 omuibus
797 4109 834 4162 le·
868 4118 935 4165 orta.
972 4109 1052 4174 Quod
1074 4107 1154 4180 paulo
1173 4107 1356 4230 mdefflm
1374 4107 1472 4160 Persa-

230 4183 346 4246 guntur,
373 4181 405 4226 ul
430 4191 569 4246 operam
587 4193 703 4232 errorem
720 4177 834 4233 arbitrer
865 4181 966 4250 gadum
984 4177 1157 4240 artemisiae
1307 4173 1471 4229 Leidssern.

232 4242 304 4314 qnod
321 4241 455 4297 snakenb.
477 4245 505 4298 in
527 4244 580 4300 suis
601 4263 630 4300 se
647 4255 740 4317 captae
753 4245 833 4316 pecu·
867 4248 894 4302 A
917 4246 988 4301 Flor.
1012 4245 1139 4316 AODFI)
1172 4263 1221 4316 pro
1280 4247 1473 4314 aeneadarum

232 4314 293 4366 uiae
323 4309 453 4364 invenisse
477 4313 558 4369 dicat.
601 4315 682 4369 Certe
704 4319 834 4386 captiuum
868 4316 967 4371 dictum
984 4323 1050 4388 puta
1066 4323 1214 4369 ceterorum
1231 4312 1369 4385 gentilium
1387 4311 1473 4366 nomi·

233 4397 325 4434 aurum
351 4397 368 4432 a
415 4389 557 4455 utumque,
584 4386 687 4455 captiua
712 4386 833 4457 meanis,
869 4403 931 4439 num
944 4401 1019 4440 more
1036 4401 1067 4438 ao
1082 4380 1473 4454 mtione‚nequisoumSolrel·

233 4450 267 4505 sl.
293 4448 363 4530 apud
415 4449 496 4505 ivium
520 4453 673 4524 frequamm
695 4453 835 4528 leguntur3
869 4453 925 4508 lero
950 4453 977 4507 in
1000 4452 1051 4505 lex.
1078 4451 1209 4534 singulare
1234 4467 1330 4506 noman
1356 4448 1474 4504 neutrius

233 4519 267 4576 as.
285 4527 365 4572 ettam
383 4527 464 4574 nostr.
482 4535 552 4593 vm,
571 4528 613 4578 ιι,
870 4522 974 4595 generis
990 4520 1052 4578 inde
1068 4520 1173 4576 effinse
1201 4519 1256 4577 sed
1272 4521 1365 4578 urbem
1381 4525 1474 4603 utnnn
