3238 5296
482 435 532 484 os
559 433 685 486 casrrs
711 431 821 484 anax.
847 433 925 502 vm,
942 429 986 483 45.

117 617 281 710 modnm;
321 618 385 692 sed
418 617 505 691 dum
535 618 827 717 supervenientes
867 617 1099 716 contemptim
1131 626 1167 691 et
1200 621 1354 720 superbe

118 756 258 828 quoque
291 739 515 829 expectant,·
535 729 766 804 circumventi
800 730 845 802 ab
873 729 946 820 his,
980 730 1039 826 qui
1072 732 1200 804 occulti
1227 757 1370 820 enare,

67 863 98 910 rc
118 852 210 934 rant,
237 846 374 916 eminus
401 841 520 915 obruti
545 842 626 916 telis
653 850 747 914 sunt.
801 837 870 929 Qui
897 840 1097 938 effugerant
1122 841 1265 916 hostem
1291 856 1355 918 aut

116 955 253 1053 impetu
279 954 392 1027 amnis
419 952 529 1025 ablati
556 963 655 1044 sunt,
683 961 747 1025 aut
770 952 963 1026 verticibus
988 952 1156 1050 impliciti.

219 1064 343 1164 anue
368 1073 491 1163 pugna
515 1067 667 1138 multum
682 1061 766 1136 Pori
791 1063 958 1137 fiduciam
976 1063 1100 1154 erexit,
1127 1076 1256 1140 cuncta
1282 1071 1404 1142 cer-46

67 1197 98 1242 1⁷
117 1177 235 1251 nentis
262 1204 282 1250 e
308 1179 395 1276 ripa.
447 1175 664 1264 Alexander,
691 1175 794 1272 inops
818 1176 963 1266 consilii,
990 1174 1136 1249 tandem
1163 1177 1210 1250 ad
1235 1180 1355 1252 fallen·

118 1287 205 1361 dum
230 1290 371 1363 hostem
397 1288 505 1361 talem
532 1285 654 1360 dolum
680 1283 842 1358 intendit.
894 1285 982 1359 Erat
1008 1286 1125 1360 insula
1150 1289 1188 1362 in
1211 1289 1356 1363 flumine

118 1400 269 1498 amplior
304 1401 450 1491 ceteris,
486 1398 660 1471 silvestris
687 1394 813 1469 eadem
847 1409 884 1471 et
909 1398 1073 1495 tegendis
1099 1399 1234 1473 insidiis
1261 1413 1356 1498 apta

118 1509 230 1584 Fossa
256 1537 397 1610 quoque
415 1512 576 1609 praealta
601 1505 698 1581 haud
715 1510 840 1607 procul
859 1510 946 1607 ripa,
974 1536 1080 1607 quam
1098 1513 1245 1585 tenebat
1269 1512 1356 1610 ipse,

118 1647 191 1696 non
216 1622 355 1720 pedites
381 1621 500 1714 modo,
526 1619 590 1694 sed
617 1619 724 1693 etiam
751 1647 834 1693 cum
862 1623 961 1718 equis
987 1623 1084 1695 viros
1110 1614 1254 1720 poterat
1280 1623 1359 1696 abs·

67 1749 100 1798 18
119 1731 282 1806 condere.
334 1733 448 1834 Igitur
474 1744 515 1807 ut
553 1759 576 1806 a
602 1729 765 1814 custodia
795 1719 900 1807 liuius
928 1735 1206 1832 opportunitatis
1233 1736 1355 1808 oculos

119 1845 275 1920 hostium
301 1857 496 1940 averteret,
532 1845 777 1918 Ptolemaeum
803 1845 969 1919 omnibus
996 1845 1122 1918 turmis
1149 1845 1356 1943 obequitare

118 1957 221 2031 iussit
241 1960 366 2057 procul
391 1959 517 2050 insula,
544 1967 581 2031 et
607 1954 758 2030 subinde
775 1953 884 2029 Indos
912 1957 1066 2030 clamore
1084 1965 1228 2048 terrere,
1256 1959 1357 2055 quasi

9 2109 10 2124 1
68 2087 101 2136 19
119 2069 253 2144 flumen
278 2079 529 2144 transnaturus
555 2072 657 2144 foret
702 2066 773 2140 Per
803 2068 1004 2166 complures
1031 2067 1107 2141 dies
1130 2067 1357 2142 Ptolemaeus

9 2195 10 2202 ’
99 2176 157 2251 ¹id
182 2180 276 2272 fecit,
303 2205 415 2278 eoque
430 2181 577 2254 consilio
591 2180 726 2254 Porum
752 2203 893 2275 quoque
919 2203 1048 2277 agmen
1074 2205 1179 2253 snum
1205 2180 1237 2252 ei
1253 2180 1356 2278 parti,

119 2354 147 2399 et
173 2345 301 2400 editiones
332 2353 434 2401 veteres
461 2350 591 2402 teneritas
617 2347 720 2417 inseiis.
758 2344 861 2400 silentio
876 2345 1090 2401 Florentinorum
1107 2345 1233 2400 librorum
1256 2347 1357 2402 accedit

9 2455 10 2462 .
120 2415 174 2468 Sed
192 2415 325 2469 Raderum
343 2415 437 2483 laudo,
457 2417 528 2496 quod
546 2431 582 2470 ex
599 2416 722 2469 emenda-
757 2432 807 2486 pro
826 2415 910 2474 forma
927 2425 1015 2468 vertes
1032 2415 1113 2469 Bem.
1130 2421 1156 2469 A
1174 2415 1325 2470 auctoritas.

8 2537 9 2552 χ
119 2483 186 2537 tiore
199 2484 299 2548 adei
318 2493 347 2538 ut
358 2484 415 2556 ipse
427 2484 499 2552 dicit,
518 2485 634 2540 restituit
639 2487 722 2556 felix.
793 2484 973 2556 Cap.46.Pori
972 2486 1115 2552 fiduciam]
1135 2484 1223 2556 Vulgo
1231 2486 1275 2540 rid.
1285 2486 1360 2552 Pori,

8 2569 9 2578 ¹
118 2551 188 2605 Nam
205 2551 303 2607 infelici
321 2553 465 2608 temeritati
477 2555 571 2608 modus
588 2572 641 2608 non
658 2571 723 2625 opus
757 2571 806 2606 nos
815 2569 969 2607 consensum
982 2552 1108 2606 librorum
1121 2552 1358 2625 nrss.sequimur‚s

8 2683 9 2688 η
118 2629 173 2687 est,
191 2638 279 2692 neque
296 2631 386 2703 potest
407 2622 497 2677 infelix
519 2624 564 2678 ills
589 2631 723 2744 temqluam
756 2640 810 2694 quo
827 2629 926 2676 temere
943 2621 1062 2676 abierant
1078 2620 1215 2680 editores„

118 2699 248 2761 perpetuo
266 2692 385 2762 epitheto
403 2691 500 2747 vocari.
528 2691 582 2746 Sed
599 2691 644 2762 qui
671 2691 722 2744 ibri
792 2693 815 2760 ξ.
843 2696 883 2744 18.
924 2691 1041 2744 omnibns
1072 2694 1164 2744 tumis
1200 2692 1357 2761 obequitare]

112 2759 185 2828 selis
206 2759 316 2828 liabent,
344 2760 414 2814 Flor.
436 2759 514 2824 DFl,
541 2760 620 2815 iidem
643 2761 721 2814 etiam
757 2759 942 2829 Corruperunt
960 2757 1077 2811 editores
1095 2757 1222 2812 sermonis
1243 2759 1362 2830 proprie·

119 2829 268 2898 inuenisset,
286 2829 358 2900 quod
376 2846 429 2882 non
447 2828 557 2902 accipio.
756 2835 839 2880 tatem
870 2827 941 2896 quod
971 2825 1192 2898 praepositionem
1214 2845 1271 2880 cum
1289 2827 1361 2880 adie-

757 2901 863 2950 cerunt:
903 2913 959 2948 cum
996 2895 1112 2948 omnibus
1139 2897 1239 2948 tunnis.
1292 2895 1362 2948 Sim·

149 2931 329 3002 obtin-qui
346 2933 440 2985 occulti
454 2932 605 3000 maumam]
633 2929 724 3050 Vulfip
757 2963 821 3034 plu
846 2962 916 3016 enim
937 2961 1066 3016 ablativus
1089 2963 1241 3033 fmquenoel.
1266 2965 1299 3017 ab
1321 2963 1360 3016 hi,

119 2999 522 3138 {latratibus
543 3015 724 3120 ”ttt‘ttn
758 3031 1046 3154 gggpggaefflhpggpp
1076 3033 1361 3166 pppepeupug

120 3143 224 3206 praeter
241 3135 310 3190 Flor.
330 3137 366 3205 H,
384 3137 412 3191 in
430 3139 480 3192 lroc
497 3135 607 3208 primam
625 3142 653 3187 et
671 3141 725 3188 ter-

120 3202 185 3257 tiam
202 3213 300 3258 mmm
317 3205 464 3274 librorum²
492 3204 615 3277 quoniam
634 3212 724 3256 mata·
759 3168 891 3224 communi
900 3168 993 3238 regule
1000 3168 1212 3249 praepositiones
1224 3169 1362 3249 ponendae

122 3284 212 3328 veram
238 3291 290 3327 non
320 3283 362 3329 est
387 3273 437 3328 nisi
467 3279 496 3327 in
521 3273 594 3327 Flor.
623 3270 723 3327 DFGI.
758 3245 839 3360 {2¹¹2
847 3245 968 3360 “affl
970 3247 1093 3360 dllffiu
1094 3237 1288 3387 81ῃάἔέωὲωὲ
1296 3242 1363 3375 (sill

759 3385 807 3428 sut
818 3392 871 3445 per
893 3374 998 3497 sipffid
1021 3373 1177 3429 militaribus
1203 3393 1234 3429 co
1255 3393 1286 3428 us
1303 3392 1365 3445 per·-

963 3443 1222 3516 suprsattigimusn
1254 3450 1364 3514 capel,

121 3342 213 3396 Errare
226 3337 374 3414 properum
398 3343 455 3414 ipse
473 3343 549 3424 Qurt.
567 3357 610 3407 lx,
633 3348 724 3463 supr:

122 3409 153 3462 cf.
180 3412 274 3464 adun
316 3419 345 3465 21
392 3419 433 3466 18.
471 3411 555 3466 Iidem
583 3412 639 3464 sere
664 3409 725 3464 lin

122 3478 191 3532 mor.
218 3452 336 3533 anim
354 3453 450 3535 iocoue
476 3481 603 3534 exhibent
625 3497 675 3550 pro
693 3493 726 3532 ω
759 3443 967 3568 ξῗῑᾝῇᾳξξω
985 3511 1205 3568 mmmmm
1223 3511 1366 3566 Schneide-

124 3547 195 3617 qu⁰d
212 3549 293 3618 ”¹¹3⁰
312 3557 339 3601 el
355 3557 429 3603 ἥρω
444 3549 535 3603 'editu‘
552 3551 653 3603 ‘mcum'
759 3599 819 3636 rum
838 3582 872 3634 sd
889 3579 1009 3635 Caesaris
1026 3579 1090 3633 bell.
1100 3580 1170 3635 Gall.
1190 3595 1222 3645 ιι,
1243 3588 1267 3648 t,
1286 3589 1310 3642 3,
1333 3597 1367 3634 ne

157 3651 181 3716 5.
201 3655 241 3702 16.
269 3653 469 3704 putaminibus
488 3652 619 3721 impliciti]
651 3649 726 3703 Laid.
762 3649 820 3721 quis
838 3657 933 3721 putet,
963 3649 1036 3719 quod
1057 3649 1090 3702 de
1107 3647 1233 3719 peculiari
1251 3667 1299 3702 usu
1318 3649 1366 3703 ob-

125 3715 224 3770 Voss.l
244 3717 325 3771 Bern.
343 3719 367 3771 B
385 3719 511 3774 Modiana
527 3719 609 3773 editio
627 3719 727 3772 vertici·
761 3717 932 3784 servavimus,
943 3717 1017 3788 quasi
1026 3717 1063 3770 ita
1072 3733 1129 3770 esse
1139 3717 1246 3784 debeat,
1256 3733 1306 3770 nec
1314 3718 1368 3772 iam

126 3785 181 3852 bus,
200 3785 243 3838 vul
265 3804 294 3850 ο,
324 3794 354 3838 ut
371 3786 454 3839 Aldus
471 3786 630 3853 instituerat,
649 3787 728 3840 vorti·
761 3787 840 3840 aliter
867 3785 926 3838 fieri
945 3785 1039 3856 possit,
1057 3784 1204 3854 promiscue
1229 3786 1369 3840 adomnia

125 3855 206 3910 cibus.
272 3853 344 3908 Flor.
362 3852 427 3907 nihil
444 3863 581 3908 enotstnm
599 3853 729 3923 estquod
767 3870 824 3907 esse
850 3854 1069 3908 transferendum.
1113 3853 1173 3907 Hoc
1192 3861 1282 3906 eutem
1307 3854 1369 3908 loco

124 3929 240 3976 testatur
257 3941 307 3994 pro
333 3922 418 3976 forma
443 3932 545 3989 vortex,
571 3922 599 3977 ni
616 3920 728 3976 hominis
764 3939 822 3976 cum
839 3920 866 3973 in
884 3921 957 3975 nullo
983 3919 1073 3976 codice
1090 3939 1137 3975 ms.
1164 3921 1276 3994 legitur,
1305 3939 1370 3994 qua·

124 3991 248 4046 laboriosi
261 3999 378 4044 mentem
390 3989 612 4061 exigusvarietss
626 3987 729 4044 fefellit.
764 3997 876 4072 propter
892 3989 976 4060 magis
1001 3989 1096 4043 mirere
1119 3991 1205 4044 adbuc
1221 3989 1371 4045 indubitate
1484 4051 1488 4066 Ι

124 4059 236 4114 Animus
253 4059 362 4116 inclinat
388 4071 417 4113 ur
434 4059 579 4114 secundum
606 4075 731 4128 expressa
764 4058 962 4130 mpossessione
972 4058 1104 4112 mansisse.
1127 4057 1195 4112 Item
1204 4058 1371 4113 scribendum

125 4129 274 4184 testimonia
300 4128 374 4182 litem
395 4128 547 4184 diiudioam:
575 4145 636 4181 narn
662 4127 732 4180 inter
761 4129 859 4198 proed
885 4129 986 4194 insula,
1013 4127 1084 4198 quod
1108 4127 1189 4199 vulgo
1216 4136 1257 4180 est
1275 4130 1373 4198 prosit

125 4201 246 4252 vorticem
272 4205 301 4252 et
321 4199 440 4252 vertices
466 4215 522 4250 non
538 4196 618 4250 firisse
637 4212 732 4267 perpe·
766 4197 800 4250 ot
818 4197 915 4250 inarata.
942 4195 1068 4260 Quamvis
1085 4196 1154 4248 enim
1168 4194 1281 4250 multum
1293 4197 1372 4249 aber·

126 4273 200 4320 tuum
230 4265 384 4332 discrimen,
416 4266 480 4320 satis
511 4265 590 4320 hodie
621 4271 732 4320 oousmt.
767 4271 828 4318 rent
844 4263 957 4330 librarii,
983 4273 1014 4318 ut
1026 4267 1122 4335 procul
1148 4267 1176 4318 in
1202 4267 1258 4318 rulo
1282 4267 1372 4318 insula

126 4333 196 4389 Vide
208 4335 361 4390 Schneideri
372 4333 456 4388 Elem.
475 4353 502 4406 p.
523 4342 553 4387 12
572 4333 733 4388 otDrnlren-
768 4333 796 4386 in
814 4333 885 4388 Flor.
903 4331 992 4402 ΑΕΘ,
1005 4335 1102 4403 procuri
1119 4335 1147 4386 ia
1166 4335 1234 4387 silvo
1256 4331 1284 4386 in
1301 4333 1372 4387 Flor.

126 4402 262 4457 borchiunr
279 4405 314 4457 ad
330 4403 425 4458 Silium
442 4419 486 4470 111,
512 4409 564 4458 475
582 4411 612 4456 et
628 4401 736 4456 Livium
770 4401 803 4468 Ο,
821 4404 918 4471 procul
940 4404 968 4455 in
989 4403 1078 4456 insule
1098 4400 1239 4455 ramosa
1257 4399 1372 4471 legatur,

127 4484 233 4538 xxvm,
249 4479 292 4540 80,
308 4480 333 4538 9,
348 4479 377 4526 et
387 4472 498 4527 Forcell.
516 4472 543 4527 in
552 4472 604 4525 lex.
613 4489 634 4525 s.
644 4489 669 4524 v.
678 4489 736 4526 vor·
770 4469 799 4524 in
817 4470 983 4525 nullotamen
1009 4471 1067 4526 cod
1095 4471 1128 4523 ob
1155 4471 1244 4524 insuto
1266 4469 1373 4540 legitur.

128 4550 178 4594 tes.
191 4539 442 4610 Eademresestrx,
455 4548 496 4609 15,
509 4549 538 4596 11
551 4539 737 4595 ubiineodem
773 4538 815 4594 cf.
834 4541 868 4594 ad
890 4554 932 4607 ιν,
949 4545 990 4594 51.

1133 4629 1165 4677 27
