3238 5296
237 358 310 430 352
712 381 745 444 Q·
774 379 899 434 euarn
924 381 1009 434 sorr

235 573 374 661 petrem
395 562 549 656 tradere,
575 567 727 663 gratiam
752 567 846 665 regis
872 566 1014 656 inituro,
1049 566 1079 639 si
1104 575 1224 638 tentes
1249 589 1307 640 res
1334 562 1481 636 molien-

235 685 310 747 tem
340 675 377 748 in
408 676 514 747 unius
546 677 645 775 rupis
677 676 862 751 obsidione
893 680 1041 752 haerere
1067 701 1140 749 non
1167 675 1352 774 coegisset.
1405 672 1481 764 Ille,
1598 691 1599 696 ’

234 787 387 860 ferocius
419 787 676 885 superbiusque
709 815 816 886 quam
854 801 961 862 antee
998 789 1155 879 loeutus,
1194 788 1291 862 abire
1331 783 1482 885 Cophen

236 897 345 971 iubet.
398 896 450 970 At
484 899 515 970 is
547 923 716 997 prensum
749 925 858 974 manu
894 900 1088 974 barbarum
1121 911 1242 998 rogat,
1282 911 1324 973 ut
1357 923 1482 972 secum
1499 914 1535 962 24
1598 975 1599 984 2

236 1019 342 1082 extra
366 1033 513 1107 specum
539 1008 708 1108 prodeat:
736 1037 806 1109 quo
830 1012 1032 1111 impetrato,
1059 1011 1206 1108 iuuenes
1231 1010 1269 1084 in
1295 1010 1481 1084 cacumine

236 1120 412 1211 ostendit,
452 1123 527 1195 eius
568 1122 756 1220 superbiae
790 1123 888 1197 haud
926 1123 1101 1197 immerito
1140 1121 1312 1196 illudens:
1352 1122 1481 1221 pinnas

235 1231 369 1306 habere
395 1234 446 1306 ait
471 1234 600 1307 milites
621 1233 829 1309 Alexandri.
882 1235 1028 1333 Iamque
1047 1260 1068 1308 e
1086 1233 1325 1308 Macedonum
1352 1232 1480 1306 cestris
1499 1250 1535 1298 2⁵

237 1345 421 1443 signorum
446 1354 639 1419 concentus
673 1355 710 1418 et
740 1347 851 1420 totius
885 1347 1063 1421 exercitus
1096 1347 1228 1420 clamor
1254 1344 1480 1420 audiebatur.

236 1451 290 1527 Ea
315 1479 389 1546 res,
429 1457 522 1530 sicut
552 1457 721 1555 pleraque
754 1458 838 1532 belli
864 1483 959 1532 vana
991 1469 1028 1530 et
1058 1458 1193 1548 inania,
1231 1455 1406 1530 barbaros
1432 1453 1482 1528 ad

237 1565 454 1641 deditionem
473 1569 595 1642 traxit.
634 1565 774 1668 Quippe
793 1571 957 1668 occupati
977 1580 1076 1643 metu
1100 1569 1319 1668 paucitatem
1344 1591 1480 1656 eorum,

237 1680 298 1776 qui
324 1706 347 1752 e
372 1690 474 1778 tergo
502 1691 614 1771 erant,
642 1682 831 1756 aestimare
857 1706 930 1755 non
956 1691 1132 1779 poterant.
1184 1679 1311 1777 Itaque
1330 1676 1480 1777 Cophen
1498 1695 1532 1744 2⁰

238 1791 337 1890 (nam
362 1788 583 1890 trepidantes
610 1791 817 1890 reliquerat)
849 1804 995 1868 strenue
1025 1804 1220 1884 revocant,
1260 1809 1297 1865 et
1328 1814 1410 1864 cum
1436 1813 1480 1862 eo

239 1928 320 1977 xxx
345 1903 521 2003 principes
547 1905 706 1994 mittunt,
733 1906 793 2002 qui
819 1916 958 2004 petram
984 1903 1139 1994 tradant,
1166 1915 1203 1977 et
1229 1915 1270 1976 ut
1295 1900 1479 1976 incolumi-

238 2014 306 2088 bus
333 2016 432 2089 abire
457 2015 572 2106 liceat,
599 2016 833 2114 paciscantur.
881 2015 945 2089 llle
968 2041 1184 2113 quamquem
1201 2016 1406 2105 verebatur,
1432 2037 1479 2085 ne
1496 2029 1527 2076 ²1

236 2138 428 2224 conspecta
448 2128 618 2200 iuvenum
637 2129 817 2224 paucitate
837 2128 1071 2202 deturbarent
1091 2151 1153 2201 eos
1175 2126 1328 2218 barbari,
1355 2138 1479 2200 tamen

180 2231 181 2236 ’
236 2248 274 2310 et
305 2238 469 2312 fortrmae
503 2263 588 2312 suae
621 2239 791 2331 confisus,
828 2252 866 2314 et
897 2240 1054 2313 Arimazi
1087 2238 1274 2338 superbiae
1307 2239 1478 2326 infensus,

237 2349 373 2422 nullam
400 2374 448 2422 se·
464 2347 709 2422 condicionem
735 2351 924 2425 deditionis
958 2351 1117 2449 accipere
1151 2348 1345 2448 respondit.
1398 2347 1478 2422 Ari-
1494 2362 1527 2412 28

236 2485 375 2551 mares,
410 2457 608 2559 desperatis
643 2463 756 2560 magis
792 2488 899 2560 quam
933 2461 1082 2561 perditis
1116 2461 1242 2552 rebus,
1284 2485 1365 2534 cum
1397 2483 1477 2558 pro·

236 2571 376 2668 pinquis
416 2571 713 2669 nobilissimisque
752 2575 868 2671 gentis
907 2598 993 2647 suae
1039 2571 1224 2646 descendit
1261 2574 1298 2644 in
1337 2583 1474 2644 castra:

238 2705 327 2778 quos
361 2708 484 2756 omnes
516 2683 725 2758 verberibus
759 2685 906 2758 affectos
934 2685 999 2758 sub
1032 2683 1118 2781 ipsis
1143 2682 1321 2757 radicibus
1353 2693 1477 2779 petrae

236 3002 252 3052 2
272 2997 421 3069 appelletur
437 2998 508 3079 opud
521 2997 612 3066 Snalr„
630 2999 675 3052 sed
692 2999 840 3054 Beruenses
875 2997 945 3058 Tum
951 2962 1051 3066 pinnas
1062 2997 1155 3050 lubere
1164 2997 1203 3049 ott
1214 2995 1333 3049 dedimus
1341 3011 1375 3058 eo
1385 2994 1476 3076 ordine

237 3066 315 3120 umbo
332 3083 386 3120 non
403 3067 541 3136 addicunt)
560 3068 675 3140 pertinet
691 3067 743 3123 bue
759 3068 840 3122 etiam
874 3066 1023 3133 verborum,
1040 3082 1094 3136 quo
1112 3069 1196 3118 nostri
1214 3081 1301 3117 omnes
1318 3072 1347 3116 et
1366 3079 1476 3134 panas,

237 3133 315 3189 Voss.
336 3143 348 3189 1
368 3138 492 3190 amissus.
874 3134 942 3188 sicut
960 3151 1049 3205 supra,
1074 3149 1108 3185 ex
1130 3132 1244 3204 optimis.
1279 3130 1361 3186 Snelr.
1380 3129 1408 3184 in
1425 3129 1477 3184 suis

268 3247 385 3315 pralium
407 3248 478 3316 reple
496 3247 605 3326 inituro]
642 3245 740 3301 Omnes
758 3246 839 3300 Snak.
874 3202 1041 3325 ffltorgffg
1063 3204 1165 3271 'vinnm
1191 3202 1284 3256 lam
1309 3201 1404 3254 mmm
1429 3200 1475 3252 ml

237 3312 298 3366 libri
316 3315 408 3366 inituri
424 3323 453 3366 et
470 3314 503 3366 de
520 3323 616 3367 nostris
628 3314 708 3367 Bern.
725 3324 839 3384 uterque

235 3380 307 3433 Flor.
324 3381 408 3448 AOE,
431 3381 511 3435 ceteri
529 3389 617 3434 tamen
634 3391 662 3434 et
679 3383 739 3436 edd.
753 3383 839 3462 princ.
909 3383 984 3448 §.td
1022 3382 1128 3452 Jamque
1146 3379 1241 3432 eMac.
1260 3371 1370 3446 caserta]
1391 3377 1476 3432 Abest

236 3457 268 3501 ut
284 3465 388 3502 necesse
406 3458 448 3502 est
465 3451 570 3504 inituro.
609 3450 690 3520 Βορέα
708 3459 794 3504 omitt.
812 3451 839 3504 in
892 3449 1033 3520 raepositio
1057 3467 1073 3503 a
1095 3447 1227 3520 plerisque
1250 3446 1323 3501 libris
1345 3463 1406 3526 mss.
1430 3446 1476 3500 sed

236 3515 307 3571 Flor.
325 3517 357 3570 B.
874 3469 950 3571 lacile
966 3518 1057 3589 potuit
1074 3533 1201 3572 concursu
1218 3514 1367 3570 oblitterari
1385 3525 1415 3568 et
1431 3515 1476 3568 de-

271 3630 294 3696 §.
309 3634 351 3681 24,
379 3643 508 3696 prmum
529 3629 619 3696 manu]
655 3627 700 3682 Sic
716 3627 841 3682 mihitur
874 3587 993 3640 tenditur
1008 3585 1166 3641 Florentinis
1184 3583 1239 3638 BE.

235 3697 265 3750 in
287 3696 364 3750 codd.
389 3695 464 3750 Leid.
486 3695 563 3752 Voss.
585 3704 597 3750 1
621 3696 741 3751 Berua
763 3697 837 3753 Flor.
910 3701 934 3762 s.
948 3702 989 3750 26.
1021 3707 1044 3750 et
1066 3708 1093 3750 ut
1111 3695 1291 3817 incolumibus-2
1321 3693 1392 3748 Edd.
1410 3701 1475 3747 vett.

236 3763 286 3818 AB
300 3764 379 3818 idest
396 3764 512 3818 omnium
526 3764 642 3837 optimis,
656 3783 765 3838 quorum
778 3783 840 3820 con-
870 3775 898 3831 ¹et
914 3767 989 3818 incol.
1024 3765 1100 3818 Mod.
1118 3775 1146 3818 ut
1166 3766 1242 3816 insol.
1288 3763 1322 3815 ed
1339 3771 1415 3816 recte
1432 3780 1476 3816 co-

236 3832 401 3887 sensumnoli
411 3841 578 3888 contemnere
587 3851 649 3906 prae
658 3834 768 3907 vulgata
775 3853 838 3905 pre-
874 3834 944 3887 dices
965 3841 1104 3904 utramque
1129 3831 1285 3904 particulam
1311 3830 1372 3884 coni
1447 3840 1476 3884 nt

236 3903 350 3956 tarsum.
386 3901 428 3956 cf.
445 3903 480 3956 ad
497 3917 527 3972 v,
545 3909 588 3972 st,
606 3909 649 3958 20.
873 3911 980 3974 praeter
1005 3903 1114 3956 voest
1139 3899 1260 3956 Bermss
1285 3898 1357 3952 Flor.
1378 3899 1416 3952 E,
1449 3899 1476 3950 in

272 4015 327 4068 eim
349 4033 381 4067 w
429 4015 456 4068 b.
555 4017 586 4068 m
750 4017 755 4028 .
812 4015 818 4028 .
892 3971 968 4025 uibus
992 3981 1019 4024 ιιι
1046 3970 1152 4024 excidit.
1187 3969 1331 4022 Incolumes
1353 3967 1473 4022 Vocat

378 4031 429 4084 per
445 4032 487 4069 rue
504 4047 539 4058 -
586 4017 681 4087 odeas]
717 4016 787 4068 Erae
810 4033 838 4068 rn
872 3989 945 4094 illm..
961 4039 994 4093 c·

237 4081 357 4136 omnibus
374 4082 506 4138 codicibus
520 4091 571 4150 est,
590 4101 702 4155 quorum
714 4082 837 4137 notitiam
1214 4125 1219 4136 ,

236 4149 377 4218 habemus,
404 4150 521 4222 itemque
540 4151 570 4206 in
591 4154 650 4206 edd.
668 4160 732 4206 vett.
754 4153 838 4207 donoc
906 4153 929 4220 ξ.
943 4157 984 4205 27.
1019 4149 1156 4218 superbiae
1177 4147 1308 4217 insereres]
1344 4145 1410 4200 Vox
1437 4149 1478 4200 in-

236 4219 343 4274 Modius
360 4219 441 4276 tacito
458 4221 532 4276 dedit
549 4224 667 4292 eiusque,
695 4237 772 4292 quem
794 4237 836 4274 re·
865 4220 964 4289 feneus
986 4217 1082 4272 omissa
1104 4225 1145 4270 est
1165 4215 1292 4269 inBcrn.
1311 4217 1336 4268 A
1358 4223 1386 4268 et
1404 4215 1476 4269 Flor.

237 4288 368 4340 centiores
387 4290 468 4344 secuti
486 4298 555 4344 sunt.
581 4291 645 4345 Non
662 4289 837 4360 reprohendo,
871 4287 969 4342 ABCF
972 4285 998 4342 G
1015 4285 1080 4339 item
1097 4282 1375 4353 inSnnkenburgisnis
1392 4283 1476 4346 libris,

237 4357 283 4410 sed
296 4365 394 4424 umen,
413 4359 435 4411 si
452 4377 514 4413 voce
532 4359 648 4425 adiuves,
665 4366 697 4411 ut
713 4375 775 4410 nam
792 4367 839 4411 cut
872 4357 919 4410 sed
941 4371 1030 4410 cerere
1047 4371 1078 4408 ea
1099 4372 1152 4408 non
1173 4368 1325 4423 possumus,
1346 4360 1377 4405 st
1398 4360 1477 4406 extet

236 4427 335 4480 scilieet
357 4425 521 4496 intelligetur
538 4429 572 4481 sd
589 4427 730 4497 insequens
748 4425 837 4493 colon,
872 4424 900 4478 in
920 4425 1015 4478 ceteris
1033 4423 1103 4477 Flor.
1140 4421 1210 4475 Tum
1237 4423 1376 4489 respondet
1404 4421 1476 4476 Flor.

236 4493 354 4554 codicum
375 4495 529 4568 scriptmam
551 4505 617 4568 puto
634 4495 732 4550 serrari
754 4511 837 4566 posse.
873 4491 968 4548 orel.
