3268 5286
546 375 595 428 nu
622 374 748 429 cuens
775 375 884 428 nnnx.
911 376 975 444 vu,
1002 374 1043 421 1⁷.
1343 356 1414 428 311

178 563 287 638 lerter
320 560 561 650 ahscondunt,
596 572 653 653 ut,
687 559 756 634 nisi
790 561 850 657 qui
891 556 1118 650 defoderunt,
1154 560 1312 633 invenire
1344 586 1416 634 nou

176 675 331 772 pos'sint:
363 673 400 746 in
426 673 482 746 his
509 674 674 751 conditae
705 673 826 770 fruges
859 680 970 744 erant.
1023 669 1065 743 Iu
1092 696 1243 769 quarum
1268 673 1417 770 penuria

122 795 164 854 aa
178 786 307 858 milites
332 785 496 858 fluviatili
521 789 619 887 pisce
645 796 682 858 et
707 783 826 856 herbis
854 781 1130 855 sustinebantur.
1170 780 1314 879 Iamque
1328 783 1416 856 haec

177 898 256 996 ipsa
282 897 450 970 alimum
476 895 698 985 defecerant3
733 919 815 966 cum
840 894 1014 984 iuuenta,
1047 892 1175 989 quibus
1202 917 1311 966 onera
1336 920 1416 993 por-

179 1011 323 1102 tabant,
358 1006 506 1081 caedere
538 1009 624 1083 iussi
651 1016 754 1081 sunt:
782 1005 912 1079 horum
938 1029 1060 1096 carne,
1088 1003 1173 1078 dum
1198 1006 1235 1077 in
1261 1001 1415 1106 Bactria·

180 1147 247 1194 nos
274 1129 498 1219 perventum,
525 1130 670 1194 traxere
696 1117 817 1191 vitam.

124 1251 160 1300 ae
282 1229 502 1305 Bactrianae*
519 1240 637 1305 terrae
662 1229 850 1326 multiplex
877 1238 914 1301 et
939 1229 1039 1302 varia
1064 1237 1194 1307 natura
1220 1240 1284 1302 est
1319 1229 1464 1304 Alibi18

159 1331 291 1416 ¹rnultb
323 1342 431 1415 arbor
465 1355 502 1414 et
537 1343 620 1415 vitis
652 1342 771 1438 largos
802 1339 978 1436 mitesque
1014 1341 1150 1413 fructus
1185 1340 1265 1413 alit:
1301 1342 1416 1414 solum

178 1454 311 1553 pingue
346 1453 460 1526 crebri
491 1453 609 1528 sontes
641 1453 777 1550 rigant3
821 1476 912 1548 quae
944 1451 1086 1526 mitiora
1120 1463 1205 1526 sunt
1238 1453 1416 1526 frumento

126 1585 160 1632 at
181 1574 433 1655 conseruntur,
466 1575 585 1639 cetera
616 1573 860 1639 armentorum
891 1563 1024 1662 pabulo
1055 1562 1196 1637 cedunt.
1249 1561 1417 1661 Magnam

179 1675 308 1750 deinde
320 1685 461 1774 partem
474 1675 634 1750 eiusdem
658 1685 776 1749 terrae
802 1674 939 1749 steriles
966 1675 1121 1748 harenae
1146 1685 1287 1749 tenent:
1315 1701 1417 1772 squa-

178 1787 252 1861 lida
288 1787 446 1860 siccitate
478 1787 577 1886 regio
608 1813 681 1860 non
713 1787 907 1876 hominem,
939 1810 1013 1858 non
1044 1781 1183 1885 fiuge'm
1217 1787 1298 1860 alit:
1336 1811 1418 1859 cum

179 1924 267 1974 vero
293 1899 392 1974 venti
418 1924 441 1973 a
462 1897 612 1973 Pontico
637 1898 728 1972 muri
754 1899 901 1996 spirant,
928 1896 1094 1994 quicquid
1120 1897 1235 1970 sabuli
1261 1898 1298 1971 in
1324 1922 1416 1970 cam·

178 2012 233 2108 pis
260 2011 353 2084 iacet
379 2021 607 2085 converrunt.
627 2006 753 2109 “Quod
779 2007 842 2081 ubi
868 2008 1088 2081 cumulatum
1113 2019 1179 2098 eet,
1205 2033 1417 2107 magnomm

179 2122 321 2195 collium
345 2123 471 2219 procul
497 2123 633 2221 species
660 2129 731 2211 est,
763 2115 951 2218 omniaque
986 2119 1125 2218 pristini
1150 2119 1285 2193 itineris
1311 2121 1417 2194 vesti·

127 2251 162 2301 ac
180 2233 240 2330 gia
269 2233 458 2306 intereunt.
515 2231 640 2330 Itaque
674 2232 735 2331 qui
766 2239 956 2304 transeunt
992 2255 1137 2329 campos
1172 2232 1417 2330 navigantium

178 2343 287 2418 modo
311 2353 422 2417 noctu
447 2343 566 2418 sidera
591 2345 796 2433 observant,
824 2342 871 2416 ad
897 2367 1048 2441 quorum
1075 2367 1218 2416 cursum
1243 2343 1312 2416 iter
1337 2344 1417 2417 diri-

178 2465 285 2553 gunt,
310 2465 348 2528 et
373 2442 633 2555 propemodum
665 2457 792 2530 clarior
818 2463 874 2528 est
898 2455 1014 2527 noctis
1040 2455 1181 2546 umbra,
1209 2480 1316 2552 quam
1342 2457 1415 2529 lux.

130 2587 163 2635 aa
181 2565 277 2666 Ergo
303 2566 459 2641 interdiu
483 2568 581 2641 invia
606 2577 663 2641 est
687 2567 796 2666 regio,
823 2565 905 2663 quia
930 2589 997 2639 nec
1022 2567 1222 2665 vestigium,
1241 2566 1337 2664 quod
1364 2593 1416 2642 se-

182 2686 351 2775 quantur,
386 2679 588 2770 inueniunt,
625 2689 662 2752 et
694 2679 790 2752 nitor
817 2677 973 2752 siderum
999 2678 1148 2776 caligme
1174 2677 1416 2752 absconditur.

180 2787 348 2864 Ceterum
374 2791 404 2862 si
430 2814 520 2886 quos
554 2789 613 2863 ille
644 2799 793 2880 ventuS,
830 2789 890 2886 qui
915 2813 938 2861 a
962 2788 1051 2862 mari
1079 2788 1254 2878 exoritur,
1290 2789 1413 2888 depre-

129 2899 319 2991 rehendit,
351 2900 486 2974 harena
517 2901 646 2975 obruit.
700 2899 772 2976 Sed
807 2925 877 2997 qua
910 2899 1030 2972 mitior
1063 2907 1160 2971 terra
1186 2909 1256 2990 est,
1291 2901 1416 2997 ingens

152 3011 362 3086 'hominum
388 3037 632 3111 equorumque
656 3009 849 3086 multitudo
875 3008 1041 3108 gignitur.
1087 3008 1212 3106 Itaque
1238 3007 1417 3085 Bactriani
1456 3101 1457 3104 Ἴ

179 3258 264 3312 dicam
280 3257 377 3312 nereio.
414 3255 521 3312 Graecis
540 3257 783 3330 ocpotriveoapot,
818 3255 915 3309 Sidera
932 3252 1013 3326 igitur
1029 3253 1098 3326 plur.
1116 3271 1226 3309 numero
1244 3253 1418 3310 diciturunus

179 3325 302 3398 granaria
319 3327 502 3393 subterranea,
529 3326 558 3380 in
577 3327 691 3381 Thracia
707 3327 783 3381 inno·
817 3323 866 3377 sol.

180 3403 302 3464 tuerent,
329 3395 425 3467 quibus
451 3394 568 3450 triticum
590 3396 654 3468 quin
727 3395 783 3449 'uta
851 3396 925 3462 §.aa
944 3405 1005 3462 erpo
1022 3393 1145 3446 interdiu.
1164 3391 1418 3448 Oodd.Leid.Voer.

180 3481 263 3518 annos
281 3464 376 3518 durare
392 3465 600 3535 praedicabatur
626 3413 696 3520 Vibo
737 3463 781 3520 lin
817 3469 829 3515 1
859 3462 939 3515 Bern.
958 3462 1007 3516 AB
1033 3461 1106 3515 Flor.
1125 3459 1203 3514 ΑΕΗ
1228 3479 1289 3531 erqo
1315 3464 1343 3516 in
1367 3465 1418 3530 die,

178 3539 233 3586 nat.
251 3532 313 3592 hiet.
330 3545 416 3600 xvm,
435 3539 468 3587 ³0
486 3541 551 3587 nect.
569 3541 610 3588 13.
816 3531 948 3584 mendose.
976 3529 1043 3584 Item
1059 3547 1124 3583 mox
1135 3527 1210 3583 Laid
1220 3535 1318 3584 Vosal
1339 3531 1418 3584 Bern.

214 3603 243 3652 ia
260 3601 311 3670 iia]
348 3599 392 3654 Sic
418 3609 445 3654 et
471 3601 515 3655 alii
539 3603 616 3656 codd.
639 3611 668 3656 et
690 3618 782 3658 omnes
816 3600 866 3654 AB
879 3598 1013 3655 Flor.EH
1026 3601 1147 3718 quichqui
1159 3596 1418 3671 neadmoypapta.

181 3665 266 3720 nostri
302 3675 390 3721 raeter
405 3667 477 3722 Flor.
495 3670 519 3723 B
537 3669 565 3723 in
583 3687 636 3741 quo
658 3671 783 3725 scribitur
851 3669 874 3736 ξ.
892 3675 935 3722 110.
970 3668 1063 3738 Itaque
1106 3669 1222 3719 actriurn'
1244 3669 1340 3748 equites
1368 3676 1417 3722 eet.

181 3737 241 3789 tiis.
348 3753 365 3788 o
383 3737 412 3787 ia
429 3736 470 3789 iis.
504 3735 571 3790 Mox
593 3740 697 3807 fluvioli
712 3742 782 3809 pr'rce
815 3736 865 3789 ie.
881 3734 1015 3789 Bactriani
1033 3735 1067 3787 ad
1084 3734 1120 3787 tri
1140 3735 1195 3788 ‘nn
1210 3735 1282 3788 milia
1299 3736 1418 3806 equitum

138 3795 144 3820 '
181 3803 253 3856 Bior.
271 3801 324 3856 EG
368 3801 449 3856 Bern.
466 3802 499 3856 B.
815 3804 844 3857 in
860 3804 959 3857 bellum
976 3801 1120 3856 mittereac
1141 3802 1256 3870 tierent,
1275 3805 1417 3858 haecenim

216 3873 239 3942 §-
257 3877 299 3926 25.
334 3881 438 3925 traxere
455 3873 532 3926 vitam
579 3871 782 3928 11010611-
815 3873 872 3925 iere
888 3871 957 3925 ratio
974 3877 1025 3937 eet,
1044 3887 1097 3941 qua
1113 3871 1283 3926 barbararum
1300 3873 1418 3942 gentium

181 3951 285 3996 borae
302 3942 397 4006 vitam,·
415 3939 516 3993 trabere
567 3940 642 3994 onii
658 3941 739 3996 Bam.
748 3942 781 4010 B,
815 3939 884 3992 vires
902 3939 1014 3992 solemur
1031 3938 1177 3992 aestimare.
1203 3939 1257 3993 Sed
1274 3958 1345 3995 nune
1363 3942 1417 3996 edi-

181 4011 316 4064 extrohere
333 4007 411 4063 Voss.
430 4015 455 4062 2.
816 4015 887 4062 torae
905 4007 961 4060 fere
977 4006 1005 4060 in
1022 4015 1124 4060 eruunt
1135 4009 1275 4078 sententia,
1285 4017 1316 4064 ut
1330 4018 1417 4064 totum

215 4076 281 4150 Cap.
301 4083 333 4131 18
362 4079 436 4146 §.it
471 4077 613 4131 ctPontico
631 4085 699 4131 men
728 4077 783 4131 De·
816 4075 869 4131 hoc
885 4075 961 4130 colon
979 4075 1012 4128 ab
1029 4075 1120 4147 inepto
1137 4083 1292 4133 annotatam
1314 4079 1357 4133 hie
1378 4079 1417 4132 in·

180 4147 262 4202 bebat
279 4165 296 4200 a
318 4119 416 4216 &nepio
433 4149 503 4199 mari
519 4144 613 4200 dicere.
718 4147 784 4202 haec
816 4153 916 4199 eertum
943 4144 1275 4216 utent‚signiiicantetiam
1286 4147 1418 4218 pertinere

180 4215 226 4269 illa
242 4224 284 4270 est
301 4215 413 4270 duorum
429 4213 540 4268 marium
558 4213 676 4270 confusio
688 4215 722 4268 de
730 4231 783 4287 qua
816 4215 851 4268 ad
868 4231 899 4269 ea
938 4231 955 4267 o
993 4231 1020 4266 m
1037 4213 1185 4284 copiarum,
1221 4215 1297 4269 uibus
1315 4215 1417 4270 Dareus

182 4283 294 4340 diximus
311 4285 345 4338 ed
362 4297 402 4350 vr,
423 4290 463 4351 12,
484 4291 523 4338 15.
680 4331 682 4336 ,
816 4283 940 4337 adversus
982 4283 1196 4336 exandrumusue
1233 4283 1299 4337 erit..
1317 4285 1417 4338 Verum

216 4354 285 4407 nitor
302 4355 417 4406 adeum
435 4360 486 4406 cet.
513 4351 724 4406 Idmtratnrhoc
740 4367 782 4422 eo,
816 4352 871 4406 tale
906 4351 951 4405 uid
968 4369 998 4405 au
1018 4369 1048 4404 ra
1070 4369 1124 4406 non
1150 4351 1255 4422 legitur:
1283 4353 1317 4406 ad
1334 4355 1417 4406 Iasum

220 4420 352 4477 odc.201
387 4420 453 4476 'turs
471 4421 556 4506 caligo
574 4423 674 4488 danda,
693 4423 783 4474 immo·
816 4419 952 4474 Bactriani
969 4369 1034 4473 uuili
1051 4420 1165 4488 fuerant,
1183 4420 1326 4474 adArbela
1343 4420 1416 4491 equi-

206 4491 240 4543 'o
259 4499 343 4546 tetrae
375 4507 462 4545 erum
475 4501 596 4559 cantata,
615 4491 696 4544 lucem
713 4491 783 4562 tegit.
815 4496 874 4543 tum
896 4488 1098 4544 Bactrianorum
1122 4505 1244 4544 numerus
1269 4495 1328 4543 erat
1354 4495 1416 4542 octo
