3254 5292
512 393 562 442 nn
589 391 716 444 ousrrs
742 391 851 442 mex.
878 393 928 461 Ν,
954 389 998 442 a1.
1159 397 1163 406 ·
1345 373 1391 446 91

149 576 232 649 belli
260 575 428 674 exiguam
454 576 547 649 hanc
579 573 911 674 esse‘meroedem)
944 574 1009 649 sed
1033 574 1255 675 Persepolim
1286 587 1395 677 caput

148 686 250 784 regui
277 685 368 777 eius,
394 686 527 760 Bactra
552 685 697 776 deinde,
723 697 761 759 et
785 683 987 777 Ecbatana,
1022 687 1209 785 ultimique
1236 685 1394 762 Orientis

149 822 251 870 oram
284 797 433 894 imperio
465 821 532 870 suo
564 797 774 871 destinasse.
833 794 1057 895 Quocunque
1087 799 1147 872 ille
1181 799 1305 898 firgere
1331 825 1393 897 po·

150 908 293 998 luisset,
328 909 448 1007 ipsum
483 909 585 1006 sequi
621 933 745 1006 posse:
791 907 970 1010 dQ'neret
1005 919 1141 983 terrere
1176 909 1394 1001 fluminibus,

150 1042 257 1113 quem
282 1019 391 1092 sciret
416 1020 529 1092 maria
554 1019 737 1092 transisse

114 1153 131 1202 s
251 1126 369 1226 Reges
402 1129 546 1226 quidem
576 1130 666 1203 haec
695 1129 850 1202 invicem
884 1129 1111 1227 scripserant
1164 1127 1238 1204 Sed
1263 1130 1443 1205 Rhodius

150 1240 277 1314 urbem
302 1245 405 1314 suam
436 1251 635 1339 portusque
668 1238 849 1314 dedebant
873 1239 1093 1314 Alexandro.
1145 1239 1220 1335 Ille,
1236 1239 1395 1316 Ciliciam

149 1348 289 1424 Socrati
314 1349 524 1440 tradiderat,
549 1349 694 1424 Philota
718 1352 855 1450 regioni
883 1352 977 1424 eirca
1003 1351 1141 1451 Tyrum
1166 1353 1265 1426 iusso
1292 1379 1393 1452 prae·

151 1461 277 1534 sidere.
330 1459 487 1560 Syriam
520 1486 611 1558 quae
645 1459 753 1535 Coele
787 1463 1000 1560 appellatur,
1025 1463 1282 1538 Andromacho
1308 1465 1393 1540 Par-

100 1600 133 1648 1o
150 1574 268 1646 menio
294 1572 509 1665 tradiderat,
540 1573 635 1646 bello
662 1573 759 1670 quod
793 1583 981 1670 supererat
1005 1575 1250 1649 interfuturus.
1303 1576 1394 1668 Rex,

149 1683 418 1782 Hephaestione
443 1683 641 1758 Phoenices
676 1707 777 1757 oram
803 1685 917 1757 classe
943 1686 1170 1782 praetervehi
1196 1675 1310 1779 irisso,
1346 1687 1394 1761 od

152 1797 279 1869 urbem
305 1792 441 1869 Gazam
467 1819 549 1867 cum
575 1793 740 1870 omnibus
767 1796 878 1893 copiis
905 1797 1015 1868 venit.

100 1937 130 1982 11
252 1906 385 1981 Iisdem
410 1907 484 1979 fere
511 1905 636 1978 diebus
663 1906 834 1978 solleume
860 1917 938 1980 erat
963 1905 1139 1978 ludicrum
1152 1905 1394 1997 Isthmiorum,

152 2017 249 2115 quod
284 2029 464 2090 conventu
495 2017 606 2090 totius
634 2013 805 2090 Graeciae
837 2017 1047 2090 celebratur.
1106 2015 1148 2088 Iu
1174 2042 1218 2089 eo
1245 2020 1394 2092 concilio

152 2128 289 2218 Graeci,
316 2137 357 2200 ut
383 2137 468 2200 sunt
493 2127 710 2226 temporaria
734 2127 886 2225 ingenia,
900 2126 1107 2217 decernunt,
1127 2137 1168 2200 ut
1194 2129 1396 2225 quindecim

131 2242 357 2336 'legarentur
389 2237 436 2311 ad
466 2263 605 2336 regern,
640 2239 700 2336 qui
732 2239 779 2312 ob
812 2263 869 2311 res
904 2263 971 2337 pro
1004 2239 1120 2312 salute
1151 2264 1194 2312 ac
1228 2240 1395 2315 libertate

153 2421 199 2474 vul
218 2437 249 2488 o,
268 2427 384 2474 nostrum
401 2420 429 2474 in
446 2421 527 2474 Bern.
545 2421 571 2473 A
588 2420 659 2475 Flor.
677 2419 754 2474 ABD
788 2419 853 2475 tatis
870 2429 985 2476 aetatem
1002 2421 1084 2493 sapit,
1102 2421 1162 2476 vido
1179 2421 1264 2476 Drak.
1281 2425 1315 2478 ad
1332 2423 1390 2478 Liv.

154 2490 194 2545 GI
235 2489 285 2543 eid.
322 2490 418 2545 Cetera
443 2488 603 2543 deteriorum
628 2489 755 2544 librorum
789 2489 853 2561 epit.
870 2488 930 2543 libri
948 2490 993 2545 cl.
1015 2495 1080 2544 Mox
1100 2491 1197 2544 Gazae
1206 2491 1289 2546 edidit
1298 2492 1390 2560 Suak,

151 2567 270 2640 monstra
288 2559 386 2611 dudum
403 2558 513 2628 explosa
533 2557 562 2610 in
583 2557 755 2629 appendicem
789 2558 871 2612 habet
888 2560 921 2611 de
938 2560 1003 2613 meis
1020 2559 1093 2613 libris
1111 2577 1178 2613 unus
1194 2561 1276 2614 Bern.
1289 2564 1323 2614 A.
1348 2560 1392 2616 cf.

151 2643 295 2766 mischeto
317 2713 364 2748 suo
389 2695 547 2765 destinasse]
583 2694 668 2748 Miror
684 2694 756 2748 unde
789 2628 924 2764 ad§.l-1216.
960 2697 1060 2750 Graeci
1090 2705 1119 2750 ut
1144 2707 1205 2750 suas
1231 2701 1392 2768 tenporars'a

789 2765 914 2886 cns

151 2835 231 2956 illini-d.
249 2849 278 2954 dt
295 2849 580 2971 Florentinilgpraeter
593 2871 646 2952 llB
661 2839 755 2954 tdlnlni-
789 2901 862 2971 quod
880 2917 928 2954 cur
945 2873 1037 2955 Medio
1053 2900 1139 2953 miuus
1154 2854 1302 2970 probaturd
1303 2875 1309 2887 Ι
1315 2875 1395 2956 suerii

150 2972 209 3024 bus.
245 2969 308 3022 Non
325 2985 488 3049 magnopere
505 2968 691 3048 desiderarem,
710 2969 757 3022 sed
790 2987 844 3024 nou
860 2968 989 3049 intelligo,
1008 2986 1072 3048 nam
1083 2967 1395 3050 siveemumsubintelli-

152 3037 300 3092 Florentini
313 3037 408 3107 optimi
421 3045 485 3092 satis
499 3055 593 3119 opinor
602 3037 755 3118 tuebuntur.
790 3055 852 3107 gas,
875 3053 929 3090 erre
954 3055 990 3116 ¹¹².
1008 3053 1159 3116 umversum
1177 3038 1282 3117 drotum
1303 3045 1395 3118 existi-

189 3106 256 3174 Cap.
274 3112 317 3172 22,
335 3108 358 3174 ᾗ.
378 3113 402 3159 9.
437 3109 501 3159 baec
519 3123 627 3160 eneruem
644 3123 758 3175 scrtpse-
790 3121 846 3158 mes
864 3106 897 3158 de
920 3105 1055 3158 hommum
1075 3121 1154 3158 varus
1175 3121 1304 3176 ingenus,
1328 3105 1394 3176 nibil

153 3175 228 3244 rosit]
265 3173 309 3228 Sic
330 3190 420 3227 omnes
444 3173 506 3227 libri
529 3181 646 3241 veteres,
676 3173 758 3243 vulgo
791 3172 860 3226 inest
886 3173 998 3228 difficile.
1039 3172 1119 3236 Quod
1144 3172 1225 3243 vulgo
1252 3172 1341 3227 editur
1366 3185 1395 3228 ut

157 3244 266 3296 invicem
283 3244 346 3296 baec
363 3243 455 3296 ordine
472 3250 584 3298 munte.
791 3252 852 3296 sunt
864 3241 1027 3296 Graecorum
1044 3241 1072 3294 in
1090 3240 1163 3294 nullo
1180 3242 1269 3297 codice
1286 3242 1394 3313 legitur,

154 3313 254 3434 0Ξῖἐὲ
282 3313 358 3432 lpuori
391 3321 527 3380 supererat
570 3311 757 3432 interfatum}
791 3328 852 3364 nam
868 3309 940 3365 Flor.
949 3310 1002 3364 ΕΗ
1019 3309 1133 3364 Bernss
1152 3321 1180 3363 ut
1198 3323 1259 3365 sunt
1271 3312 1394 3378 Graecis,

154 3450 199 3502 illo
225 3451 296 3518 quod
316 3458 453 3569 supererat
477 3449 531 3502 iter
543 3451 684 3528 facturus,
711 3457 759 3500 aut
792 3447 885 3528 dimus.
917 3447 971 3502 Sed
989 3447 1016 3501 hi
1033 3455 1170 3528 omneslet
1186 3447 1314 3528 editiones
1331 3456 1395 3504 aute

153 3515 759 3639 ²3⁶⁶rll¹0¹is¹dril⁰be⁰l¹cpil⁸as⁰⁶ffl
792 3515 1395 3640 tttuttt‘tt'ttt‘tltttttt

154 3593 235 3722 ἔξω
265 3671 319 3707 non
353 3603 473 3707 difficilis³²
494 3635 665 3708 emendatio:⁴
705 3652 759 3706 odii
793 3663 841 3707 tem
861 3625 977 3708 druriusn
1000 3652 1070 3706 enim
1087 3661 1129 3708 est
1146 3654 1180 3706 ad
1198 3603 1302 3725 ffipus
1319 3671 1395 3708 acco-

156 3723 222 3773 bello
239 3723 420 3788 interfuturam,
438 3739 499 3774 nam
518 3720 686 3776 Colonienses
703 3721 759 3774 eius
792 3741 819 3775 m
855 3729 937 3789 atum,
964 3724 1103 3791 tenporule
1129 3723 1200 3791 quod
1217 3740 1264 3793 per
1289 3722 1396 3793 aliquod

155 3790 323 3841 membranae
340 3793 541 3862 iatefictarum,
561 3789 759 3860 Sigcbergensis
792 3789 920 3860 temporis
937 3808 949 3843 s
969 3789 1052 3843 atium
1069 3790 1157 3842 durat.

155 3856 271 3938 optimus
288 3856 354 3937 liber
371 3861 537 3938 intejutusis
551 3858 758 3939 dicuuturprae-
827 3869 856 3912 ut
873 3860 936 3928 quia
956 3859 1020 3911 ecim
1037 3860 1187 3927 lacerentur
1223 3858 1313 3938 Yuleo
1331 3863 1395 3913 duo·

154 3933 264 4006 stitisse,
287 3928 380 3996 quibus
402 3927 557 3981 lectrombus
580 3935 640 3980 tuta
665 3927 758 3980 maed
794 3929 889 3994 decim,
913 3927 959 3980 sed
980 3927 1051 4047 ‹puod
1065 3944 1121 4006 ¹usn
1138 3943 1173 3979 ex
1202 3929 1264 4019 ,¹d:
1278 3903 1393 3981 Pessi

153 3994 256 4065 reliqua
272 3996 478 4050 monstrabatur.
791 3994 864 4049 Flor.
886 3995 962 4048 ADF
964 3994 987 4048 G
1030 3995 1158 4048 edidimus
1187 3999 1310 4050 burtrum
1336 4013 1403 4050 cum

189 4065 212 4131 §.
237 4070 276 4117 10.
311 4065 454 4118 Phoenices
477 4064 563 4134 oram]
607 4062 758 4117 Ridiculum
792 4062 911 4118 Diodoro
926 4078 999 4130 xvu,
1018 4069 1051 4117 48
1069 4062 1227 4118 conciliabit.
1255 4065 1396 4134 Agebatur

154 4132 229 4252 guod
246 4133 405 4212 recentiores
423 4131 538 4186 editores
557 4139 673 4213 veterem
685 4149 758 4211 men·
792 4132 858 4186 illud
875 4133 971 4186 festum
988 4141 1090 4186 aestate
1107 4139 1198 4212 atta
1217 4150 1233 4186 a
1251 4131 1324 4199 Chr,
1342 4151 1396 4204 qua

173 4217 216 4281 sm
247 4200 378 4281 complexi
413 4209 477 4254 sunt
510 4202 663 4280 Phoenices:
695 4201 759 4270 quid
792 4202 885 4254 eadem
910 4209 1012 4255 aestate
1039 4200 1176 4272 Olympias
1204 4208 1251 4254 112
1279 4201 1395 4255 celebra-

154 4285 228 4389 iffi
243 4267 759 4393 holdihiseslitsdrisllmllllusssiilsrreddlllldll
793 4271 881 4408 baffi.
894 4341 978 4392 salute
996 4355 1028 4390 cc
1046 4331 1163 4390 libertate
1184 4339 1314 4392 Graeciae
1351 4337 1396 4392 Sic

156 4403 182 4457 G
199 4404 273 4475 quasi
291 4423 380 4458 verum
398 4407 572 4460 subodoratus
593 4406 759 4470 Phoenicius,
793 4405 874 4460 Bern.
892 4407 918 4460 Α
945 4415 973 4458 et
990 4405 1061 4458 Flor.
1079 4405 1220 4459 ABEFGI
1243 4424 1302 4460 oum
1361 4405 1394 4458 'd.

158 4489 225 4540 quae
241 4475 324 4527 forma
352 4473 462 4528 nominis
480 4483 640 4546 postremam
657 4473 759 4528 Latini·
795 4475 870 4530 Voss.
883 4483 906 4541 1,
917 4474 1053 4544 vulgopro
1071 4477 1155 4528 salute
1167 4477 1217 4529 Gr.
1226 4491 1258 4527 uc
1268 4475 1397 4527 libertate.

303 3378 343 3432 bri
360 3387 469 3442 ¹veteres
496 3387 525 3433 et
552 3380 613 3435 olim
636 3379 701 3432 editi
724 3398 740 3432 c
793 3379 861 3435 Cet
878 3381 1058 3445 suntGraeci,
1077 3377 1168 3433 DFGI
1184 3387 1274 3434 autem
1291 3387 1322 3433 ut
1339 3379 1395 3434 edi-
