3270 5290
228 368 303 442 212
705 387 739 452 o.
767 386 891 440 cuarn
916 387 1002 440 anm

227 597 310 669 gem
336 581 373 644 et
399 571 516 644 virum
541 570 715 646 fallerent
759 569 822 646 Ille
850 572 1003 669 quidem,
1030 596 1177 646 securus
1196 572 1351 672 periculi
1377 573 1476 671 quod

227 682 396 773 instabat,
410 680 610 756 Alexandri
635 705 773 773 manns,
788 707 877 780 quas
905 684 1000 757 solas
1027 682 1187 773 timebat,
1210 684 1368 783 effugere
1393 709 1476 783 pro·

253 794 386 867 orabat.

178 819 252 978 3οΡ
330 903 468 993 Patron
494 915 625 994 autem,
641 901 860 979 Graecorum
886 902 973 996 dux,
986 905 1160 1004 praecipit
1186 904 1270 996 suis,
1297 913 1339 976 ut
1364 925 1527 998 mmaxr.
1595 967 1614 1006 ·.

228 1039 321 1111 quae
346 1015 383 1088 in
410 1016 557 1090 sarcinis
584 1026 691 1090 antea
717 1015 936 1106 ferebantur,
961 1015 1162 1107 induerent,
1176 1014 1225 1088 ad
1238 1039 1344 1088 omne
1364 1015 1475 1115 impe·

228 1127 322 1202 rium
354 1151 459 1202 suum
493 1126 611 1225 parati
643 1137 680 1200 et
711 1127 849 1201 intenti.
901 1125 984 1224 Ipse
1009 1152 1155 1200 currum
1181 1127 1275 1226 regis
1302 1127 1510 1224 sequebar

228 1239 299 1330 tur,
326 1237 504 1313 occasioni
530 1237 718 1311 imminens
746 1237 950 1335 alloquendi
977 1263 1078 1312 eum:
1104 1238 1237 1337 quippe
1262 1234 1365 1312 Bessi
1390 1239 1475 1312 faci·

228 1373 295 1423 nus
327 1357 586 1447 praesenserat.
639 1345 712 1424 Sed
737 1348 890 1440 Bessus,
925 1349 963 1422 id
996 1350 1116 1448 ipsum
1141 1361 1323 1440 metuens,
1351 1361 1475 1423 custos

140 1459 149 1474 '
228 1460 359 1550 verius,
387 1484 494 1557 quam
520 1484 650 1551 comes,
677 1485 699 1534 a
725 1486 832 1535 curru
858 1487 931 1535 non
958 1460 1159 1536 recedebat.
1198 1460 1272 1535 Diu
1298 1485 1384 1560 ergo
1407 1459 1511 1534 Pas

227 1580 313 1642 tron
338 1580 544 1662 cunctatus,
571 1597 613 1645 ae
639 1572 781 1670 saepius
809 1597 973 1647 sermons
999 1583 1210 1663 revocatus,
1232 1571 1340 1646 'inter
1365 1571 1475 1645 fidem

230 1681 467 1779 timoremque
498 1683 681 1757 haesitans
717 1709 839 1782 regem
869 1683 1086 1757 intuebatur.
1151 1682 1220 1774 Qui
1253 1694 1295 1757 ut
1326 1681 1511 1756 tandeme

228 1790 386 1870 advertit
412 1795 545 1885 oculos,
572 1793 742 1868 Bubacen
769 1793 966 1893 spadonem
996 1795 1092 1870 inter
1117 1795 1302 1895 proximos
1330 1819 1476 1867 cmrum

229 1919 439 2002 sequentem
465 1905 668 2004 percontari
694 1904 805 1996 iubet,
831 1906 1005 2003 numquid
1030 1906 1098 2004 ipsi
1125 1907 1213 1980 velit
1239 1905 1367 1980 dicere.
1408 1903 1475 1978 Pa·

227 2024 321 2105 tron,
348 2039 388 2088 se
415 2042 521 2108 vere,
548 2015 614 2090 sed
639 2017 786 2091 remotis
813 2017 973 2107 arbitris,
999 2019 1096 2116 loqui
1123 2019 1216 2091 velle
1242 2043 1324 2090 cum
1350 2043 1393 2090 eo
1420 2042 1475 2092 re·

228 2124 383 2222 spondit
436 2125 631 2225 Iussusque
656 2128 803 2226 propius
831 2126 1015 2220 accedere,
1049 2131 1125 2203 sine
1151 2129 1363 2226 interprete,
1389 2153 1475 2201 nam

226 2235 325 2309 hand
351 2237 450 2310 rudis
479 2235 636 2313 Graecae
661 2240 804 2337 linguae
830 2237 970 2313 Dareus
997 2250 1092 2314 erat:
1119 2239 1206 2332 Rea,
1231 2239 1357 2337 inquit,
1382 2265 1425 2313 ee
1449 2259 1511 2312 ns

228 2346 362 2422 mutu
393 2345 598 2422 mutuum
623 2375 843 2448 supersumus
862 2351 985 2448 pauci,
1011 2352 1119 2426 unae
1134 2354 1296 2454 fortunae
1322 2365 1398 2426 tuae
1423 2376 1474 2426 eo

229 2457 453 2550 animastis
477 2459 536 2534 boe
561 2472 615 2534 rue
641 2473 729 2534 statu
754 2461 870 2551 iidem,
906 2462 966 2560 qu·
977 2463 1121 2560 floreres
1146 2475 1175 2536 tc
1195 2463 1347 2564 finimus,
1374 2489 1473 2564 quas·

230 2593 358 2669 auoque
384 2583 490 2644 terras
516 2571 668 2670 clepera,
697 2597 766 2670 pro
794 2571 913 2671 patrie
938 2587 969 2646 et
994 2573 1179 2648 doureste'eis
1203 2573 1301 2648 rebus
1321 2575 1472 2674 pentura.

264 2769 331 2849 Cap.
350 2777 398 2838 30,
426 2773 448 2839 §-
470 2780 492 2824 1.
521 2747 656 2842 pascuit
679 2773 757 2894 mill
784 2770 834 2824 Hi·
868 2779 922 2840 est,
954 2779 982 2826 et
1007 2772 1174 2828 auctoritatis
1199 2790 1277 2827 eausa
1303 2774 1422 2828 culicum
1444 2783 1475 2829 et

230 2845 356 2893 stoneum
392 2839 445 2894 uod
462 2849 573 2894 vocatur
589 2856 713 2912 praesens

228 2907 310 2960 Bern.
331 2909 357 2961 A
402 2907 521 2964 lon-AB
539 2910 742 2980 ‚commendant
773 2909 833 2962 edd.
867 2909 938 2964 idem
956 2911 991 2964 sit
1008 2919 1088 2981 atquc
1102 2921 1377 2965 avocatusasennoae
1394 2927 1475 2982 quem

224 2978 369 3047 paecepit.
868 2996 927 3034 eum
945 2995 1009 3049 rege
1026 2987 1131 3033 nectere
1149 2979 1361 3050 concupiscebat.
1379 2979 1475 3035 Solent

263 3048 289 3112 s.
309 3052 334 3100 8.
361 3063 479 3100 semmae
496 3047 643 3118 reuocatus]
668 3044 753 3101 Modii
771 3063 833 3102 con-
870 3055 959 3100 autem
990 3047 1017 3101 hi
1044 3047 1139 3102 aetatis
1162 3057 1306 3118 argenteae
1331 3047 1474 3119 scriptores

227 3111 357 3168 iacturam
383 3124 501 3170 revocato
527 3115 642 3170 editores
664 3114 834 3186 insequentes
868 3115 978 3187 proserii
995 3115 1139 3171 ablativum
1155 3134 1244 3171 msam
1255 3116 1350 3170 omissa
1357 3133 1474 3198 praepo-

227 3182 284 3234 fere
301 3199 390 3237 omnes
416 3191 587 3254 receperunt,
614 3201 773 3266 quamquam
795 3183 834 3236 di·
868 3183 963 3238 sitione
980 3185 1135 3239 cumverbis
1149 3187 1297 3238 reumueudi
1305 3203 1474 3258 coniungere,

228 3266 305 3304 versa
326 3251 429 3305 ratione
451 3251 594 3322 explicant.
634 3253 741 3306 Modms
764 3252 834 3306 enim
869 3261 941 3306 uerte
958 3253 1037 3324 longe
1054 3255 1217 3323 frequentius
1234 3254 1262 3308 id
1280 3253 1475 3326 faciuntquam

228 3317 281 3370 hoc
304 3318 355 3372 diei
381 3318 454 3372 vult:
487 3321 598 3374 serendo
620 3321 731 3374 subinde
754 3320 834 3374 alium
870 3320 963 3376 Cicero
985 3329 1013 3376 et
1036 3322 1167 3392 aequales.
1201 3323 1252 3376 Est
1277 3322 1358 3376 auam
1380 3323 1430 3378 hae
1446 3325 1474 3379 in

228 3393 311 3454 atque
332 3385 412 3438 alium
434 3403 580 3440 sermonem
602 3397 722 3458 captasse
739 3387 834 3442 Patro·
868 3407 898 3444 rs
916 3391 1045 3461 quasdam
1063 3409 1123 3444 eum
1141 3391 1226 3462 potitis
1244 3390 1401 3460 similitudo,
1428 3409 1474 3446 ve-

138 3451 142 3460 '
228 3469 290 3504 nem
308 3454 470 3508 occasionem
487 3451 660 3510 demetocum
677 3456 767 3510 Dareo
780 3457 833 3511 col-
868 3476 928 3512 rum
944 3460 994 3514 boo
1010 3459 1090 3514 velim
1107 3459 1211 3514 attendi
1232 3458 1360 3514 eiusmodi
1378 3461 1474 3515 ablati·

228 3520 367 3592 loquendi;
386 3521 581 3577 Freinshemius
590 3535 708 3578 revocato
717 3543 833 3579 semeae
866 3544 914 3582 vos
946 3529 1128 3600 responsore,
1142 3537 1475 3584 namrevocotussermone

228 3605 285 3643 esse
302 3598 394 3660 putat:
412 3607 472 3644 cum
489 3592 593 3662 saepius
608 3592 725 3647 dicturus
735 3593 833 3648 totiens
867 3595 889 3650 si
934 3597 1041 3663 ixisset,
1076 3596 1207 3650 ablativus
1228 3614 1282 3651 non
1305 3606 1394 3668 posset
1417 3615 1474 3652 asse

228 3673 257 3712 se
279 3659 462 3728 repressisset,
484 3677 628 3732 vocemque
649 3661 702 3716 iam
745 3663 833 3718 redire
866 3663 916 3718 nisi
935 3665 980 3736 qui
998 3664 1095 3720 dicitnr
1111 3664 1163 3718 abl.
1185 3665 1362 3720 instrumenti.

227 3725 361 3805 polentem
378 3729 452 3808 quasi
469 3730 689 3801 reprehendisset.
713 3681 832 3796 (luamm
946 3765 971 3812 4·
1007 3759 1131 3812 Bubacen
1149 3766 1178 3812 ω
1195 3759 1220 3812 ᾖ,
1239 3759 1256 3812 Ι·
1274 3768 1303 3813 et
1324 3776 1346 3814 c·
1365 3767 1398 3816 33
1443 3768 1475 3816 ιο

161 3830 166 3838 ·
229 3802 492 3879 etefrffilfltlfflmv
511 3798 534 3852 Εἰ
550 3799 578 3852 id
595 3799 685 3870 spru
701 3801 766 3881 trid
782 3799 835 3882 aa.
870 3799 947 3882 ..a
986 3826 1093 3898 resque.
1132 3827 1207 3881 ants
1230 3827 1361 3882 stercen
1403 3801 1475 3902 inor

228 3870 287 3917 tme
303 3865 416 3945 mtelhgr
433 3867 544 3935 debeat,
571 3868 642 3922 baud
664 3869 744 3923 dubie
761 3887 835 3940 prior
869 3904 912 3949 θη
928 3895 956 3948 in
997 3895 1044 3949 10,
1063 3895 1145 3950 ΒΘΗ
1162 3895 1244 3949 ΒΜ
1261 3896 1294 3950 Β,
1372 3869 1380 3897 ‘

229 3940 271 3984 est
288 3949 384 4000 venor,
402 3953 464 3988 nam
481 3954 622 3990 sennonem
641 3955 763 3992 revocure
782 3957 835 3993 non
1006 3991 1012 4002 ,
1053 3992 1058 4004 ,
1096 3992 1101 4003 ,
1163 3991 1168 4004 ,
1220 3992 1225 4004 ,
1424 3995 1429 4005 ,

204 3997 216 4016 '
228 4000 300 4053 idem
314 4010 355 4055 est
370 4003 441 4072 quod
450 4021 573 4060 revocare
582 4023 673 4060 vocem
682 4007 738 4060 sive
746 4007 834 4060 verba.
883 3993 1032 4070 „⁷²2⁶”le
1047 4009 1100 4060 ²1³⁸·
1118 3991 1178 4044 ”⁶²²²
1196 3993 1292 4060 ΨΜ]
1310 3989 1401 4071 vllg⁰
1419 4010 1476 4063 ²1²³ss

229 4069 331 4122 Verum
348 4069 414 4124 illud
431 4091 548 4144 quoque,
567 4075 639 4144 quod
656 4075 763 4128 Modius
781 4085 834 4129 sta-
869 4075 925 4138 5¹¹1&
943 4077 1034 4125 sensus
1062 4075 1177 4139 ΜΗΘ
1200 4067 1280 4139 aniel
1303 4061 1409 4140 ‘luldfflP
1422 4078 1476 4141 ,Per

230 4138 293 4204 tuit,
311 4138 455 4193 Patronem
479 4159 539 4195 cum
562 4159 625 4212 rege
648 4143 699 4196 iam
721 4143 834 4198 colloeu-
869 4126 1273 4209 {nlffl'l’ffilemlfflllnfflluem-
1292 4127 1477 4209 Sfflbeffsslffl

230 4213 288 4258 tum
306 4206 385 4260 fuisse
402 4216 484 4278 atque
502 4211 569 4264 adeo
586 4227 718 4265 sermones
737 4213 770 4266 de
788 4229 833 4265 va·
869 4215 931 4264 dm,
944 4196 1022 4276 ,(,Ιῑῑθᾱ
1037 4214 1072 4276 ,¹¹¹
1093 4197 1225 4276 ⁰⁰d!⁰¹b¹¹⁸
1248 4215 1411 4267 110111)εωριε
1429 4200 1476 4252 fled

229 4273 274 4329 fij,
295 4277 374 4328 ,ebus
398 4277 523 4346 semisse,
550 4297 602 4333 non
629 4278 770 4333 verisimile
792 4281 833 4348 fit,
867 4283 920 4318 non
943 4283 974 4318 ns
1017 4265 1093 4317 uibus
1117 4264 1181 4318 alms
1207 4265 1339 4320 confidere
1362 4266 1477 4322 solemus

229 4344 353 4414 quoniam
379 4345 458 4416 paulo
482 4356 545 4418 post
571 4346 674 4401 Dareus
700 4350 734 4402 od
759 4349 833 4402 illum
867 4333 1003 4404 legitur(
1027 4332 1342 4403 ⁸¹·1F10r·DEFHl)·

228 4411 313 4466 mittit
336 4413 463 4486 numquid
480 4415 530 4469 sibi
548 4416 630 4470 vellet
647 4417 742 4471 dicere.
777 4417 833 4471 Ita·
902 4423 925 4488 ξ.
945 4425 968 4474 5.
995 4437 1160 4488 quascunque
1178 4429 1264 4474 terras
1283 4421 1405 4543 eleyerisq
1431 4421 1479 4476 Sic

228 4499 280 4553 que
298 4500 414 4538 sarincae
431 4496 575 4551 revocatus,
588 4502 656 4557 quae
669 4493 745 4542 vetus
754 4487 832 4543 lectio
868 4504 957 4543 omnes
974 4487 1035 4542 libri
1052 4505 1127 4556 mss,
1154 4497 1185 4541 ut
1208 4488 1323 4542 nesciam
1348 4507 1422 4544 une
1448 4491 1477 4545 in

757 2847 831 2894 ossl
869 2841 903 2894 ob
926 2858 1031 2895 sensum
1053 2843 1129 2896 unice
1154 2841 1217 2894 mihi
1243 2841 1386 2913 probatur,
1413 2859 1475 2897 enm
