3270 5290
211 351 283 424 188
683 370 717 434 o.
745 369 980 422 cuau1nur1

209 552 311 652 quasi
342 553 436 626 feras
471 553 605 627 bestias
637 554 736 652 ipsos
762 577 869 652 posse
897 551 1127 650 deprehendi.
1179 551 1238 628 Ex
1265 555 1370 628 unius
1397 581 1455 629 ca·

207 665 298 764 ptivi
323 665 384 740 vel
409 663 481 740 fide
506 665 566 740 vel
590 663 710 736 anima
734 662 892 761 pendere
917 673 955 738 et
980 664 1074 762 regis
1101 665 1255 738 salutem
1281 676 1318 740 et
1339 691 1452 739 suam.

207 775 371 852 Tandem
404 801 536 852 venere
570 775 607 848 in
632 775 768 872 iugum.
820 773 856 848 A
882 773 1013 848 dextra
1037 775 1105 848 iter
1130 774 1179 849 ad
1204 777 1322 874 ipsum
1347 777 1451 852 Ario·
1469 799 1504 847 ro

206 889 388 965 barzanen
423 897 517 961 erat:
550 887 608 959 hic
639 884 820 958 Philotam
851 896 889 960 et
923 884 1070 959 Coenon
1105 911 1186 960 cum
1217 886 1381 987 Amynta
1415 899 1453 964 et

208 997 483 1098 Polyperconte,
511 994 717 1096 expeditam
741 996 917 1070 habentes
944 1021 1109 1087 manum,
1135 997 1313 1094 relinquit,
1339 1000 1452 1072 moni-

208 1121 283 1200 tos,
318 1119 360 1183 ut
394 1109 478 1206 quia
512 1133 621 1205 eques
652 1106 766 1206 pediti
792 1119 871 1181 erat
895 1109 1046 1198 mixtus,
1082 1131 1154 1203 qua
1178 1107 1452 1204 pinguissimum

208 1232 306 1295 esset
336 1220 452 1294 solum
486 1229 523 1292 et
556 1221 679 1316 pabuli
711 1220 844 1309 fertile,
883 1219 1017 1292 sensim
1050 1216 1303 1315 procederent:
1340 1219 1450 1294 duces

209 1343 313 1408 erant
337 1331 473 1405 itineris
500 1329 545 1404 de
572 1331 723 1428 captivis
751 1329 834 1404 dati.
887 1329 970 1427 lpse
1001 1354 1083 1402 cum
1109 1328 1294 1426 armigeris
1320 1340 1358 1402 et
1384 1333 1451 1421 ala,
1470 1351 1504 1401 21

208 1449 316 1541 quam
341 1441 482 1540 Agema
507 1441 747 1539 appellabant,
772 1439 886 1516 ardua
912 1441 1048 1530 semita,
1076 1439 1141 1512 sed
1165 1439 1306 1537 longius
1333 1465 1356 1514 a
1381 1453 1452 1516 sta
1518 1528 1521 1532 ,

209 1553 366 1627 tionibus
397 1553 556 1626 hostium
589 1563 744 1644 remota,
777 1552 892 1626 multa
922 1576 1004 1624 curn
1039 1550 1233 1624 vexatione
1266 1554 1451 1648 processit.

207 1661 348 1740 Medius
375 1673 453 1738 erat
479 1663 566 1754 dies,
593 1673 630 1738 et
655 1664 813 1762 fatigatis
838 1661 1040 1736 necessaria
1065 1661 1182 1758 quies:
1217 1662 1349 1761 quippe
1374 1673 1453 1736 tan·
1471 1684 1504 1732 aa

208 1774 358 1850 tundem
391 1775 528 1848 itineris
555 1785 758 1873 supererat,
785 1784 959 1871 quantum
985 1772 1120 1846 emensi
1145 1782 1264 1862 erant,
1299 1772 1365 1848 sed
1390 1775 1453 1848 mi·

207 1911 276 1960 nus
304 1887 508 1985 praecipitis
535 1895 643 1982 atque
671 1885 783 1958 ardui.
826 1884 953 1982 Itaque
978 1884 1119 1958 refectis
1147 1884 1227 1958 cibo
1253 1909 1452 1984 somnoque
1470 1907 1503 1955 aa

208 1998 395 2088 militibus,
428 1995 586 2072 secunda
620 1997 742 2095 vigilia
772 1997 897 2095 surgit.
958 1993 1007 2068 Et
1038 2005 1158 2070 cetera
1184 1995 1328 2092 quidem
1353 1997 1452 2070 haud

208 2134 316 2206 aegre
341 2108 514 2206 praeterit
521 2135 531 2197 ;
564 2120 742 2198 ceterum,
768 2129 839 2204 qua
865 2131 904 2180 se
930 2107 1104 2180 montium
1129 2108 1253 2205 iugum
1279 2107 1453 2205 paulatim

208 2218 257 2291 ad
289 2219 450 2316 planiora
482 2217 653 2308 demittit,
688 2218 814 2315 ingens
845 2241 981 2314 vorago
1014 2241 1189 2292 concursu
1224 2228 1354 2292 cavata
1379 2229 1481 2311 torg

207 2330 363 2402 rentium
389 2330 457 2402 iter
482 2340 639 2426 ruperat.
684 2327 745 2399 Ad
769 2329 839 2401 hoc
865 2328 1035 2402 arborum
1059 2329 1158 2402 rami'
1175 2330 1266 2402 alius
1292 2330 1362 2404 alio
1389 2331 1452 2402 irn-
1469 2351 1505 2400 sr

209 2439 331 2539 plicati
357 2450 395 2514 et
420 2440 652 2513 cohaerentes
678 2449 720 2511 ut
745 2450 958 2537 perpetuam
983 2441 1189 2514 obiecerant
1215 2465 1346 2537 sepem.
1382 2439 1452 2516 De-

209 2549 366 2649 speratio
407 2551 515 2648 igitur
549 2551 691 2647 ingens,
729 2547 821 2622 adeo
857 2559 898 2622 ut
929 2551 993 2624 vix
1026 2549 1180 2624 lacrimis
1219 2552 1451 2642 abstinerent,

208 2663 413 2736 incesserat.
466 2659 662 2758 Praecipue
690 2659 890 2733 obscuritas
917 2661 1045 2733 terrori
1072 2671 1169 2734 erat:
1201 2685 1286 2735 nam
1312 2663 1452 2736 etiamsi
1470 2682 1505 2730 aa

208 2898 289 2952 batur
316 2898 418 2964 aalma,
451 2897 523 2966 quod
552 2894 647 2948 falsum
673 2893 735 2964 quia
758 2911 814 2947 non
847 2904 872 2949 et
889 2912 976 2964 quum,
993 2894 1066 2948 Flor.
1085 2895 1111 2949 G
1127 2904 1157 2949 et
1173 2862 1254 2949 Bdrn.
1272 2896 1295 2948 B
1313 2904 1454 2968 praeterea

209 2967 299 3020 differt
315 2983 332 3019 a
348 2965 409 3032 fide,
428 2983 488 3019 cum
503 2966 592 3018 aniam
607 2963 714 3017 sitvita
733 2962 813 3025 Quod
848 2973 905 3016 crat
940 2979 971 3015 ro
989 2974 1063 3016 erret.
1077 2963 1158 3018 Snalr.
1177 2982 1210 3016 ex
1228 2963 1303 3018 Leid.
1322 2976 1345 3018 et
1363 2983 1452 3046 qutun,
1542 3021 1545 3026 Α

208 3053 269 3090 oum
285 3034 454 3088 manifestum
471 3033 520 3100 sit,
547 3031 628 3085 miror
653 3031 680 3084 in
698 3039 813 3101 utroque
846 3047 881 3084 ex
898 2981 976 3084 ilisa
996 3038 1010 3084 2
1029 3049 1108 3101 quum
1126 3033 1211 3085 affert.
1229 3035 1353 3102 Apparet
1369 3033 1454 3104 rgitur

129 3141 133 3150 ·
207 3104 288 3158 Bern.
321 3110 349 3156 et
377 3121 438 3156 mss.
465 3101 528 3155 olim
559 3099 660 3155 collatis
691 3099 812 3153 omnibus
847 3101 921 3170 quod
947 3117 1017 3153 nunc
1042 3100 1130 3152 editur
1155 3101 1197 3152 edi
1224 3102 1257 3153 de
1289 3101 1451 3169 coniectura,

206 3175 295 3226 animo
318 3171 455 3224 inventum
481 3186 555 3236 esse,
582 3186 616 3222 ex
634 3168 704 3222 Flor.
722 3177 811 3222 autem
846 3167 896 3221 nisi
923 3167 982 3238 quis
1007 3167 1192 3223 Florentinum
1219 3169 1241 3222 C
1268 3169 1321 3223 fide
1344 3179 1453 3224 censeat

207 3248 315 3311 praeter
332 3239 370 3293 CI
387 3238 491 3292 enotari
508 3239 606 3290 onium.
863 3236 1106 3308 mestarereliquis3
1116 3239 1161 3290 sed
1171 3237 1452 3294 coniecturabonaest.

242 3311 265 3375 §-
288 3312 329 3360 20.
371 3324 388 3358 α
413 3308 516 3372 unua]
557 3303 601 3358 Sia
624 3304 705 3358 Bern.
732 3305 758 3357 A
783 3311 812 3357 et
873 3323 918 3358 um
936 3308 1013 3358 daces
1032 3315 1127 3359 erunt
1144 3306 1451 3377 summatimque·

205 3373 269 3427 libri
295 3373 366 3428 Flor.
395 3381 501 3443 praeter
530 3389 611 3424 unum
640 3372 676 3424 Η.
720 3371 811 3440 Vulgo
845 3391 904 3425 rum
925 3374 1065 3426 verborum
1086 3374 1202 3427 medium
1224 3373 1337 3428 Acidalii
1361 3381 1452 3429 conie-

207 3447 322 3496 deatero.
359 3441 429 3494 Tum
449 3441 649 3494 samareum
667 3439 727 3492 dedi
746 3445 811 3506 (non
846 3448 923 3494 otura
953 3440 1041 3494 inutili
1066 3441 1261 3496 Freinshemius
1291 3444 1450 3508 sustuleram

206 3529 245 3566 em
263 3519 294 3562 ut
312 3517 353 3562 est
371 3509 398 3562 in
415 3508 494 3562 editis
511 3507 810 3578 prseterSnalr.)Bern.
844 3517 873 3562 et
890 3511 1058 3578 appellabunt
1076 3511 1155 3577 (sicut
1173 3525 1211 3576 tv,
1230 3516 1273 3574 50,
1292 3513 1339 3582 26)
1357 3509 1450 3582 scripsi

206 3576 390 3632 amoram
407 3585 529 3642 secutus;
548 3577 627 3630 credo
644 3575 723 3628 etiam
734 3574 809 3628 Leid.
844 3595 895 3646 pro
918 3577 988 3646 vulg.
1016 3581 1150 3648 appellunt
1174 3578 1303 3633 librorum
1331 3599 1393 3634 mss.
1420 3588 1449 3634 et

205 3647 309 3700 Voss.l
328 3646 366 3700 sic
383 3646 489 3712 habere,
509 3643 633 3715 quonism
643 3643 724 3697 Snalr.
742 3643 810 3696 silet.
844 3645 908 3699 edit.
927 3645 1069 3699 Modianae
1086 3665 1223 3701 consensu.

205 3713 310 3768 Deinde
328 3715 451 3783 relinquit
468 3731 503 3768 ex
520 3711 626 3786 optimis
639 3711 810 3783 plurimisque
878 3717 901 3781 ξ.
919 3721 962 3768 23.
995 3717 1070 3768 laud
1090 3733 1169 3784 oepre
1189 3718 1328 3785 praeterit]
1373 3717 1451 3772 Editi

204 3801 256 3854 pro
281 3783 354 3853 vulg.
380 3785 499 3852 reliquit,
532 3797 600 3853 quse
627 3799 682 3839 nou
712 3789 753 3834 ost
776 3782 810 3833 de
861 3784 985 3836 reuertit.
1020 3782 1090 3836 Item
1111 3793 1173 3854 post
1198 3789 1322 3838 morsuum
1349 3788 1449 3856 lupum,

204 3851 303 3926 nostris
336 3849 387 3904 uisi
418 3852 445 3904 in
471 3851 543 3905 Flor.
570 3849 636 3904 DEl
667 3851 748 3903 Bern.
775 3850 808 3903 B.
838 3801 894 3906 hoc
911 3851 1019 3918 ordine,
1038 3869 1128 3906 omnes
1145 3853 1216 3906 mati.

205 3921 348 3974 Proernisr't
385 3921 439 3973 uod
454 3919 551 3990 legitur
565 3919 808 3973 inhienrlldlun.
877 3923 900 3988 5.
919 3926 960 3972 24.
978 3921 1017 3972 od
1032 3922 1091 3990 hoc]
1114 3919 1159 3974 Sic
1176 3921 1237 3974 libri
1254 3921 1340 3975 nostri
1357 3939 1449 3976 onnes

205 3987 234 4041 in
251 3987 325 4042 nullo
393 3987 431 4042 'aa
448 3987 585 4042 inventum
603 3997 653 4042 est.
841 3997 870 4040 et
887 3987 961 4040 Leid.
979 3990 1057 4042 Voss.
1074 3998 1086 4041 1
1107 4007 1173 4058 quos
1190 3989 1271 4042 Snuk.
1288 4008 1448 4046 commemo-

203 4059 501 4178 Sicqld‘ddiddedurheddll
522 4059 716 4177 ffideddddbb
725 4057 806 4178 ddi]
841 4055 996 4179 laelslesedillr
1007 4057 1258 4194 ll‘dlglacedduulidllll
1263 4068 1344 4180 uhoulh
1355 4061 1449 4180 (Ἓξ

203 4193 250 4266 sed
267 4200 434 4247 unotantum
447 4143 628 4246 turdulorc
645 4163 808 4246 conduentes:
841 4193 901 4247 libri
928 4143 987 4248 urbs.
1015 4193 1100 4247 nostn'
1117 4203 1146 4246 et
1163 4193 1360 4265 Snslreuburgii
1386 4213 1448 4250 cum

202 4261 274 4314 Nem
296 4259 459 4330 integerrimi
477 4261 541 4314 alias
564 4261 643 4314 codd.
683 4261 764 4314 Ber-n.
781 4262 807 4313 Α
841 4261 905 4314 edit.
927 4262 1063 4316 Modiana.
1112 4263 1146 4316 t'r
1163 4273 1319 4331 pemeluum
1344 4263 1447 4317 dictum

202 4329 274 4384 Flor.
292 4329 342 4382 AB
360 4347 420 4382 eum
437 4328 621 4382 Leid.Voss.l
642 4338 667 4408 e(
682 4327 808 4382 adiiciunt
841 4349 890 4400 pro
915 4333 994 4399 quusi
1015 4341 1177 4398 perpetuom.
1213 4331 1270 4386 Cic.
1294 4333 1328 4384 de
1350 4345 1444 4401 rapt,

203 4408 265 4452 ante
289 4415 381 4466 eqrrer,
411 4407 439 4451 et
468 4413 559 4452 omnes
586 4405 668 4449 nostrr
718 4405 807 4450 raeter
843 4406 873 4452 12
893 4410 920 4452 ut
938 4401 1047 4452 militiae
1064 4429 1100 4439 -
1118 4402 1276 4469 Africanum
1295 4411 1331 4452 ur
1349 4403 1446 4452 deum

202 4466 307 4522 Flore
327 4483 387 4521 oum
403 4467 463 4520 edd.
481 4475 549 4520 vett.
566 4483 617 4536 pro
635 4483 687 4534 qus
700 4415 806 4520 habeut
841 4468 1059 4522 calermLoelius.
1078 4466 1154 4522 Unus
1163 4467 1277 4522 Bern.B
1293 4467 1394 4522 omittit
1408 4478 1447 4522 ut.
