3214 5288
194 393 245 463 44
665 405 698 469 e.
727 405 850 458 curru
877 406 962 457 surr

193 593 378 691 quebatur,
404 589 562 688 opimum
588 586 696 661 decus
722 613 826 663 caeso
851 613 937 686 rege
964 597 1146 687 expetens.
1194 585 1334 686 Quippe
1359 587 1429 663 Da·

191 729 275 777 reus
301 727 407 775 curru
433 698 592 773 sublimis
620 698 817 789 eminebat,
857 709 895 773 et
929 700 1001 772 suis
1027 699 1075 772 ad
1100 725 1138 773 se
1163 697 1353 791 tuendum,
1393 712 1430 774 et

191 813 354 887 hostibus
380 810 428 884 ad
452 807 702 882 incessendum
727 809 852 908 ingens
878 811 1157 884 incitamentum.
1195 807 1293 906 Ergo
1318 812 1466 885 fraters

191 926 266 998 eius
282 921 475 1010 Oxathres,
502 943 583 992 cnm
603 919 852 995 Alexandrum
875 923 1010 994 instare
1035 921 1068 994 ei
1083 929 1254 1010 cerneret,
1281 923 1428 1018 equites,

190 1034 317 1130 quibus
344 1039 518 1131 praeerat,
543 1040 628 1103 ante
653 1031 770 1128 ipsum
796 1057 939 1104 currum
964 1030 1058 1128 regis
1084 1029 1232 1120 obiecit,
1258 1033 1365 1105 armis
1392 1042 1430 1106 et

188 1144 318 1217 robore
345 1141 503 1240 eorporis
528 1141 682 1213 multum
708 1166 816 1240 super
842 1155 980 1215 ceteros
1001 1143 1170 1231 eminens,
1197 1142 1315 1216 animo
1341 1167 1429 1216 vero

190 1263 227 1328 et
250 1255 384 1352 pietate
410 1254 447 1325 in
473 1251 701 1349 paucissimis.
767 1251 831 1325 lllo
857 1252 982 1348 utique
1007 1253 1143 1349 proelio
1169 1253 1302 1343 clarus,
1341 1253 1428 1327 alios

188 1361 388 1461 improvide
414 1363 591 1435 instantes
619 1363 830 1460 prostravit,
869 1363 957 1436 alios
982 1362 1019 1433 in
1044 1361 1167 1459 fugam
1192 1364 1332 1436 avertit
1377 1364 1464 1437 Ata

188 1473 412 1564 Macedones,
441 1472 550 1572 (circa
568 1496 690 1570 regern
704 1471 831 1570 erant)
857 1482 984 1546 mutua
1009 1470 1260 1547 adhortatione
1286 1475 1426 1566 firmati,

191 1609 271 1656 erun
296 1584 374 1681 ipso
400 1584 437 1655 in
464 1584 623 1681 equitum
649 1608 777 1680 agmen
803 1584 1014 1681 irrumpunt.
1073 1581 1165 1655 Tum
1190 1607 1278 1658 vero
1305 1585 1427 1658 similis

186 1693 311 1766 ruinae
338 1704 476 1792 strages
504 1707 590 1769 erat.
619 1691 721 1767 Circa
741 1719 885 1768 cunum
895 1693 1003 1767 Darei
1029 1695 1195 1768 iacebant
1219 1695 1427 1769 nobilissimi

188 1802 316 1894 duces,
357 1815 440 1879 ante
468 1805 589 1877 oculos
615 1806 709 1902 regis
737 1805 879 1903 egregia
904 1813 1021 1878 morte
1046 1803 1213 1896 defimcti,
1240 1831 1364 1880 omnes
1389 1807 1426 1879 in

187 1939 251 1987 ora
276 1914 398 2012 proni,
425 1915 517 1988 sicut
543 1912 752 1989 &micantes
777 1916 1061 2015 procubuerant,
1097 1915 1250 1990 adverso
1277 1943 1426 2015 corpore

186 2025 394 2098 vulneribus
420 2026 584 2123 acceptis.
637 2026 736 2100 luter
760 2027 828 2100 hos
853 2026 1012 2126 Atizyes,
1040 2037 1078 2100 et
1103 2027 1363 2118 Rheomithres,
1390 2040 1483 2102 etro

186 2131 332 2206 Sataces
367 2146 511 2232 praetor
536 2135 714 2234 Aegypti,
746 2161 960 2234 magnorum
992 2138 1215 2210 exercitium
1246 2141 1426 2236 praefecti,

184 2245 473 2316 noscitabantur:
500 2244 593 2317 circa
619 2271 680 2318 eos
701 2247 880 2319 cumulata
906 2257 984 2320 erat
1008 2246 1171 2344 peditum
1197 2250 1426 2346 equitumque

186 2353 371 2427 obscurior
410 2353 525 2426 turba.
591 2352 828 2430 Macedonum
863 2381 1004 2453 qnoque
1036 2384 1110 2431 non
1143 2359 1287 2456 quidem
1312 2360 1426 2448 multi,

185 2463 250 2537 sed
275 2464 530 2560 promptissimi
564 2474 685 2536 tamen
720 2467 814 2539 eaesi
846 2477 944 2539 sunt:
984 2469 1077 2541 inter
1109 2495 1200 2566 quos
1226 2467 1425 2544 Alexandri

185 2568 353 2646 dextrum
379 2575 494 2646 femur
520 2573 646 2647 leviter
672 2600 842 2649 mucrone
874 2579 1103 2674 perstrictum
1136 2591 1200 2654 est.
1277 2580 1425 2676 Iamque
1445 2601 1477 2648 11

184 2684 245 2780 qui
257 2681 415 2756 Dareum
427 2682 610 2756 vehebant
630 2687 720 2781 equi,
747 2687 901 2760 confossi
922 2688 1034 2762 hastis
1061 2698 1098 2762 et
1124 2688 1248 2764 dolore
1274 2691 1423 2781 efferati,

182 2791 306 2891 iugum
336 2781 483 2888 quatere
517 2802 554 2866 et
587 2819 708 2892 regem
744 2822 850 2870 curm
888 2809 1057 2874 excutere
1095 2812 1302 2898 coeperant:
1341 2826 1425 2874 cum

180 2904 250 2994 ille,
276 2902 412 2976 veritus
437 2927 484 2975 ne
509 2903 614 2978 vivus
640 2907 781 2979 veniret
804 2908 841 2979 in
869 2907 1025 2981 hostium
1041 2921 1267 3008 potestatem,
1295 2911 1423 3004 desilit,

182 3014 282 3087 etin
310 3038 450 3110 equum,
478 3013 538 3110 qui
564 3014 705 3087 adhoc
732 3017 849 3115 ipsum
875 3019 1107 3114 sequebatur,
1131 3021 1344 3118 imponitur:
1370 3022 1423 3094 in·

180 3123 339 3220 signibus
366 3147 507 3220 quoque
533 3125 688 3222 imperii,
715 3151 761 3199 ne
786 3128 908 3225 fugam
933 3127 1143 3226 proderent,
1169 3129 1335 3205 indecore
1362 3132 1424 3205 ab·

179 3326 264 3372 verat.
312 3319 383 3372 Nam
408 3320 504 3390 reliqui
530 3320 590 3374 libri
616 3321 667 3373 moi
693 3339 783 3376 omnes
819 3332 848 3378 et
865 3324 1028 3396 Diodorum
1047 3329 1167 3384 Curtiani
1185 3331 1245 3385 libri
1256 3333 1318 3386 -sere
1338 3334 1424 3386 Thro-

180 3387 260 3458 paulo
277 3386 403 3440 rariorem
427 3388 538 3442 sormam
561 3397 707 3442 servarunt.
743 3391 783 3444 cf.
819 3395 913 3462 imiter,
948 3394 1071 3450 Bern.B
1097 3398 1169 3452 Flor.
1193 3400 1221 3453 H
1250 3401 1422 3470 iborouutes,

181 3456 303 3535 Append.
321 3469 360 3521 w,
373 3461 464 3522 36,29.
482 3456 601 3510 Eandem
618 3455 784 3511 librariorum
818 3459 881 3514 edit.
899 3480 940 3532 pr.
962 3465 1097 3518 Troantes.

180 3523 313 3576 beonnam
338 3523 408 3643 alpud
425 3523 529 3576 Livium
547 3525 697 3579 observavit
714 3525 783 3579 Dra-
853 3531 964 3585 Sorores
982 3533 1101 3603 plerique
1118 3551 1208 3588 omnes
1217 3536 1285 3606 libri,
1305 3538 1421 3590 Sorores

180 3591 259 3644 kanb.
286 3591 320 3642 ad
366 3592 391 3644 b.
417 3606 519 3660 xxxvr,
542 3600 583 3647 81.
619 3594 644 3646 A
663 3595 699 3646 ud
727 3593 782 3650 cte.
816 3596 931 3651 BernB
948 3599 1065 3668 Flenll,
1084 3602 1171 3656 nullus
1188 3604 1281 3658 saltem
1293 3606 1420 3670 Sabaces,

178 3666 322 3728 utrumque
331 3658 358 3710 in
368 3659 416 3713 hac
425 3659 645 3730 significationen
673 3662 780 3730 ciorum,
818 3683 870 3736 quo
902 3667 1007 3721 nomine
1039 3671 1181 3724 seeundum
1207 3673 1311 3725 Arrian.
1336 3671 1421 3742 uulgo

178 3727 435 3782 inalteradonorum
449 3731 779 3801 sempermunerodicitur.
815 3733 978 3804 appellatur,
1007 3753 1067 3790 cum
1093 3740 1163 3809 apud
1180 3740 1289 3794 Diodor.
1307 3741 1342 3795 ait
1363 3745 1420 3792 To-

213 3797 237 3862 §.
256 3801 280 3848 9.
299 3797 369 3848 circo
388 3813 472 3868 repon
491 3801 576 3866 erant]
610 3797 780 3855 Ἀσυνδέτως
815 3805 918 3866 ordros.

178 3861 348 3933 explicandae
374 3864 412 3918 rei
439 3883 516 3918 musa
541 3867 672 3920 adiectum
699 3875 779 3937 puta:
849 3873 872 3938 ς,
892 3877 932 3923 11.
983 3873 1011 3924 ui
1028 3876 1066 3927 od
1081 3875 1129 3928 boc
1146 3877 1157 3928 i
1174 3893 1232 3930 sum
1249 3878 1417 3948 sequebatur]

177 3948 239 3984 nam
256 3932 327 4001 qnod
345 3933 425 4052 rupo
442 3932 540 4004 legitur
557 3944 585 3987 ut
603 3937 675 4014 circo
693 3953 779 4015 repent
814 3939 905 4006 Ipsum
931 3887 1020 3992 addidi
1038 3957 1072 3994 ex
1095 3895 1173 3997 codd
1198 3945 1263 3998 meis
1289 3943 1419 4000 omnibus.

177 4009 253 4052 eram
271 4015 319 4052 nec
336 4009 427 4070 expet
444 4019 548 4054 murum
564 4019 614 4056 nec
631 4003 682 4055 aha
695 4012 778 4056 veteri
813 4005 889 4059 Solet
908 4005 1016 4062 Curtius
1034 4011 1105 4064 nuda
1171 4013 1278 4066 nomina
1304 4017 1342 4067 od
1358 4015 1416 4080 loc,

178 4065 338 4120 auctoritate
355 4069 475 4123 firmatur
492 4089 570 4140 quarn
583 4070 654 4123 Flor.
666 4071 700 4123 l).
718 4071 778 4125 Mo·
813 4075 843 4126 ob
862 4075 892 4127 iu
908 4075 957 4128 hac
974 4077 1077 4132 rationo
1094 4079 1121 4132 fu
1132 4080 1193 4147 rire,
1212 4089 1244 4135 nt
1262 4097 1301 4149 rv,
1322 4087 1352 4134 12
1373 4085 1417 4134 de-

177 4133 230 4187 lem
247 4133 368 4188 similium
386 4138 564 4207 exemplorum
583 4139 642 4191 vide
657 4138 779 4192 collatam
813 4143 909 4195 silum
927 4145 955 4196 io
973 4149 1094 4214 scaptos,
1125 4165 1192 4217 quoe
1209 4153 1248 4202 od
1264 4153 1310 4204 boc
1328 4152 1416 4218 perun

177 4219 193 4254 a
211 4201 346 4256 Drakenb.
364 4205 399 4256 ed
416 4203 473 4258 Liv.
491 4219 539 4270 xc,
559 4212 601 4259 et.
808 4221 989 4279 praeparatae
998 4216 1179 4293 sequebantur,
1198 4219 1242 4270 sed
1253 4217 1304 4271 nl.
1315 4225 1417 4270 certem

212 4273 235 4337 §-
247 4277 286 4323 10.
305 4272 423 4339 Atizyes]
443 4272 553 4325 Plurimi
571 4275 647 4326 codd.
666 4275 777 4342 Atizies,
812 4294 917 4331 mimam
935 4279 1036 4333 consilii
1053 4283 1215 4354 exprimendi
1233 4286 1413 4352 habuithnnc,

175 4335 247 4391 Flor.
266 4338 292 4390 A
308 4339 389 4418 Borp.
410 4341 435 4392 A
454 4357 513 4393 curn
530 4341 603 4393 leid.
622 4337 650 4394 et
667 4342 743 4396 Voss.
764 4352 775 4395 1
813 4347 883 4415 quod
909 4365 978 4416 equa
1004 4357 1062 4402 erat
1088 4351 1199 4418 delecta,
1227 4371 1295 4434 quae
1321 4369 1414 4407 recens

175 4407 293 4472 Atuzies,
311 4407 440 4460 Amanus
453 4407 584 4473 Ἀτιζύης.
811 4425 959 4484 pepererat,
979 4431 1032 4485 quo
1042 4416 1118 4472 citius
1128 4421 1256 4475 desiderio
1264 4421 1330 4492 pulli
1340 4427 1415 4474 mota

208 4461 397 4544 Rheomithres]
415 4475 485 4530 idem
502 4485 542 4532 est
556 4478 778 4548 apudArrianum
811 4498 901 4552 regem
918 4483 984 4554 fiiga
998 4487 1119 4540 auter-ret.
1165 4489 1225 4544 Hoc
1242 4490 1360 4544 Freinah.
1378 4503 1415 4542 ex
