3158 5294
273 349 346 418 504
738 365 772 428 o.
800 363 922 416 onaan
947 360 1034 416 aum

269 547 382 600 abducto
399 545 517 599 exercitu
536 546 594 597 sera
610 559 674 613 gaus
691 543 869 598 obedientiam
887 549 1005 595 exueret.
1040 541 1123 596 Motis
1141 541 1202 595 inde
1218 542 1327 606 catch,
1351 551 1384 596 ut
1400 543 1504 596 mflitem

270 622 437 693 expeditione
455 621 555 676 recenti
572 621 670 674 sessum
686 621 820 685 reliceret,
838 618 911 672 leuto
928 618 1032 689 agmine
1051 618 1215 688 Babylonem
1231 619 1406 689 procedebat
1442 619 1504 672 Ism-

270 715 321 770 que
338 699 382 752 vix
400 697 511 768 triginta
528 698 562 751 ab
580 699 645 750 nrbe
663 696 753 749 stadiis
771 697 873 761 aberat,
891 712 950 748 cum
963 695 1102 748 Nearchus
1120 695 1244 762 occurrit,
1261 713 1340 766 quem
1357 712 1409 766 per
1426 697 1505 750 Ocea-

270 795 333 828 num
351 783 379 828 et
396 774 541 844 Euphratis
558 774 627 827 ostia
643 773 809 844 Babylonem
826 772 1008 842 praemiserat:
1032 773 1191 842 orabatque,
1218 789 1252 825 ne
1269 770 1381 826 fatalem
1401 773 1451 826 sibi
1468 792 1504 824 ur-

270 853 330 905 bem
340 851 421 904 vellet
430 850 540 920 ingredi.
570 850 742 919 Compertum
759 851 786 903 id
803 849 853 902 sibi
867 865 901 901 ex
911 847 1057 914 Chaldaeis,
1077 849 1123 919 qui
1132 849 1222 904 multis
1235 847 1288 902 iam
1300 849 1504 920 praedictionum

270 928 407 982 eventibus
425 928 488 980 artis
505 943 567 980 suae
585 927 770 982 certitudinem
787 927 892 979 abunde
910 924 1100 996 probavissent
1136 926 1209 992 Rex,
1226 927 1299 979 fama
1316 943 1412 980 eorum
1430 925 1505 978 hurni-

271 1025 333 1060 num
351 1005 534 1074 constantique
552 1003 747 1057 asseveratione
769 1011 871 1068 motus,
898 1002 1008 1056 dimissis
1033 1002 1061 1055 in
1077 1004 1170 1056 urbem
1196 1003 1342 1056 amisorum
1368 1003 1504 1073 plerisque,

271 1082 323 1134 alia
339 1081 382 1134 via
400 1090 505 1151 praeter
522 1080 687 1149 Babylonem
705 1080 795 1147 ducit,
823 1097 854 1133 ac
871 1079 990 1134 ducentis
1006 1079 1069 1132 inde
1096 1079 1186 1132 stadiis
1211 1079 1310 1133 statim
1333 1079 1419 1134 locat.
1459 1079 1505 1132 Sed

270 1160 304 1212 ab
332 1159 488 1212 Anaxarcho
514 1157 669 1228 philosopho
696 1159 818 1222 edocnrs,
845 1155 1001 1228 contemptis
1029 1155 1220 1210 Chaldaeorum
1248 1157 1373 1221 monitis,
1402 1174 1507 1226 quoram

271 1234 435 1303 disciplinam
454 1233 557 1287 inanem
575 1241 622 1286 aut
642 1249 829 1309 supervacuam
846 1232 1040 1318 arbitramur,
1062 1233 1153 1286 urbem
1176 1232 1266 1287 intrat
1300 1233 1466 1303 legationes
1482 1249 1507 1282 eo

271 1329 304 1364 ex
321 1310 442 1362 universo
460 1311 541 1363 ferme
558 1312 622 1363 orbe
639 1311 830 1364 confluxerant.
866 1309 969 1374 Quibus
993 1325 1041 1380 per
1057 1308 1206 1379 complures
1228 1309 1283 1362 dies
1301 1310 1425 1364 sardicae
1442 1309 1508 1362 audi-

270 1388 319 1453 tis,
341 1386 463 1454 deinceps
482 1387 516 1438 ad
534 1386 736 1455 Hephaestionis
753 1386 879 1456 exequias
900 1383 996 1439 adiecit
1012 1385 1135 1439 animum.
1170 1385 1247 1450 Quae
1271 1404 1380 1440 summo
1399 1387 1509 1439 omnium

272 1464 358 1517 studio
375 1462 414 1514 ita
435 1462 582 1515 celebratae
608 1470 681 1530 sunt,
707 1470 740 1518 ut
764 1462 860 1515 nullius
879 1464 913 1516 ad
939 1463 967 1514 id
983 1469 1086 1532 tempus
1112 1467 1181 1531 regis
1206 1463 1300 1516 saraba
1326 1462 1509 1532 magnimdiu

272 1548 424 1608 sumptuum
442 1546 638 1609 apparatusque
659 1540 812 1594 celebritate
830 1557 883 1592 non
900 1539 1017 1592 vicerint.
1052 1539 1119 1591 Post
1134 1540 1198 1592 baec
1216 1539 1313 1610 cupido
1331 1539 1444 1594 inoessit
1461 1539 1509 1606 reg}

271 1633 319 1686 per
336 1614 502 1683 Pallacopam
521 1632 624 1668 amnem
641 1617 675 1669 ad
700 1617 818 1672 Arabum
835 1615 948 1670 confinia
972 1613 1125 1686 navigandi3
1153 1631 1205 1684 quo
1223 1614 1341 1681 delatus,
1370 1616 1436 1669 urbi
1454 1632 1509 1668 coe

272 1692 375 1745 dandae
392 1693 528 1745 commoda
545 1693 607 1744 sede
624 1701 743 1763 reperta,
761 1691 924 1746 Graecorum
940 1700 1027 1745 aetate
1044 1699 1090 1745 aut
1106 1690 1259 1744 vulneribus
1276 1691 1433 1758 invalidos,
1451 1692 1509 1745 etsi

186 1791 197 1814 ο
272 1769 317 1840 qui
335 1775 430 1838 sponte
446 1777 644 1836 remanserant,
662 1770 699 1824 ibi
717 1769 837 1824 collocat
872 1768 975 1832 Quibus
993 1783 1028 1820 ex
1045 1768 1176 1822 sententia
1192 1768 1333 1838 perfectis,
1360 1769 1420 1822 iam
1438 1769 1508 1822 bituri

271 1863 377 1900 securus
395 1844 543 1898 Chaldaeos
560 1845 699 1912 irridebat,
727 1846 799 1918 quod
815 1845 977 1914 Babylonem
995 1861 1048 1898 non
1070 1845 1201 1916 ingranam
1219 1852 1326 1898 tantum
1352 1857 1432 1900 esset
1447 1848 1509 1900 inm

271 1922 361 1988 lumis,
379 1938 468 1974 verum
487 1921 566 1974 etiam
582 1922 743 1982 excessisset.
777 1921 919 1975 Enimvero
936 1921 1077 1974 revertenti
1094 1937 1142 1992 per
1157 1920 1284 1991 paludes,
1303 1939 1376 1992 quas
1394 1923 1509 1994 Euphra

271 2008 313 2053 tes
339 1999 367 2052 in
383 1998 551 2068 Pallacopam
574 1998 669 2051 effamur
687 1999 781 2065 efficit,
807 1998 915 2051 foedum
933 2015 1010 2051 omen
1027 1997 1143 2052 oblatum
1168 2007 1216 2051 est
1256 1997 1367 2069 Quippe
1386 2001 1456 2054 rami
1473 2002 1508 2052 dr·

271 2093 350 2146 super
366 2075 547 2145 impendentes
565 2074 715 2128 detractum
732 2073 814 2145 capiti
830 2073 904 2144 regio
928 2073 1049 2126 diadema
1065 2074 1232 2144 proiecerunt
1253 2074 1281 2127 in
1298 2075 1415 2130 fluetus.
1452 2077 1507 2130 Cura

272 2152 366 2205 deinde
384 2151 434 2203 alia
451 2167 530 2221 super
547 2149 599 2202 alia
616 2152 766 2222 prodigiosa
782 2158 811 2204 et
827 2149 940 2204 minacia
956 2150 1150 2218 nuntiarentur,
1168 2151 1343 2222 procurandis
1360 2152 1398 2206 iis
1417 2153 1507 2207 Graeco

271 2228 347 2281 simul
363 2228 531 2296 barbaroque
549 2225 601 2278 ritu
619 2228 743 2302 continua
760 2243 834 2280 sacra
851 2227 922 2280 facta
939 2235 1009 2280 sunt.
1043 2227 1141 2298 Neque
1164 2235 1253 2280 muron
1271 2229 1378 2298 expiari
1399 2241 1507 2300 praeter·

272 2322 351 2375 quam
372 2313 458 2358 morte
485 2302 554 2373 regis
578 2310 702 2371 potuere.
740 2303 793 2368 Qui
818 2321 877 2361 uam
895 2302 1046 2357 Nearchum
1069 2304 1215 2374 excepisset
1240 2304 1384 2372 convivio,
1413 2308 1507 2376 iamque

270 2380 387 2434 cubitum
403 2380 487 2432 iturus
504 2386 587 2444 esset,
613 2379 696 2433 Medii
714 2378 842 2432 Larissaei
860 2380 963 2432 obnixis
981 2380 1103 2450 precibus
1119 2379 1206 2446 dedit,
1234 2389 1265 2433 ut
1281 2382 1316 2434 ad
1341 2398 1409 2436 anm
1427 2385 1507 2438 comis

271 2464 357 2509 satum
374 2455 484 2509 veniret.
519 2453 574 2508 Ubi
591 2463 731 2525 postquam
748 2463 809 2508 tota
825 2464 902 2509 nocte
918 2465 1101 2527 perpotaseet,
1127 2456 1197 2510 mala
1215 2456 1315 2511 habere
1335 2461 1441 2530 coepit
1474 2465 1507 2513 lu

271 2547 427 2602 gravescens
446 2531 540 2584 deiude
556 2528 664 2583 morbus
682 2535 749 2586 adeo
767 2549 856 2585 omues
878 2532 947 2586 vires
965 2533 1035 2588 iutra
1053 2541 1158 2588 sextum
1175 2531 1245 2586 diem
1262 2535 1409 2602 exhausit,
1437 2550 1466 2590 ut
1483 2555 1506 2588 sa

271 2607 344 2661 vocis
361 2607 466 2676 quidem
484 2614 600 2678 potestas
617 2612 695 2662 esset.
721 2609 827 2662 Interea
842 2608 947 2676 milites,
965 2608 1142 2663 sollicitudine
1159 2609 1345 2680 desiderioque
1362 2611 1425 2666 eius
1438 2613 1506 2666 mxu

272 2700 428 2754 quamquam
445 2682 638 2740 obtestantibus
655 2685 778 2749 ducibus,
797 2701 830 2738 ne
847 2685 1026 2740 valetudinem
1043 2685 1113 2756 regis
1132 2694 1287 2754 onerarent,
1311 2703 1506 2757 expreaeorust

271 2768 302 2813 ut
320 2759 346 2813 in
365 2771 536 2832 conspectum
554 2759 608 2813 eius
626 2762 848 2831 admitterentur]

225 2904 270 2972 14
374 2901 598 2976 Intuentibus
630 2903 796 2975 lacrimae
835 2902 984 2976 obortae
1019 2880 1215 3000 praebuere
1248 2907 1413 3001 speciem
1447 2910 1505 2981 iam
1518 2919 1531 2964 t

234 3093 237 3098 Α
272 3039 344 3087 ιιοιι
379 3038 515 3111 regem,
560 3011 624 3085 sed
658 3016 763 3086 funus
806 3013 880 3085 eius
915 3013 1062 3086 visentis
1107 3013 1295 3086 exercitus.
1369 3015 1524 3091 Maeoni

271 3133 391 3196 tamen
427 3113 729 3196 circumstantium
762 3125 895 3196 lectum
936 3124 1130 3197 eminebat:
1177 3149 1266 3223 quos
1307 3139 1353 3197 ut
1397 3152 1506 3225 respe

272 3233 344 3324 xit,
379 3233 570 3324 Invenietis,
605 3233 732 3330 inquit,
777 3257 852 3306 eum
886 3257 1065 3326 accessero,
1099 3233 1239 3334 dquam
1273 3235 1400 3312 utem
1435 3241 1506 3312 tirt'r

270 3343 403 3441 repent?
467 3342 675 3416 Incredibile
724 3343 822 3416 dictu
871 3343 1081 3442 audituque,
1128 3346 1165 3418 in
1208 3346 1337 3420 eodem
1387 3349 1524 3422 habitu*

273 3453 447 3549 emporia,
481 3453 518 3522 in
553 3477 658 3548 quem
698 3478 736 3526 se
762 3465 1030 3551 composuerat,
1065 3481 1146 3528 cum
1172 3455 1401 3532 admissurus
1457 3462 1507 3532 mi·

271 3561 351 3633 lites
378 3573 482 3651 esset,
518 3559 685 3651 durasse,
721 3562 834 3636 donec
868 3575 993 3639 etoto
1028 3568 1189 3639 exercitu
1221 3566 1309 3639 illud
1347 3570 1507 3645 ultimum

272 3673 512 3768 persalutatus
559 3683 633 3746 est:
685 3672 900 3772 dimissoque
946 3677 1070 3774 vulgo,
1118 3677 1219 3750 velut
1263 3681 1365 3752 omni
1422 3684 1506 3754 vita

308 3911 373 3992 βαρ.
392 3919 433 3979 14,
452 3919 473 3982 ξ.
491 3921 516 3970 2.
551 3933 615 3987 quoa
632 3926 660 3970 at
676 3919 800 3987 respexit]
828 3917 872 3972 Sic
906 3917 978 3988 vulg.
1004 3935 1021 3971 a
1044 3927 1093 3972 toto
1120 3921 1233 3972 commta
1258 3919 1305 3972 ille
1333 3925 1375 3976 ud
1400 3928 1507 3978 oum

272 3979 346 4034 Lerd
363 3985 439 4036 Voss.
459 3991 471 4036 1
500 3985 579 4038 Bern.
596 3988 621 4038 A
639 3985 709 4039 Flor.
727 3989 753 4038 A
778 3993 807 4038 et
827 4001 872 4038 ve-
900 3989 1082 4107 §eradamus
1099 3997 1137 4040 est
1154 3987 1280 4040 exhibent
1298 3990 1372 4044 illaad
1387 3996 1506 4048 aluam

272 4068 329 4130 rum
345 4057 430 4129 puto,
462 4053 531 4121 quod
553 4052 716 4122 significatur
739 4053 873 4108 inclinatio
935 4072 976 4107 am
994 4057 1039 4108 ille
1056 4056 1125 4109 male
1141 4056 1265 4121 abundat,
1284 4065 1326 4122 et,
1347 4064 1506 4130 quamv-ise

272 4126 364 4188 eaprtrs
390 4118 423 4171 ad
449 4135 505 4172 rem
530 4121 642 4174 maxime
666 4123 870 4190 accommodata,
906 4125 1021 4176 altimum
1047 4133 1075 4176 et
1092 4127 1130 4178 ed
1153 4125 1270 4177 ultimam
1292 4135 1375 4196 pecte
1401 4130 1507 4184 diestm.

273 4185 397 4256 quoniam
414 4185 587 4241 directoante
604 4188 673 4258 regia
687 4190 777 4243 oculos
794 4207 871 4260 prae·
905 4191 991 4245 multo
1008 4199 1096 4244 tamen
1119 4190 1222 4246 mollius
1240 4200 1267 4244 et
1293 4195 1326 4246 ad
1347 4200 1508 4254 commisera-

272 4253 502 4308 teribautmilites.
527 4255 616 4326 Vulgo
632 4273 666 4309 ex
682 4257 787 4328 reliquis
796 4259 870 4313 codd.
905 4259 1005 4313 tionem
1031 4259 1118 4329 aptius
1144 4261 1212 4314 illud
1236 4262 1357 4314 mamam
1376 4265 1405 4320 h.
1424 4267 1442 4320 l.
1469 4283 1507 4320 aa.

273 4341 336 4393 quoa
354 4331 382 4376 ut
398 4340 445 4374 ree
463 4326 572 4392 aspexit.
789 4323 798 4338 “
905 4327 1003 4380 Vertas
1025 4327 1114 4382 Germ.
1141 4330 1234 4384 tumult
1260 4343 1314 4396 qum
1341 4333 1426 4404 ltptrn
1451 4339 1500 4391 illd

275 4459 290 4470 ..
308 4391 586 4513 Μ.,ι’ἱίιιιᾱιιιἰειίιιιιιιιές
598 4391 871 4462 Hocveropraeclure
905 4395 960 4448 sivo
986 4403 1016 4448 ut
1039 4396 1123 4450 nostri
1149 4397 1203 4450 lere
1236 4397 1362 4452 dicerent
1390 4419 1443 4458 ιιιιιι
1466 4419 1507 4472 ιιι

274 4459 352 4512 ndem
373 4457 411 4511 rlb
433 4457 492 4511 lrbn
518 4468 546 4513 et
586 4459 634 4515 lor.
652 4458 699 4513 BC
725 4463 797 4531 quod
822 4480 870 4531 pro
906 4466 984 4539 ltpttu
1003 4465 1073 4527 utut,
1095 4465 1128 4518 de
1147 4482 1200 4535 quo
1219 4483 1268 4518 usu
1284 4472 1457 4537 pronominis
1474 4475 1508 4524 dle
