3254 5292
213 368 287 440 154
602 429 605 434 .
686 384 719 447 o.
748 382 873 435 cuarn
897 383 983 436 auru

211 570 260 646 ad
286 571 425 645 coelum
450 570 643 662 ferebatu,
668 569 882 642 abstulerat:
917 589 1003 664 ergo
1029 563 1128 639 haud
1154 587 1257 638 secus
1284 586 1394 661 quam
1418 563 1456 636 in

211 683 369 758 tenebris
397 681 575 772 errabant,
602 679 650 753 ad
676 703 805 753 sonum
830 687 939 752 notae
964 677 1080 769 vocis,
1112 684 1155 750 ut
1180 675 1338 774 signum,
1373 675 1456 750 sub·

210 793 294 868 inde
333 801 513 868 coeuntes.
574 789 829 865 Exaudiebant
859 801 982 862 tamen
1017 787 1188 887 strepitis
1223 786 1455 877 habenarum,
1473 805 1506 856 aa
1621 831 1622 892 ss

212 906 341 1004 quibua·
389 904 472 1002 equi
517 927 661 977 caurum
704 903 879 978 vehentes
917 898 1115 976 identidem
1152 897 1456 974 verberabantur:

211 1018 301 1093 haec
327 1017 404 1092 sola
429 1015 598 1114 fugientis
625 1014 778 1112 vestigia
801 1023 958 1114 excepta
981 1020 1076 1087 sunt.

162 1129 219 1202 60·
315 1127 368 1200 At
392 1127 430 1200 in
455 1127 560 1200 laevo
587 1123 825 1200 Macedonum
857 1150 969 1199 cornu
995 1122 1220 1224 (Parmenio,
1254 1121 1347 1196 siout
1372 1132 1525 1198 antem.

213 1239 364 1330 dictum,
396 1237 582 1336 tuebatur)
613 1238 721 1336 longe
754 1238 823 1310 alia
853 1239 1000 1312 fortuna
1029 1234 1216 1332 utriusque
1250 1235 1364 1333 partis
1398 1258 1457 1308 res

211 1351 414 1450 gerebatur.
465 1347 643 1441 Mazaeus,
670 1350 875 1424 cumomni
901 1371 1048 1422 suorum
1080 1348 1242 1444 equitatu
1267 1346 1457 1420 vehemen-

212 1471 270 1535 ter
294 1463 477 1551 inveotus,
511 1462 667 1560 urgebat
691 1459 930 1535 Macedonum
956 1460 1042 1533 alas.
1094 1456 1242 1554 Iamque
1267 1455 1490 1531 abundansa

132 1649 141 1664 ,
211 1571 441 1646 multitudine
468 1572 580 1646 aciem
606 1572 823 1646 circumvehi
848 1580 1026 1670 coeperat,
1044 1595 1125 1644 cum
1143 1568 1334 1651 Parmenio
1361 1568 1457 1665 equi·

212 1693 268 1757 tes
293 1682 459 1758 nuntiare
486 1683 587 1758 iubet
612 1683 832 1774 Alexandro,
851 1683 888 1756 in
902 1708 973 1780 quo
1000 1681 1201 1755 discrimine
1226 1680 1294 1778 ipsi
1320 1689 1458 1754 essent:

212 1793 250 1867 ni
275 1805 416 1884 mature
442 1794 709 1887 subveniretur,
741 1821 815 1868 non
847 1819 953 1893 posse
980 1793 1057 1867 sisti
1081 1795 1214 1890 firgern.
1266 1789 1343 1863 lam
1368 1791 1490 1864 mul-a

212 1917 291 1978 tum
318 1907 397 1980 viae
423 1916 656 2005 praeceperat
681 1931 758 1998 rex,
783 1905 971 1978 imminens
997 1904 1209 2001 fugientium
1235 1903 1356 2001 tergis,
1375 1927 1458 1976 eum
1513 1955 1522 1974 .

213 2016 499 2092 aParmenione
525 2018 636 2091 tristis
669 2017 815 2091 nuntius
842 2018 950 2091 venit.
1003 2014 1197 2089 Refrenare
1222 2038 1334 2109 equos
1359 2013 1457 2104 iussi,

214 2130 274 2224 qui
307 2129 549 2219 vehebantur,
584 2153 784 2226 agmenque
811 2129 987 2218 constitit,
1021 2124 1208 2200 frendente
1234 2122 1457 2214 Alexandro,

214 2238 303 2335 eripi
336 2239 403 2322 sibi
433 2239 623 2312 victoriam
649 2265 669 2312 e
695 2241 876 2330 manibus,
909 2249 948 2313 et
972 2238 1132 2312 Dareum
1163 2237 1297 2309 felicius
1332 2236 1457 2332 fugere

214 2372 323 2445 quam
349 2373 388 2422 se
414 2351 525 2446 sequi.
576 2349 724 2422 Interim
756 2349 803 2422 ad
828 2349 1015 2423 Mazaeum
1047 2347 1206 2447 superati
1235 2347 1330 2445 regis
1362 2349 1494 2422 famae

249 2577 273 2644 §-
291 2579 333 2629 82.
350 2574 504 2644 serebatur]
532 2575 739 2646 Rrfferelralaro
760 2575 819 2629 timi
852 2582 959 2646 praeter
984 2573 1056 2630 Flor.
1083 2573 1180 2629 CDlll.
1229 2574 1350 2644 Apparet
1375 2573 1459 2644 igitur

214 2639 819 2784 tttlttttltttlbttttttl
852 2644 1459 2782 ltnfflttt,dttnfflltttt

249 2783 390 2834 adsunam
404 2783 719 2852 notaeaocieataipnum]
738 2781 818 2845 Quod
853 2797 917 2834 esse.
953 2783 1040 2835 Antea
1062 2799 1131 2834 unas
1156 2781 1227 2836 Flor.
1251 2779 1285 2834 B.
1320 2781 1388 2835 Mox
1409 2797 1458 2851 pro

214 2843 243 2901 in
260 2849 335 2902 codd.
353 2856 395 2902 est
417 2859 463 2902 eat
485 2852 589 2920 elpram
615 2851 716 2921 optime
733 2849 818 2904 Aldus
853 2866 885 2903 eo
903 2849 975 2919 quod
992 2857 1034 2902 est
1050 2868 1156 2903 aaomm
1174 2849 1245 2903 Flor.
1263 2842 1356 2901 DFHI
1376 2849 1458 2902 Bern.

214 2917 382 2972 emendavit:
406 2933 493 2988 neque
518 2917 589 2972 enim
609 2919 638 2973 in
659 2927 737 2973 tanta
757 2935 818 2989 per-
852 2918 876 2972 B
899 2935 947 2972 sao
970 2919 1077 2972 habent.
1122 2919 1255 2989 Urpaebat
1281 2917 1405 2972 scribitur
1429 2917 1459 2970 in

213 2987 366 3076 turbatione
382 2985 445 3040 licet
468 2988 502 3040 de
519 2987 538 3041 si
577 2989 676 3070 qtuba
693 2989 757 3042 dato
774 3006 818 3043 oo-
851 2987 933 3041 Bern.
950 2987 977 3040 A
994 2986 1066 3040 Flor.
1084 2987 1118 3040 Α.
1423 3053 1429 3066 ι

213 3061 508 3204 ἕζᾱωὲῗὲιοῗᾞῑῖῗιῖ
525 3058 647 3180 affl
657 3066 819 3180 ffiifuioil.
853 3059 972 3204 altit.
987 3053 1459 3178 iibfiissibaimbelismaliiffi

216 3191 334 3258 ledrdr,
361 3193 411 3245 hoc
436 3193 494 3246 looo
520 3193 608 3262 aptius
634 3194 714 3247 etiam
758 3211 819 3246 uam
852 3194 918 3246 diua

234 3261 288 3312 uod
305 3275 352 3329 per
369 3260 429 3312 edd.
443 3270 621 3330 propagatum
639 3271 680 3315 cst
697 3271 818 3316 sonatum.
887 3263 1047 3332 nimature]
1074 3261 1155 3332 Vulg.
1165 3262 1227 3323 nial,
1237 3260 1309 3330 quod
1318 3261 1352 3313 de
1360 3259 1459 3314 nostris

214 3277 283 3382 ltem
301 3327 380 3397 paulo
397 3335 458 3396 post
475 3331 744 3382 exaudiebanttameu
762 3347 820 3382 oer-
853 3347 907 3382 non
924 3337 964 3383 ast
983 3329 1033 3382 nisi
1051 3328 1078 3382 in
1096 3329 1167 3383 Flor.
1185 3327 1239 3382 ΕΗ
1256 3329 1336 3382 Bern.
1354 3329 1393 3397 B,
1414 3341 1458 3382 re-

213 3394 483 3449 tissimeauotoritata
494 3395 662 3450 scribendum
674 3415 724 3466 pro
738 3416 819 3451 exaa-
852 3397 919 3468 liqui
937 3399 1010 3467 quod
1025 3397 1196 3468 praetulimus
1213 3399 1250 3450 ni.

215 3465 336 3517 dictatur
357 3472 457 3515 tantam
484 3465 560 3532 (nam
590 3464 695 3545 passiva
716 3481 769 3519 vox
791 3466 819 3518 in
889 3467 912 3533 ς.
930 3472 955 3520 3.
990 3468 1096 3519 maltum
1122 3469 1180 3520 viae
1194 3466 1377 3586 praeceperas
1413 3463 1460 3519 Sia

214 3529 392 3586 unoBarn.B
410 3538 460 3597 eet,
480 3542 579 3586 tontum
596 3552 623 3586 ur
640 3533 736 3601 nullo),
754 3533 819 3588 item
853 3533 881 3586 in
898 3533 1004 3604 optimis
1028 3535 1104 3588 codd.
1176 3534 1229 3588 'tur
1250 3534 1324 3587 Lerd.
1374 3542 1455 3590 usal

215 3617 320 3654 marram
347 3601 494 3653 velantes
520 3619 573 3654 non
599 3605 738 3656 trabeales.
773 3603 819 3656 Sic
853 3601 1136 3657 monasterum
1179 3619 1234 3656 ern.
1244 3603 1277 3668 B,
1296 3601 1377 3656 ceteri
1386 3601 1460 3656 Flor.

215 3669 284 3721 enim
306 3683 395 3722 omnes
417 3669 534 3722 omnium
550 3669 609 3724 libri
628 3689 705 3737 msa,
723 3677 754 3724 ut
770 3671 820 3724 mi-
854 3677 883 3724 et
898 3670 979 3726 Bern.
1003 3672 1028 3723 A
1046 3671 1116 3726 sicut
1134 3679 1196 3726 ante
1213 3671 1311 3724 Aldum
1330 3671 1459 3726 edebatur

214 3736 269 3790 rari
285 3738 378 3790 subeat
396 3736 491 3806 quibus
508 3740 616 3792 tandem
633 3737 707 3794 libris
719 3739 819 3810 princi·
849 3749 1042 3808 praecesserat,
1061 3741 1208 3794 nnasFlor.
1220 3739 1325 3810 unod
1344 3741 1378 3793 ab
1387 3739 1459 3794 Aldo

214 3822 263 3876 pes
280 3805 393 3858 editores
411 3807 451 3860 usi
468 3807 529 3887 sint.
565 3807 618 3888 Sed
641 3809 691 3862 hoe
707 3808 819 3862 mirandi
853 3807 967 3878 primum
997 3808 1093 3862 deinde
1123 3827 1140 3862 a
1171 3807 1264 3888 ceteris
1290 3806 1391 3862 editum
1408 3815 1460 3888 'est

215 3891 423 4022 llsslllll
450 3883 619 3998 tutta
646 3877 818 4016 lttgtttss
847 3877 1163 4013 ttttttanltt
1182 3877 1294 4000 att
1303 3885 1460 4015 ttttttt

214 4012 310 4082 quibus
344 4009 451 4064 illorum
485 4014 563 4066 lideur
597 4031 628 4068 aa
663 4015 818 4085 sapientiam
853 4017 921 4066 viam
945 4032 999 4068 non
1025 4014 1128 4068 dicatur
1154 4014 1203 4068 nisi
1229 3965 1275 4067 uli
1288 4013 1460 4086 comparatio

214 4086 348 4132 tueantur.
853 4082 942 4154 alique
959 4091 1000 4136 cst
1017 4101 1077 4137 cum
1094 4079 1125 4136 iis
1144 4081 1188 4154 qui
1211 4082 1397 4153 relinquantur
1413 4083 1459 4150 (al.

251 4147 315 4217 Cap.
335 4154 381 4214 60,
401 4153 423 4217 5.
444 4157 465 4202 l.
501 4150 592 4203 Parui.
613 4152 682 4204 sicat
699 4161 759 4204 ante
776 4153 818 4205 cli·
855 4150 939 4204 Druk.
957 4151 990 4204 ad
1008 4151 1213 4219 Liv.xx11,41,
1233 4157 1247 4206 9
1266 4159 1295 4204 et
1312 4151 1357 4222 qui
1373 4153 1408 4204 ab
1425 4167 1459 4206 eo

214 4225 299 4279 ctum,
326 4219 460 4288 tuebatur]
499 4218 597 4272 Editur
626 4219 706 4289 vulgo
737 4223 822 4288 qaod
854 4219 996 4273 laudantur
1012 4221 1183 4290 interpretes)
1210 4236 1242 4273 ea
1268 4220 1318 4273 hoc
1344 4219 1401 4273 loco
1418 4219 1460 4272 in-

214 4284 305 4337 Parm.
323 4286 390 4338 sicat
416 4297 477 4339 ante
499 4289 595 4340 (lictum
621 4298 668 4340 est
690 4290 817 4355 tuebatur,
853 4287 989 4341 stituenda
1005 4297 1047 4342 ost
1063 4307 1122 4342 rum
1139 4289 1241 4360 reliquo
1254 4289 1358 4359 agmine
1368 4287 1461 4342 Maee-

214 4352 366 4423 legiturque
387 4354 424 4408 sie
449 4355 477 4407 in
503 4353 574 4408 Flor.
593 4354 626 4408 G.
662 4357 762 4410 Verum
781 4368 819 4410 ast
853 4358 957 4410 donum.

215 4439 231 4474 a
248 4420 355 4492 reliquis
374 4423 495 4476 omnibus
512 4423 608 4478 nostris
626 4432 654 4478 et
671 4425 752 4479 Snak.
770 4427 817 4479 ab·
886 4443 964 4494 qrmm
981 4443 1009 4478 se
1027 4427 1112 4497 sequa]
1131 4426 1190 4480 Hoc
1207 4425 1300 4479 ordine
1316 4427 1460 4480 verborum

214 4499 264 4560 est,
283 4490 347 4544 item
365 4495 466 4561 quoda
483 4491 564 4546 Suel.
582 4491 655 4548 libris
673 4502 701 4548 et
719 4496 816 4549 nostris
850 4511 940 4548 omues
957 4493 1019 4549 libri
1036 4494 1119 4548 nostri
1137 4503 1166 4549 et
1183 4493 1265 4549 Snak.
1283 4493 1357 4548 Leid.
1376 4495 1456 4548 Voss.
