3158 5294
476 386 526 438 nn
553 385 679 438 onsrrs
705 384 814 438 saux.
841 386 892 455 rx,
918 381 961 434 ιο.
1266 361 1341 434 467

72 581 144 645 cet
169 570 277 644 dorsa
310 569 542 645 testudinum.
602 567 751 644 Cratero
786 567 915 644 deinde
949 569 1103 667 imperat
1127 591 1211 658 rex,
1246 564 1345 640 haud

107 684 231 782 procul
256 707 371 773 amne,
397 707 462 781 per
488 705 596 780 quem
620 691 698 756 erat
723 681 799 779 ipse
822 681 1066 779 navigaturus,
1094 678 1214 776 copias
1241 677 1344 752 duce·

107 806 181 868 ret:
209 818 272 870 eos
299 804 438 885 autem,
465 793 524 890 qui
551 792 713 866 comitari
739 816 820 864 eum
846 790 1021 882 solebant,
1046 790 1197 890 imponit
1222 790 1259 863 in
1285 815 1345 863 na·

107 931 188 998 ves,
215 916 252 980 et
277 905 314 978 in
339 906 429 980 fines
455 903 645 978 Mallorum
671 902 828 976 secundo
855 927 961 976 amne
987 902 1185 977 devehitur.

72 1039 89 1084 ι
211 1015 300 1090 Inde
340 1013 515 1090 Sabarcas
555 1014 658 1106 adiit,
700 1013 854 1088 validam
892 1012 1014 1088 Indiae
1053 1024 1214 1112 gentem,
1254 1037 1345 1111 quae

108 1129 241 1228 populi,
267 1151 341 1200 non
366 1151 491 1225 regum
516 1125 665 1224 imperio
691 1126 893 1224 regebatur.
947 1122 1143 1224 Sexaginta
1168 1125 1264 1198 milia
1289 1149 1348 1223 pe·

109 1240 224 1314 ditum
248 1239 440 1329 habebant,
467 1237 626 1334 equitum
653 1261 718 1310 sex
735 1237 846 1310 milia:
872 1237 939 1310 has
960 1237 1081 1335 copias
1099 1261 1223 1310 currus
1250 1235 1348 1334 quin·

74 1352 208 1450 ugenti
239 1351 490 1448 sequebantur.
562 1347 650 1424 Tres
690 1347 799 1422 duces
832 1359 1013 1448 spectatos
1052 1349 1185 1422 virtute
1223 1347 1350 1422 bellica

112 1463 305 1561 elegerant
350 1459 488 1558 Atqui
514 1460 550 1532 in
577 1460 673 1558 agris
701 1471 805 1534 erant
829 1461 984 1558 proximi
1009 1459 1146 1533 flumini
1173 1459 1349 1559 (frequen-

111 1585 166 1648 tes
192 1583 314 1647 autem
330 1573 440 1662 vicos,
466 1572 622 1646 maxime
638 1573 674 1645 in
701 1572 779 1670 ripa
794 1569 992 1669 habebant)
1017 1583 1060 1645 ut
1084 1570 1208 1645 videre
1233 1581 1351 1644 totum
1473 1664 1477 1676 ⁸

112 1707 271 1774 amnem,
304 1709 376 1781 qua
406 1684 561 1782 prospici
587 1695 745 1784 poterat,
784 1683 936 1780 navigiis
963 1693 1201 1773 constratum,
1234 1694 1272 1756 et
1296 1693 1353 1756 tot

9 1805 10 1812 ’
111 1797 264 1871 militum
290 1819 390 1868 arma
414 1795 607 1893 fulgentia,
642 1796 756 1870 territi
782 1819 879 1868 nova
904 1793 1009 1884 facie,
1045 1793 1193 1867 deorum
1219 1796 1351 1870 exerci-

112 1919 191 1982 tum
218 1917 255 1981 et
281 1907 389 1981 alium
414 1905 583 1980 Liberum
596 1904 752 1996 Patrem,
779 1906 919 1979 celebre
944 1905 981 1978 in
1006 1906 1075 1980 illie
1096 1906 1264 2004 gentibus
1290 1931 1352 1980 no·

8 2007 10 2038 *
79 2039 213 2110 omen,
241 2016 437 2091 adventata
464 2015 669 2091 credebant.
721 2015 815 2090 Hinc
840 2016 992 2090 militum
1018 2018 1167 2107 clamor,
1194 2017 1277 2092 hinc
1302 2043 1354 2092 re·

8 2123 10 2148 '¹
114 2156 255 2204 morum
267 2128 392 2227 pulsus
411 2128 602 2225 variaeque
620 2138 812 2202 nautarum
837 2153 945 2202 voces
964 2129 1184 2202 hortantium
1204 2127 1354 2226 pavidae

8 2251 9 2260 ’
82 2253 222 2308 raures
265 2234 510 2337 impleverant.
575 2237 673 2338 Ergo
707 2241 865 2314 universi
895 2239 942 2314 ad
969 2265 1048 2332 eos,
1088 2240 1148 2338 qui
1185 2241 1221 2313 in
1248 2241 1355 2316 armis

116 2357 234 2438 erant,
274 2361 437 2441 currunt,
475 2351 594 2424 furere
629 2351 872 2444 clamitantes,
911 2363 1056 2426 etcum
1090 2351 1157 2425 diis
1182 2351 1358 2451 proelium

116 2456 287 2533 initurosz
322 2459 466 2560 navigia
491 2487 564 2535 non
589 2487 697 2561 posse
723 2463 921 2555 numerari,
957 2488 1048 2562 quae
1073 2463 1227 2538 invictos
1259 2463 1357 2537 viros

116 2571 299 2643 veherent.
340 2570 565 2672 Tantumque
590 2573 842 2650 inexercitum
860 2599 1006 2648 suorum
1032 2575 1184 2649 intulere
1200 2574 1357 2667 terroris,

7 2673 8 2712 ³
117 2690 159 2754 ut
184 2681 322 2779 legatos
348 2681 533 2758 mitterent
558 2695 704 2781 gentem
730 2683 925 2759 dedituros.

83 2809 99 2857 a
220 2791 286 2866 His
312 2791 349 2863 in
384 2792 492 2869 fidem
519 2797 690 2894 acceptis,
725 2795 773 2868 ad
798 2797 885 2869 alias
916 2794 1046 2870 deinde
1077 2805 1203 2894 gentes
1230 2799 1408 2895 quartotl

118 2901 176 2976 die
201 2905 375 3001 pervenit
426 2903 546 2978 Nihilo
572 2907 653 3004 plus
680 2907 788 2980 animi
814 2906 869 2979 his
895 2905 972 2997 fuit,
999 2932 1107 3004 quam
1133 2908 1260 2982 ceteris
1287 2909 1359 2982 fue·

118 3023 183 3086 rat
222 3012 348 3114 Itaque
374 3016 508 3116 oppido
533 3018 583 3091 ibi
609 3015 764 3109 condito,
791 3015 887 3115 quod
904 3015 1164 3092 Alexandriam
1190 3019 1361 3118 appellari

62 3337 73 3360 ι
153 3267 219 3344 Μ.
249 3268 276 3320 tn
284 3269 357 3336 fines
374 3268 722 3351 llsollommltMullioram,
791 3274 816 3337 s.
834 3275 859 3326 5.
882 3279 939 3351 Ιιοι
964 3272 1071 3326 militm
1098 3273 1185 3343 unna]
1230 3270 1276 3327 Sic
1302 3273 1362 3328 edd.

119 3337 471 3461 dibrdllihbtdidndddldtdbnahl
478 3339 723 3472 αῗΐὲἒιεὶἶᾟ
756 3341 931 3474 :ppoffipffi
948 3338 1363 3480 dhbrdrhhdddddndtummddhhi:

119 3477 193 3550 ctera
211 3469 242 3524 C.
259 3471 379 3541 Ritteru,
402 3476 520 3530 nondum
537 3476 564 3530 in
581 3476 639 3546 ipso
655 3476 723 3531 Indo
757 3477 808 3530 deo
825 3493 873 3530 eur
893 3485 1053 3549 postponam
1074 3477 1208 3532 recentius
1230 3479 1364 3534 editorum

118 3540 723 3608 navigabathlexanderwtsicsauehrrianus.
757 3544 886 3599 librorum
909 3545 1079 3616 auctoritati,
1103 3545 1131 3600 in
1156 3547 1252 3619 quibus
1270 3557 1311 3602 aet
1328 3558 1364 3602 tot

171 3613 220 3659 ,4.
256 3609 389 3663 Sabarcas
412 3614 477 3666 odite
524 3613 592 3667 Edd.
610 3621 677 3668 vett.
695 3621 725 3668 et
757 3615 866 3668 millium
883 3632 967 3668 amu.

119 3689 133 3726 c
168 3672 221 3726 icas
237 3673 318 3746 longe
339 3677 445 3746 plurimi
464 3615 597 3739 Sabarcas
635 3681 720 3736 Pall
792 3685 816 3751 ς.
836 3689 859 3737 G.
894 3700 969 3736 uoces
994 3684 1153 3738 hortantium
1210 3685 1364 3739 loetantium

119 3748 147 3793 et
163 3739 276 3795 Flami*
299 3745 449 3824 Sadraeua,
475 3749 548 3802 Flor.
565 3718 619 3802 Ell
642 3751 723 3804 Bam.
757 3749 845 3820 potius
862 3748 934 3804 Flor.
952 3749 1028 3830 arn
1046 3749 1126 3805 Bern.
1165 3750 1364 3808 .Pal.1Vose.
1399 3754 1407 3768 ’

119 3807 143 3862 Β
170 3816 200 3863 ut
222 3813 448 3867 arecantronbue
473 3816 562 3869 aditur
580 3819 724 3872 Sabracos.
758 3824 789 3884 2,
814 3818 888 3889 quod
905 3834 1018 3888 speciem
1036 3818 1120 3873 habet
1137 3819 1251 3891 aliquam
1267 3823 1365 3878 muta-

118 3877 173 3931 Sed
189 3887 309 3947 praestat
326 3878 354 3933 in
371 3881 476 3936 nomine
498 3883 599 3938 incerto
616 3902 633 3937 a
649 3885 724 3938 meli-
757 3885 807 3951 tis,
825 3887 872 3939 aad
889 3886 1002 3956 speciem
1019 3893 1133 3942 tantum.
1164 3919 1168 3926 ·

118 3944 208 4027 oribus
226 3945 359 4029 codicibus
375 3967 430 4004 non
443 3951 588 4017 discedere,
605 3969 724 4034 praescr·
793 3963 819 4030 §-
842 3969 867 4015 ι.
902 3972 927 4016 et
954 3980 1010 4015 cum
1039 3964 1104 4034 uiis]
1143 3963 1281 4020 Editiones
1309 3967 1366 4022 sere

116 4023 166 4069 tun
188 4032 248 4068 cum
265 4023 351 4086 genus
369 4035 466 4072 nomen
487 4020 559 4091 apud
576 4019 724 4075 Diodorum
758 4027 815 4083 sina
832 4039 868 4086 ct.-
894 4038 1035 4101 utrumque
1060 4031 1136 4086 bonis
1162 4032 1235 4088 libris
1258 4034 1365 4090 nititur:

116 4088 304 4152 Σαμβασταὶ,
347 4087 402 4140 uod
419 4087 523 4141 videtur
540 4105 598 4142 esse
615 4089 722 4144 Arriani
758 4097 857 4170 legitur
877 4097 948 4153 enim
971 4098 1135 4169 coniunctio,
1161 4111 1192 4156 ut
1218 4112 1365 4158 ceterorum

112 4151 302 4233 Ἀβαστανῶν.
315 4103 417 4224 iduor,
435 4156 542 4279 {popius
558 4159 669 4212 accedat
690 4159 725 4212 ad
760 4168 866 4220 turbam
892 4167 1120 4238 praetermittun,
1146 4170 1174 4222 in
1197 4170 1267 4227 Flor.
1286 4174 1313 4226 A
1338 4181 1367 4226 at

117 4229 234 4275 nostram
252 4231 417 4293 scrrpturam.

317 4291 323 4304 ι
472 4226 654 4282 amsaomtas
672 4227 725 4281 nti·
755 4234 836 4290 Voss.
855 4245 866 4288 l
887 4244 915 4290 et
942 4235 1004 4289 edit.
1022 4237 1108 4305 Mod,
1126 4238 1202 4293 abest
1219 4257 1235 4294 a
1250 4240 1367 4295 ΒΜΔ

120 4305 171 4358 qua
188 4307 280 4372 varum
297 4293 411 4347 ridetur.
758 4311 788 4358 et
804 4303 876 4358 Flor.
891 4303 915 4358 B
933 4312 962 4359 ct
979 4303 1107 4361 leidensi.
1136 4305 1190 4361 Sed
1206 4309 1288 4380 paulo
1305 4317 1367 4380 post

154 4359 297 4437 saumata
323 4363 399 4416 milio
444 4364 549 4444 edition]
598 4363 650 4417 Est
675 4363 726 4418 boc
759 4389 849 4426 omnes
867 4373 1036 4429 consentiunt
1058 4383 1089 4429 ut
1106 4391 1198 4428 vocem
1220 4379 1290 4432 viros
1307 4395 1367 4431 cum

119 4441 153 4500 a—
152 4422 287 4494 Diodoro,
312 4447 374 4484 nam
396 4429 415 4485 lr
434 4449 458 4486 rr
479 4441 585 4488 vetares
605 4431 726 4487 Ourumr
759 4440 853 4496 Medio
871 4441 998 4496 addamm
1015 4451 1077 4514 poet
1094 4444 1212 4498 invictos.

120 4514 152 4554 vr
163 4505 291 4570 pedicae.
796 4510 914 4581 Cap-³1,
930 4513 953 4580 5.
963 4515 987 4565 8.
1004 4513 1074 4581 quod
1081 4513 1285 4624 Alexandripm]
1303 4515 1367 4585 Ala,-

1191 4601 1226 4652 80
