<?xml version="1.0" encoding="UTF-8"?>
<!DOCTYPE html PUBLIC "-//W3C//DTD XHTML 1.0 Transitional//EN"
    "http://www.w3.org/TR/xhtml1/DTD/xhtml1-transitional.dtd">
<html xmlns="http://www.w3.org/1999/xhtml" xml:lang="en" lang="en">
 <head>
  <title>
</title>
<meta http-equiv="Content-Type" content="text/html;charset=utf-8" />
  <meta name='ocr-system' content='tesseract 3.04.00' />
  <meta name='ocr-capabilities' content='ocr_page ocr_carea ocr_par ocr_line ocrx_word'/>
</head>
<body>
  <div class='ocr_page' id='page_1' title='image "./qcurtiirufidege00zumpgoog_0213.png"; bbox 0 0 3270 5290; ppageno 0'>
   <div class='ocr_carea' id='block_1_1' title="bbox 222 324 991 404">
    <p class='ocr_par' dir='ltr' id='par_1_1' title="bbox 222 324 991 404">
     <span class='ocr_line' id='line_1_1' title="bbox 222 324 991 404; baseline -0.005 -8"><span class='ocrx_word' id='word_1_1' title='bbox 222 324 297 396; x_wconf 77' lang='lat'><strong>184</strong></span> <span class='ocrx_word' id='word_1_2' title='bbox 607 381 608 386; x_wconf 59' lang='grc'>,</span> <span class='ocrx_word' id='word_1_3' title='bbox 693 339 727 404; x_wconf 81' lang='lat' dir='ltr'><strong>o.</strong></span> <span class='ocrx_word' id='word_1_4' title='bbox 756 339 881 404; x_wconf 78' lang='lat' dir='ltr'><strong>quarn</strong></span> <span class='ocrx_word' id='word_1_5' title='bbox 905 340 991 392; x_wconf 83' lang='lat' dir='ltr'><strong>anm</strong></span> 
     </span>
    </p>
   </div>
   <div class='ocr_carea' id='block_1_2' title="bbox 160 520 1517 2844">
    <p class='ocr_par' dir='ltr' id='par_1_2' title="bbox 220 520 1463 623">
     <span class='ocr_line' id='line_1_2' title="bbox 220 520 1463 623; baseline -0.003 -21"><span class='ocrx_word' id='word_1_6' title='bbox 220 538 308 602; x_wconf 87' lang='lat' dir='ltr'><strong>tunc</strong></span> <span class='ocrx_word' id='word_1_7' title='bbox 340 525 543 599; x_wconf 76' lang='lat' dir='ltr'><strong>haesitabat</strong></span> <span class='ocrx_word' id='word_1_8' title='bbox 576 522 800 623; x_wconf 89' lang='lat' dir='ltr'><strong>deprehensa</strong></span> <span class='ocrx_word' id='word_1_9' title='bbox 832 523 998 614; x_wconf 80' lang='lat' dir='ltr'><strong>felicitas,</strong></span> <span class='ocrx_word' id='word_1_10' title='bbox 1032 547 1100 598; x_wconf 89' lang='lat' dir='ltr'><strong>nec</strong></span> <span class='ocrx_word' id='word_1_11' title='bbox 1133 520 1232 595; x_wconf 84' lang='lat' dir='ltr'><strong>eliud</strong></span> <span class='ocrx_word' id='word_1_12' title='bbox 1265 521 1463 598; x_wconf 89' lang='lat' dir='ltr'><strong>remedium</strong></span> 
     </span>
    </p>

    <p class='ocr_par' dir='ltr' id='par_1_3' title="bbox 160 633 1516 1046">
     <span class='ocr_line' id='line_1_3' title="bbox 160 633 1516 735; baseline -0.009 -22"><span class='ocrx_word' id='word_1_13' title='bbox 160 693 164 698; x_wconf 92' lang='lat'>-</span> <span class='ocrx_word' id='word_1_14' title='bbox 221 647 318 729; x_wconf 88' lang='lat' dir='ltr'><strong>erat,</strong></span> <span class='ocrx_word' id='word_1_15' title='bbox 357 661 466 735; x_wconf 89' lang='lat' dir='ltr'><strong>quam</strong></span> <span class='ocrx_word' id='word_1_16' title='bbox 498 636 632 710; x_wconf 86' lang='lat' dir='ltr'><strong>reverti</strong></span> <span class='ocrx_word' id='word_1_17' title='bbox 667 659 738 730; x_wconf 85' lang='lat' dir='ltr'><strong>qua</strong></span> <span class='ocrx_word' id='word_1_18' title='bbox 774 644 935 707; x_wconf 88' lang='lat' dir='ltr'><strong>venerat.</strong></span> <span class='ocrx_word' id='word_1_19' title='bbox 999 633 1127 731; x_wconf 89' lang='lat' dir='ltr'><strong>Itaque</strong></span> <span class='ocrx_word' id='word_1_20' title='bbox 1160 634 1264 732; x_wconf 83' lang='lat' dir='ltr'><strong>signo</strong></span> <span class='ocrx_word' id='word_1_21' title='bbox 1300 636 1463 733; x_wconf 89' lang='lat' dir='ltr'><strong>receptui</strong></span> <span class='ocrx_word' id='word_1_22' title='bbox 1481 653 1516 702; x_wconf 82' lang='lat' dir='ltr'><strong>aa</strong></span> 
     </span>
     <span class='ocr_line' id='line_1_4' title="bbox 220 745 1463 844; baseline -0.004 -22"><span class='ocrx_word' id='word_1_23' title='bbox 220 749 324 840; x_wconf 85' lang='lat' dir='ltr'><strong>dato,</strong></span> <span class='ocrx_word' id='word_1_24' title='bbox 361 748 519 822; x_wconf 86' lang='lat' dir='ltr'><strong>densatis</strong></span> <span class='ocrx_word' id='word_1_25' title='bbox 554 747 755 837; x_wconf 80' lang='lat' dir='ltr'>ordinibus,</span> <span class='ocrx_word' id='word_1_26' title='bbox 793 747 975 843; x_wconf 88' lang='lat' dir='ltr'><strong>scutisque</strong></span> <span class='ocrx_word' id='word_1_27' title='bbox 1000 771 1108 844; x_wconf 87' lang='lat' dir='ltr'><strong>super</strong></span> <span class='ocrx_word' id='word_1_28' title='bbox 1133 745 1253 842; x_wconf 87' lang='lat' dir='ltr'><strong>capita</strong></span> <span class='ocrx_word' id='word_1_29' title='bbox 1277 747 1463 842; x_wconf 84' lang='lat' dir='ltr'><strong>consertis,</strong></span> 
     </span>
     <span class='ocr_line' id='line_1_5' title="bbox 219 851 1464 957; baseline -0.003 -23"><span class='ocrx_word' id='word_1_30' title='bbox 219 871 319 934; x_wconf 89' lang='lat' dir='ltr'><strong>retro</strong></span> <span class='ocrx_word' id='word_1_31' title='bbox 352 859 505 934; x_wconf 88' lang='lat' dir='ltr'><strong>evadere</strong></span> <span class='ocrx_word' id='word_1_32' title='bbox 537 883 584 932; x_wconf 88' lang='lat' dir='ltr'><strong>ex</strong></span> <span class='ocrx_word' id='word_1_33' title='bbox 616 857 789 957; x_wconf 85' lang='lat' dir='ltr'><strong>angustiis</strong></span> <span class='ocrx_word' id='word_1_34' title='bbox 824 858 934 931; x_wconf 86' lang='lat' dir='ltr'><strong>iubet</strong></span> <span class='ocrx_word' id='word_1_35' title='bbox 985 883 1068 930; x_wconf 84' lang='lat' dir='ltr'><strong>xxx</strong></span> <span class='ocrx_word' id='word_1_36' title='bbox 1092 857 1192 931; x_wconf 89' lang='lat' dir='ltr'><strong>fuere</strong></span> <span class='ocrx_word' id='word_1_37' title='bbox 1217 851 1344 946; x_wconf 83' lang='lat' dir='ltr'><strong>stadia,</strong></span> <span class='ocrx_word' id='word_1_38' title='bbox 1372 881 1464 953; x_wconf 87' lang='lat' dir='ltr'><strong>quac</strong></span> 
     </span>
     <span class='ocr_line' id='line_1_6' title="bbox 221 972 785 1046; baseline -0.011 0"><span class='ocrx_word' id='word_1_39' title='bbox 221 972 375 1046; x_wconf 88' lang='lat' dir='ltr'><strong>remensi</strong></span> <span class='ocrx_word' id='word_1_40' title='bbox 400 980 494 1043; x_wconf 86' lang='lat' dir='ltr'><strong>sunt.</strong></span> <span class='ocrx_word' id='word_1_41' title='bbox 561 1026 563 1038; x_wconf 81' lang='grc'>,</span> <span class='ocrx_word' id='word_1_42' title='bbox 783 985 785 992; x_wconf 82' lang='grc'><em>’</em></span> 
     </span>
    </p>

    <p class='ocr_par' dir='ltr' id='par_1_4' title="bbox 173 1078 1517 2624">
     <span class='ocr_line' id='line_1_7' title="bbox 173 1078 1517 1178; baseline -0.003 -22"><span class='ocrx_word' id='word_1_43' title='bbox 173 1087 221 1156; x_wconf 85' lang='grc'><strong>13</strong></span> <span class='ocrx_word' id='word_1_44' title='bbox 326 1081 419 1155; x_wconf 89' lang='lat' dir='ltr'><strong>Tum</strong></span> <span class='ocrx_word' id='word_1_45' title='bbox 445 1080 572 1154; x_wconf 88' lang='lat' dir='ltr'><strong>cestris</strong></span> <span class='ocrx_word' id='word_1_46' title='bbox 598 1078 756 1177; x_wconf 91' lang='lat' dir='ltr'><strong>undique</strong></span> <span class='ocrx_word' id='word_1_47' title='bbox 781 1089 908 1177; x_wconf 87' lang='lat' dir='ltr'><strong>aperto</strong></span> <span class='ocrx_word' id='word_1_48' title='bbox 942 1081 1022 1153; x_wconf 86' lang='lat' dir='ltr'><strong>loco</strong></span> <span class='ocrx_word' id='word_1_49' title='bbox 1047 1080 1205 1178; x_wconf 86' lang='lat' dir='ltr'><strong>positis,¹</strong></span> <span class='ocrx_word' id='word_1_50' title='bbox 1224 1103 1297 1152; x_wconf 91' lang='lat' dir='ltr'><strong>non</strong></span> <span class='ocrx_word' id='word_1_51' title='bbox 1324 1079 1517 1152; x_wconf 79' lang='lat' dir='ltr'><strong>consul-u.</strong></span> 
     </span>
     <span class='ocr_line' id='line_1_8' title="bbox 222 1189 1464 1290; baseline -0.005 -22"><span class='ocrx_word' id='word_1_52' title='bbox 222 1207 300 1269; x_wconf 84' lang='lat' dir='ltr'><strong>tare</strong></span> <span class='ocrx_word' id='word_1_53' title='bbox 326 1191 435 1266; x_wconf 91' lang='lat' dir='ltr'><strong>modo</strong></span> <span class='ocrx_word' id='word_1_54' title='bbox 462 1191 557 1289; x_wconf 79' lang='lat' dir='ltr'><strong>quid,</strong></span> <span class='ocrx_word' id='word_1_55' title='bbox 574 1189 754 1290; x_wconf 86' lang='lat' dir='ltr'><strong>agendum</strong></span> <span class='ocrx_word' id='word_1_56' title='bbox 780 1201 885 1282; x_wconf 88' lang='lat' dir='ltr'><strong>esset,</strong></span> <span class='ocrx_word' id='word_1_57' title='bbox 904 1190 970 1264; x_wconf 91' lang='lat' dir='ltr'><strong>sed</strong></span> <span class='ocrx_word' id='word_1_58' title='bbox 995 1202 1098 1265; x_wconf 87' lang='lat' dir='ltr'><strong>vates</strong></span> <span class='ocrx_word' id='word_1_59' title='bbox 1124 1215 1267 1288; x_wconf 91' lang='lat' dir='ltr'><strong>quoque</strong></span> <span class='ocrx_word' id='word_1_60' title='bbox 1293 1189 1464 1263; x_wconf 85' lang='lat' dir='ltr'><strong>adhibere</strong></span> 
     </span>
     <span class='ocr_line' id='line_1_9' title="bbox 220 1299 1497 1404; baseline -0.011 -24"><span class='ocrx_word' id='word_1_61' title='bbox 220 1307 339 1404; x_wconf 85' lang='lat' dir='ltr'><strong>coepit</strong></span> <span class='ocrx_word' id='word_1_62' title='bbox 371 1331 393 1377; x_wconf 93' lang='lat' dir='ltr'><strong>a</strong></span> <span class='ocrx_word' id='word_1_63' title='bbox 427 1303 679 1401; x_wconf 83' lang='lat' dir='ltr'>superstitione</span> <span class='ocrx_word' id='word_1_64' title='bbox 720 1302 837 1374; x_wconf 88' lang='lat' dir='ltr'><strong>animi.</strong></span> <span class='ocrx_word' id='word_1_65' title='bbox 906 1299 979 1376; x_wconf 85' lang='lat' dir='ltr'><strong>Sed</strong></span> <span class='ocrx_word' id='word_1_66' title='bbox 1014 1301 1101 1399; x_wconf 91' lang='lat' dir='ltr'><strong>quid</strong></span> <span class='ocrx_word' id='word_1_67' title='bbox 1142 1313 1221 1376; x_wconf 90' lang='lat' dir='ltr'><strong>tum</strong></span> <span class='ocrx_word' id='word_1_68' title='bbox 1257 1300 1497 1400; x_wconf 83' lang='lat' dir='ltr'><strong>praedicerea</strong></span> 
     </span>
     <span class='ocr_line' id='line_1_10' title="bbox 220 1409 1464 1512; baseline -0.007 -21"><span class='ocrx_word' id='word_1_69' title='bbox 220 1414 451 1505; x_wconf 72' lang='lat' dir='ltr'><strong>Aristander,</strong></span> <span class='ocrx_word' id='word_1_70' title='bbox 489 1415 547 1486; x_wconf 90' lang='lat' dir='ltr'><strong>cui</strong></span> <span class='ocrx_word' id='word_1_71' title='bbox 583 1414 775 1512; x_wconf 91' lang='lat' dir='ltr'><strong>plurimum</strong></span> <span class='ocrx_word' id='word_1_72' title='bbox 816 1413 986 1486; x_wconf 84' lang='lat' dir='ltr'><strong>credebat</strong></span> <span class='ocrx_word' id='word_1_73' title='bbox 1017 1439 1064 1486; x_wconf 85' lang='lat' dir='ltr'><strong>ex</strong></span> <span class='ocrx_word' id='word_1_74' title='bbox 1096 1413 1256 1503; x_wconf 89' lang='lat' dir='ltr'><strong>vatibus,</strong></span> <span class='ocrx_word' id='word_1_75' title='bbox 1295 1409 1464 1510; x_wconf 82' lang='lat' dir='ltr'><strong>poterat?</strong></span> 
     </span>
     <span class='ocr_line' id='line_1_11' title="bbox 220 1524 1464 1624; baseline -0.006 -24"><span class='ocrx_word' id='word_1_76' title='bbox 220 1527 347 1624; x_wconf 83' lang='lat' dir='ltr'><strong>Itaque</strong></span> <span class='ocrx_word' id='word_1_77' title='bbox 388 1524 565 1599; x_wconf 85' lang='lat' dir='ltr'><strong>darnnatis</strong></span> <span class='ocrx_word' id='word_1_78' title='bbox 606 1524 866 1623; x_wconf 83' lang='lat' dir='ltr'><strong>intempestivis</strong></span> <span class='ocrx_word' id='word_1_79' title='bbox 908 1524 1102 1616; x_wconf 89' lang='lat' dir='ltr'><strong>sacrificiis,</strong></span> <span class='ocrx_word' id='word_1_80' title='bbox 1136 1525 1271 1623; x_wconf 89' lang='lat' dir='ltr'><strong>peritos</strong></span> <span class='ocrx_word' id='word_1_81' title='bbox 1302 1524 1464 1597; x_wconf 88' lang='lat' dir='ltr'><strong>locorum</strong></span> 
     </span>
     <span class='ocr_line' id='line_1_12' title="bbox 221 1633 1464 1731; baseline -0.006 -20"><span class='ocrx_word' id='word_1_82' title='bbox 221 1637 413 1712; x_wconf 85' lang='lat' dir='ltr'><strong>convocari</strong></span> <span class='ocrx_word' id='word_1_83' title='bbox 438 1637 546 1710; x_wconf 84' lang='lat' dir='ltr'><strong>iubet</strong></span> <span class='ocrx_word' id='word_1_84' title='bbox 589 1635 661 1708; x_wconf 92' lang='lat' dir='ltr'><strong>Per</strong></span> <span class='ocrx_word' id='word_1_85' title='bbox 677 1633 833 1708; x_wconf 80' lang='lat' dir='ltr'><strong>Mediam</strong></span> <span class='ocrx_word' id='word_1_86' title='bbox 858 1637 926 1709; x_wconf 90' lang='lat' dir='ltr'><strong>iter</strong></span> <span class='ocrx_word' id='word_1_87' title='bbox 953 1635 1193 1709; x_wconf 78' lang='lat' dir='ltr'><strong>ostendebant</strong></span> <span class='ocrx_word' id='word_1_88' title='bbox 1217 1645 1338 1708; x_wconf 90' lang='lat' dir='ltr'><strong>tutum</strong></span> <span class='ocrx_word' id='word_1_89' title='bbox 1363 1657 1464 1731; x_wconf 86' lang='lat' dir='ltr'><strong>aper·</strong></span> 
     </span>
     <span class='ocr_line' id='line_1_13' title="bbox 222 1744 1498 1846; baseline -0.009 -23"><span class='ocrx_word' id='word_1_90' title='bbox 222 1761 389 1846; x_wconf 85' lang='lat' dir='ltr'><strong>tumque:</strong></span> <span class='ocrx_word' id='word_1_91' title='bbox 427 1747 492 1821; x_wconf 87' lang='lat' dir='ltr'><strong>scd</strong></span> <span class='ocrx_word' id='word_1_92' title='bbox 529 1772 595 1820; x_wconf 87' lang='lat' dir='ltr'><strong>rex</strong></span> <span class='ocrx_word' id='word_1_93' title='bbox 630 1745 794 1821; x_wconf 89' lang='lat' dir='ltr'><strong>deserere</strong></span> <span class='ocrx_word' id='word_1_94' title='bbox 826 1747 956 1822; x_wconf 86' lang='lat' dir='ltr'><strong>milites</strong></span> <span class='ocrx_word' id='word_1_95' title='bbox 988 1748 1186 1846; x_wconf 84' lang='lat' dir='ltr'><strong>insepultos</strong></span> <span class='ocrx_word' id='word_1_96' title='bbox 1218 1744 1498 1832; x_wconf 64' lang='lat' dir='ltr'><strong>erubescebant</strong></span> 
     </span>
     <span class='ocr_line' id='line_1_14' title="bbox 220 1857 1465 1948; baseline -0.005 -16"><span class='ocrx_word' id='word_1_97' title='bbox 220 1863 273 1934; x_wconf 88' lang='lat' dir='ltr'><strong>ita</strong></span> <span class='ocrx_word' id='word_1_98' title='bbox 297 1859 433 1932; x_wconf 88' lang='lat' dir='ltr'><strong>tradito</strong></span> <span class='ocrx_word' id='word_1_99' title='bbox 458 1883 569 1948; x_wconf 89' lang='lat' dir='ltr'><strong>more,</strong></span> <span class='ocrx_word' id='word_1_100' title='bbox 596 1868 638 1930; x_wconf 90' lang='lat' dir='ltr'><strong>ut</strong></span> <span class='ocrx_word' id='word_1_101' title='bbox 662 1857 726 1930; x_wconf 88' lang='lat' dir='ltr'><strong>vix</strong></span> <span class='ocrx_word' id='word_1_102' title='bbox 753 1858 866 1930; x_wconf 94' lang='lat' dir='ltr'><strong>ullum</strong></span> <span class='ocrx_word' id='word_1_103' title='bbox 891 1859 1037 1932; x_wconf 91' lang='lat' dir='ltr'><strong>militiae</strong></span> <span class='ocrx_word' id='word_1_104' title='bbox 1070 1869 1146 1931; x_wconf 87' lang='lat' dir='ltr'><strong>tam</strong></span> <span class='ocrx_word' id='word_1_105' title='bbox 1172 1857 1343 1931; x_wconf 87' lang='lat' dir='ltr'><strong>sollemne</strong></span> <span class='ocrx_word' id='word_1_106' title='bbox 1368 1863 1465 1928; x_wconf 88' lang='lat' dir='ltr'><strong>esset</strong></span> 
     </span>
     <span class='ocr_line' id='line_1_15' title="bbox 220 1967 1500 2068; baseline -0.007 -23"><span class='ocrx_word' id='word_1_107' title='bbox 220 1998 368 2063; x_wconf 89' lang='lat' dir='ltr'><strong>munus,</strong></span> <span class='ocrx_word' id='word_1_108' title='bbox 404 1995 512 2068; x_wconf 86' lang='lat' dir='ltr'><strong>quam</strong></span> <span class='ocrx_word' id='word_1_109' title='bbox 542 1967 715 2040; x_wconf 85' lang='lat' dir='ltr'><strong>humandi</strong></span> <span class='ocrx_word' id='word_1_110' title='bbox 750 1994 845 2042; x_wconf 80' lang='lat' dir='ltr'><strong>suos</strong></span> <span class='ocrx_word' id='word_1_111' title='bbox 899 1968 1070 2068; x_wconf 83' lang='lat' dir='ltr'><strong>Captivos</strong></span> <span class='ocrx_word' id='word_1_112' title='bbox 1098 1993 1200 2066; x_wconf 85' lang='lat' dir='ltr'><strong>erg0,</strong></span> <span class='ocrx_word' id='word_1_113' title='bbox 1233 1993 1323 2064; x_wconf 92' lang='lat' dir='ltr'><strong>quos</strong></span> <span class='ocrx_word' id='word_1_114' title='bbox 1348 1983 1500 2063; x_wconf 84' lang='lat' dir='ltr'><strong>nuper4</strong></span> 
     </span>
     <span class='ocr_line' id='line_1_16' title="bbox 220 2074 1463 2180; baseline -0.005 -24"><span class='ocrx_word' id='word_1_115' title='bbox 220 2093 428 2180; x_wconf 86' lang='lat' dir='ltr'><strong>exceperat,</strong></span> <span class='ocrx_word' id='word_1_116' title='bbox 461 2080 583 2156; x_wconf 83' lang='lat' dir='ltr'><strong>vocari</strong></span> <span class='ocrx_word' id='word_1_117' title='bbox 616 2080 733 2153; x_wconf 90' lang='lat' dir='ltr'><strong>iubet:</strong></span> <span class='ocrx_word' id='word_1_118' title='bbox 768 2080 861 2154; x_wconf 88' lang='lat' dir='ltr'><strong>inter</strong></span> <span class='ocrx_word' id='word_1_119' title='bbox 897 2105 986 2178; x_wconf 92' lang='lat' dir='ltr'><strong>quos</strong></span> <span class='ocrx_word' id='word_1_120' title='bbox 1023 2091 1100 2153; x_wconf 89' lang='lat' dir='ltr'><strong>erat</strong></span> <span class='ocrx_word' id='word_1_121' title='bbox 1132 2079 1278 2176; x_wconf 89' lang='lat' dir='ltr'><strong>quidam</strong></span> <span class='ocrx_word' id='word_1_122' title='bbox 1304 2074 1463 2152; x_wconf 84' lang='lat' dir='ltr'><strong>Graecae</strong></span> 
     </span>
     <span class='ocr_line' id='line_1_17' title="bbox 221 2187 1464 2295; baseline -0.006 -29"><span class='ocrx_word' id='word_1_123' title='bbox 221 2193 456 2288; x_wconf 84' lang='lat' dir='ltr'><strong>Persicaeque</strong></span> <span class='ocrx_word' id='word_1_124' title='bbox 488 2192 646 2295; x_wconf 40' lang='lat' dir='ltr'><strong>linguae·</strong></span> <span class='ocrx_word' id='word_1_125' title='bbox 662 2191 814 2287; x_wconf 87' lang='lat' dir='ltr'><strong>peritus,</strong></span> <span class='ocrx_word' id='word_1_126' title='bbox 851 2193 911 2289; x_wconf 89' lang='lat' dir='ltr'><strong>qui</strong></span> <span class='ocrx_word' id='word_1_127' title='bbox 942 2193 1076 2264; x_wconf 83' lang='lat' dir='ltr'><strong>frustra</strong></span> <span class='ocrx_word' id='word_1_128' title='bbox 1108 2217 1191 2265; x_wconf 90' lang='lat' dir='ltr'><strong>eum</strong></span> <span class='ocrx_word' id='word_1_129' title='bbox 1215 2191 1253 2262; x_wconf 96' lang='lat' dir='ltr'><strong>in</strong></span> <span class='ocrx_word' id='word_1_130' title='bbox 1278 2187 1464 2261; x_wconf 89' lang='lat' dir='ltr'><strong>Persidem</strong></span> 
     </span>
     <span class='ocr_line' id='line_1_18' title="bbox 221 2300 1463 2376; baseline -0.004 0"><span class='ocrx_word' id='word_1_131' title='bbox 221 2303 398 2376; x_wconf 91' lang='lat' dir='ltr'><strong>montium</strong></span> <span class='ocrx_word' id='word_1_132' title='bbox 432 2301 541 2373; x_wconf 92' lang='lat' dir='ltr'><strong>dorso</strong></span> <span class='ocrx_word' id='word_1_133' title='bbox 573 2303 771 2374; x_wconf 88' lang='lat' dir='ltr'><strong>exercitum</strong></span> <span class='ocrx_word' id='word_1_134' title='bbox 803 2300 934 2374; x_wconf 89' lang='lat' dir='ltr'><strong>ducere</strong></span> <span class='ocrx_word' id='word_1_135' title='bbox 965 2303 1137 2375; x_wconf 78' lang='lat' dir='ltr'><strong>affimrat:</strong></span> <span class='ocrx_word' id='word_1_136' title='bbox 1168 2301 1352 2374; x_wconf 87' lang='lat' dir='ltr'><strong>silvestres</strong></span> <span class='ocrx_word' id='word_1_137' title='bbox 1384 2323 1463 2374; x_wconf 87' lang='lat' dir='ltr'><strong>esse</strong></span> 
     </span>
     <span class='ocr_line' id='line_1_19' title="bbox 220 2410 1464 2512; baseline -0.004 -26"><span class='ocrx_word' id='word_1_138' title='bbox 220 2412 344 2503; x_wconf 80' lang='lat' dir='ltr'><strong>calleS,</strong></span> <span class='ocrx_word' id='word_1_139' title='bbox 376 2413 440 2484; x_wconf 87' lang='lat' dir='ltr'><strong>vix</strong></span> <span class='ocrx_word' id='word_1_140' title='bbox 476 2411 623 2508; x_wconf 83' lang='lat' dir='ltr'><strong>singulis</strong></span> <span class='ocrx_word' id='word_1_141' title='bbox 648 2412 809 2509; x_wconf 80' lang='lat' dir='ltr'><strong>pervios3</strong></span> <span class='ocrx_word' id='word_1_142' title='bbox 846 2413 966 2485; x_wconf 90' lang='lat' dir='ltr'><strong>omnia</strong></span> <span class='ocrx_word' id='word_1_143' title='bbox 997 2413 1139 2512; x_wconf 80' lang='lat' dir='ltr'><strong>contegi</strong></span> <span class='ocrx_word' id='word_1_144' title='bbox 1162 2410 1368 2500; x_wconf 80' lang='lat' dir='ltr'><strong>frondibus,</strong></span> <span class='ocrx_word' id='word_1_145' title='bbox 1382 2481 1385 2486; x_wconf 82' lang='grc'><strong>,</strong></span> <span class='ocrx_word' id='word_1_146' title='bbox 1401 2411 1464 2482; x_wconf 92' lang='lat' dir='ltr'><strong>im-</strong></span> 
     </span>
     <span class='ocr_line' id='line_1_20' title="bbox 220 2522 1259 2624; baseline 0.001 -29"><span class='ocrx_word' id='word_1_147' title='bbox 220 2524 417 2624; x_wconf 88' lang='lat' dir='ltr'><strong>plexosque</strong></span> <span class='ocrx_word' id='word_1_148' title='bbox 443 2522 612 2594; x_wconf 84' lang='lat' dir='ltr'><strong>arborum</strong></span> <span class='ocrx_word' id='word_1_149' title='bbox 638 2547 757 2594; x_wconf 88' lang='lat' dir='ltr'><strong>ramos</strong></span> <span class='ocrx_word' id='word_1_150' title='bbox 784 2523 893 2595; x_wconf 83' lang='lat' dir='ltr'><strong>silvas</strong></span> <span class='ocrx_word' id='word_1_151' title='bbox 920 2524 1152 2596; x_wconf 83' lang='lat' dir='ltr'><strong>committere.</strong></span> <span class='ocrx_word' id='word_1_152' title='bbox 1249 2555 1259 2570; x_wconf 95' lang='lat'><strong>·</strong></span> 
     </span>
    </p>

    <p class='ocr_par' dir='ltr' id='par_1_5' title="bbox 220 2630 1499 2844">
     <span class='ocr_line' id='line_1_21' title="bbox 324 2630 1499 2732; baseline -0.003 -28"><span class='ocrx_word' id='word_1_153' title='bbox 324 2630 487 2730; x_wconf 86' lang='lat' dir='ltr'><strong>Namque</strong></span> <span class='ocrx_word' id='word_1_154' title='bbox 526 2631 646 2706; x_wconf 89' lang='lat' dir='ltr'><strong>Persis</strong></span> <span class='ocrx_word' id='word_1_155' title='bbox 688 2633 733 2706; x_wconf 90' lang='lat' dir='ltr'><strong>ab</strong></span> <span class='ocrx_word' id='word_1_156' title='bbox 769 2635 883 2707; x_wconf 87' lang='lat' dir='ltr'><strong>altero</strong></span> <span class='ocrx_word' id='word_1_157' title='bbox 917 2635 1029 2707; x_wconf 88' lang='lat' dir='ltr'><strong>latere</strong></span> <span class='ocrx_word' id='word_1_158' title='bbox 1063 2633 1245 2732; x_wconf 87' lang='lat' dir='ltr'><strong>perpetuis</strong></span> <span class='ocrx_word' id='word_1_159' title='bbox 1285 2633 1499 2705; x_wconf 76' lang='lat' dir='ltr'><strong>montiumo</strong></span> 
     </span>
     <span class='ocr_line' id='line_1_22' title="bbox 220 2742 1463 2844; baseline -0.003 -24"><span class='ocrx_word' id='word_1_160' title='bbox 220 2746 312 2844; x_wconf 83' lang='lat' dir='ltr'><strong>iugis</strong></span> <span class='ocrx_word' id='word_1_161' title='bbox 339 2743 532 2835; x_wconf 80' lang='lat' dir='ltr'><strong>clauditur,</strong></span> <span class='ocrx_word' id='word_1_162' title='bbox 567 2742 665 2842; x_wconf 91' lang='lat' dir='ltr'><strong>quod</strong></span> <span class='ocrx_word' id='word_1_163' title='bbox 690 2743 728 2815; x_wconf 90' lang='lat' dir='ltr'><strong>in</strong></span> <span class='ocrx_word' id='word_1_164' title='bbox 752 2743 1012 2842; x_wconf 86' lang='lat' dir='ltr'><strong>longitudinem</strong></span> <span class='ocrx_word' id='word_1_165' title='bbox 1038 2767 1133 2836; x_wconf 83' lang='lat' dir='ltr'><strong>runc,</strong></span> <span class='ocrx_word' id='word_1_166' title='bbox 1165 2745 1202 2816; x_wconf 94' lang='lat' dir='ltr'><strong>in</strong></span> <span class='ocrx_word' id='word_1_167' title='bbox 1236 2743 1463 2816; x_wconf 86' lang='lat' dir='ltr'><strong>latitudinem</strong></span> 
     </span>
    </p>
   </div>
   <div class='ocr_carea' id='block_1_3' title="bbox 217 2993 1464 4504">
    <p class='ocr_par' dir='ltr' id='par_1_6' title="bbox 219 2993 1464 3282">
     <span class='ocr_line' id='line_1_23' title="bbox 255 2993 1464 3068; baseline -0.003 -16"><span class='ocrx_word' id='word_1_168' title='bbox 255 3001 277 3068; x_wconf 69' lang='grc' dir='ltr'><strong>ξ.</strong></span> <span class='ocrx_word' id='word_1_169' title='bbox 297 3004 338 3054; x_wconf 80' lang='lat'><strong>23.</strong></span> <span class='ocrx_word' id='word_1_170' title='bbox 369 2999 486 3052; x_wconf 84' lang='lat' dir='ltr'><strong>densatis</strong></span> <span class='ocrx_word' id='word_1_171' title='bbox 504 2997 653 3067; x_wconf 79' lang='lat' dir='ltr'><strong>ordinibus]</strong></span> <span class='ocrx_word' id='word_1_172' title='bbox 681 2995 726 3068; x_wconf 78' lang='lat' dir='ltr'><strong>Sic</strong></span> <span class='ocrx_word' id='word_1_173' title='bbox 743 2995 825 3051; x_wconf 88' lang='lat' dir='ltr'><strong>nostri</strong></span> <span class='ocrx_word' id='word_1_174' title='bbox 860 3004 995 3066; x_wconf 76' lang='lat' dir='ltr'><strong>tempore,</strong></span> <span class='ocrx_word' id='word_1_175' title='bbox 1025 3014 1105 3068; x_wconf 88' lang='lat' dir='ltr'><strong>quam</strong></span> <span class='ocrx_word' id='word_1_176' title='bbox 1127 2997 1205 3050; x_wconf 88' lang='lat' dir='ltr'><strong>rabus</strong></span> <span class='ocrx_word' id='word_1_177' title='bbox 1230 2995 1269 3048; x_wconf 83' lang='lat' dir='ltr'><strong>ita</strong></span> <span class='ocrx_word' id='word_1_178' title='bbox 1294 2993 1464 3065; x_wconf 81' lang='lat' dir='ltr'><strong>comparatis,</strong></span> 
     </span>
     <span class='ocr_line' id='line_1_24' title="bbox 219 3065 1248 3131; baseline -0.004 -9"><span class='ocrx_word' id='word_1_179' title='bbox 219 3075 249 3124; x_wconf 88' lang='lat' dir='ltr'><strong>et</strong></span> <span class='ocrx_word' id='word_1_180' title='bbox 272 3067 353 3120; x_wconf 83' lang='lat' dir='ltr'><strong>Snak.</strong></span> <span class='ocrx_word' id='word_1_181' title='bbox 380 3084 440 3120; x_wconf 84' lang='lat' dir='ltr'><strong>mse.</strong></span> <span class='ocrx_word' id='word_1_182' title='bbox 464 3065 499 3118; x_wconf 86' lang='lat' dir='ltr'><strong>ad</strong></span> <span class='ocrx_word' id='word_1_183' title='bbox 528 3083 608 3117; x_wconf 91' lang='lat' dir='ltr'><strong>unum</strong></span> <span class='ocrx_word' id='word_1_184' title='bbox 637 3082 743 3131; x_wconf 84' lang='lat' dir='ltr'><strong>omnes,</strong></span> <span class='ocrx_word' id='word_1_185' title='bbox 772 3083 825 3119; x_wconf 89' lang='lat' dir='ltr'><strong>non</strong></span> <span class='ocrx_word' id='word_1_186' title='bbox 860 3083 913 3120; x_wconf 86' lang='lat' dir='ltr'><strong>uon</strong></span> <span class='ocrx_word' id='word_1_187' title='bbox 931 3069 1040 3128; x_wconf 71' lang='lat' dir='ltr'><strong>rantolt,</strong></span> <span class='ocrx_word' id='word_1_188' title='bbox 1060 3065 1106 3118; x_wconf 89' lang='lat' dir='ltr'><strong>scd</strong></span> <span class='ocrx_word' id='word_1_189' title='bbox 1125 3067 1248 3122; x_wconf 81' lang='lat' dir='ltr'><strong>rumnnbt.</strong></span> 
     </span>
     <span class='ocr_line' id='line_1_25' title="bbox 219 3131 1463 3205; baseline -0.006 -15"><span class='ocrx_word' id='word_1_190' title='bbox 219 3137 388 3205; x_wconf 70' lang='lat' dir='ltr'><strong>cyminibus,</strong></span> <span class='ocrx_word' id='word_1_191' title='bbox 420 3141 450 3186; x_wconf 89' lang='lat' dir='ltr'><strong>ut</strong></span> <span class='ocrx_word' id='word_1_192' title='bbox 476 3133 504 3186; x_wconf 89' lang='lat' dir='ltr'><strong>in</strong></span> <span class='ocrx_word' id='word_1_193' title='bbox 530 3132 608 3186; x_wconf 87' lang='lat' dir='ltr'><strong>editis</strong></span> <span class='ocrx_word' id='word_1_194' title='bbox 632 3133 825 3205; x_wconf 85' lang='lat' dir='ltr'><strong>exemplaribus</strong></span> <span class='ocrx_word' id='word_1_195' title='bbox 888 3151 941 3202; x_wconf 86' lang='lat' dir='ltr'><strong>per</strong></span> <span class='ocrx_word' id='word_1_196' title='bbox 959 3135 1078 3187; x_wconf 83' lang='lat' dir='ltr'><strong>Mediam</strong></span> <span class='ocrx_word' id='word_1_197' title='bbox 1095 3133 1156 3204; x_wconf 80' lang='lat' dir='ltr'><strong>iter]</strong></span> <span class='ocrx_word' id='word_1_198' title='bbox 1179 3131 1249 3185; x_wconf 86' lang='lat' dir='ltr'><strong>Edd.</strong></span> <span class='ocrx_word' id='word_1_199' title='bbox 1267 3139 1331 3184; x_wconf 77' lang='lat' dir='ltr'><strong>vett</strong></span> <span class='ocrx_word' id='word_1_200' title='bbox 1349 3131 1463 3183; x_wconf 82' lang='lat' dir='ltr'><strong>mediam</strong></span> 
     </span>
     <span class='ocr_line' id='line_1_26' title="bbox 219 3197 1462 3282; baseline -0.003 -26"><span class='ocrx_word' id='word_1_201' title='bbox 219 3212 325 3275; x_wconf 85' lang='lat' dir='ltr'><strong>praeter</strong></span> <span class='ocrx_word' id='word_1_202' title='bbox 342 3202 498 3256; x_wconf 82' lang='lat' dir='ltr'><strong>Medianum</strong></span> <span class='ocrx_word' id='word_1_203' title='bbox 515 3201 703 3255; x_wconf 84' lang='lat' dir='ltr'><strong>circumfertur.</strong></span> <span class='ocrx_word' id='word_1_204' title='bbox 859 3203 909 3254; x_wconf 81' lang='lat' dir='ltr'><strong>iter</strong></span> <span class='ocrx_word' id='word_1_205' title='bbox 927 3201 997 3270; x_wconf 90' lang='lat' dir='ltr'><strong>(sine</strong></span> <span class='ocrx_word' id='word_1_206' title='bbox 1014 3203 1149 3282; x_wconf 86' lang='lat' dir='ltr'><strong>praepos.)</strong></span> <span class='ocrx_word' id='word_1_207' title='bbox 1174 3217 1208 3254; x_wconf 85' lang='lat' dir='ltr'><strong>ex</strong></span> <span class='ocrx_word' id='word_1_208' title='bbox 1226 3199 1301 3253; x_wconf 88' lang='lat' dir='ltr'><strong>codd.</strong></span> <span class='ocrx_word' id='word_1_209' title='bbox 1319 3197 1403 3269; x_wconf 78' lang='lat' dir='ltr'><strong>qualis</strong></span> <span class='ocrx_word' id='word_1_210' title='bbox 1421 3207 1462 3252; x_wconf 88' lang='lat' dir='ltr'><strong>est</strong></span> 
     </span>
    </p>

    <p class='ocr_par' dir='ltr' id='par_1_7' title="bbox 217 3266 1462 4504">
     <span class='ocr_line' id='line_1_27' title="bbox 255 3266 1462 3390; baseline -0.003 -66"><span class='ocrx_word' id='word_1_211' title='bbox 255 3272 375 3340; x_wconf 82' lang='lat' dir='ltr'><strong>Cap.13,</strong></span> <span class='ocrx_word' id='word_1_212' title='bbox 395 3273 417 3338; x_wconf 74' lang='grc' dir='ltr'><strong>ξ.</strong></span> <span class='ocrx_word' id='word_1_213' title='bbox 432 3276 456 3322; x_wconf 83' lang='lat'><strong>2.</strong></span> <span class='ocrx_word' id='word_1_214' title='bbox 475 3271 518 3322; x_wconf 83' lang='lat' dir='ltr'><strong>cui</strong></span> <span class='ocrx_word' id='word_1_215' title='bbox 531 3271 675 3337; x_wconf 83' lang='lat' dir='ltr'><strong>plurimum</strong></span> <span class='ocrx_word' id='word_1_216' title='bbox 693 3272 824 3390; x_wconf 58' lang='lat' dir='ltr'><strong>credebat]</strong></span> <span class='ocrx_word' id='word_1_217' title='bbox 858 3269 930 3324; x_wconf 85' lang='lat' dir='ltr'><strong>Flor.</strong></span> <span class='ocrx_word' id='word_1_218' title='bbox 947 3270 981 3337; x_wconf 84' lang='lat' dir='ltr'><strong>E,</strong></span> <span class='ocrx_word' id='word_1_219' title='bbox 1000 3287 1059 3324; x_wconf 89' lang='lat' dir='ltr'><strong>cum</strong></span> <span class='ocrx_word' id='word_1_220' title='bbox 1076 3289 1104 3324; x_wconf 91' lang='lat' dir='ltr'><strong>m</strong></span> <span class='ocrx_word' id='word_1_221' title='bbox 1122 3269 1227 3350; x_wconf 87' lang='lat' dir='ltr'><strong>reliquia</strong></span> <span class='ocrx_word' id='word_1_222' title='bbox 1246 3267 1323 3322; x_wconf 91' lang='lat' dir='ltr'><strong>codd.</strong></span> <span class='ocrx_word' id='word_1_223' title='bbox 1341 3266 1462 3321; x_wconf 89' lang='lat' dir='ltr'><strong>omnibus</strong></span> 
     </span>
     <span class='ocr_line' id='line_1_28' title="bbox 218 3333 1462 3407; baseline -0.005 -13"><span class='ocrx_word' id='word_1_224' title='bbox 218 3339 246 3394; x_wconf 88' lang='lat' dir='ltr'>V</span> <span class='ocrx_word' id='word_1_225' title='bbox 293 3357 309 3391; x_wconf 94' lang='grc' dir='ltr'><strong>ο</strong></span> <span class='ocrx_word' id='word_1_226' title='bbox 333 3339 376 3390; x_wconf 85' lang='lat' dir='ltr'><strong>cui</strong></span> <span class='ocrx_word' id='word_1_227' title='bbox 402 3347 455 3390; x_wconf 81' lang='lat' dir='ltr'><strong>tum</strong></span> <span class='ocrx_word' id='word_1_228' title='bbox 502 3337 551 3389; x_wconf 84' lang='lat' dir='ltr'><strong>lur.</strong></span> <span class='ocrx_word' id='word_1_229' title='bbox 584 3339 751 3405; x_wconf 80' lang='lat' dir='ltr'><strong>credebatur,</strong></span> <span class='ocrx_word' id='word_1_230' title='bbox 778 3355 806 3390; x_wconf 88' lang='lat' dir='ltr'><strong>se</strong></span> <span class='ocrx_word' id='word_1_231' title='bbox 858 3337 962 3407; x_wconf 80' lang='lat' dir='ltr'><strong>legatur</strong></span> <span class='ocrx_word' id='word_1_232' title='bbox 973 3355 1026 3407; x_wconf 83' lang='lat' dir='ltr'><strong>per</strong></span> <span class='ocrx_word' id='word_1_233' title='bbox 1043 3341 1154 3392; x_wconf 83' lang='lat' dir='ltr'><strong>medium</strong></span> <span class='ocrx_word' id='word_1_234' title='bbox 1175 3349 1232 3391; x_wconf 76' lang='lat' dir='ltr'><strong>ster.</strong></span> <span class='ocrx_word' id='word_1_235' title='bbox 1268 3337 1327 3389; x_wconf 91' lang='lat' dir='ltr'><strong>lloc</strong></span> <span class='ocrx_word' id='word_1_236' title='bbox 1344 3333 1462 3388; x_wconf 85' lang='lat' dir='ltr'><strong>animad-</strong></span> 
     </span>
     <span class='ocr_line' id='line_1_29' title="bbox 219 3355 1461 3476; baseline -0.004 -15"><span class='ocrx_word' id='word_1_237' title='bbox 219 3424 263 3462; x_wconf 86' lang='lat' dir='ltr'><strong>cre</strong></span> <span class='ocrx_word' id='word_1_238' title='bbox 282 3407 340 3458; x_wconf 83' lang='lat' dir='ltr'><strong>etot</strong></span> <span class='ocrx_word' id='word_1_239' title='bbox 357 3405 418 3458; x_wconf 87' lang='lat' dir='ltr'><strong>msti</strong></span> <span class='ocrx_word' id='word_1_240' title='bbox 435 3412 463 3456; x_wconf 92' lang='lat' dir='ltr'><strong>ct</strong></span> <span class='ocrx_word' id='word_1_241' title='bbox 479 3355 673 3474; x_wconf 63' lang='lat' dir='ltr'><strong>dnakeuburgii</strong></span> <span class='ocrx_word' id='word_1_242' title='bbox 696 3413 724 3458; x_wconf 88' lang='lat' dir='ltr'><strong>et</strong></span> <span class='ocrx_word' id='word_1_243' title='bbox 741 3405 824 3458; x_wconf 85' lang='lat' dir='ltr'><strong>nostri</strong></span> <span class='ocrx_word' id='word_1_244' title='bbox 858 3423 934 3458; x_wconf 84' lang='lat' dir='ltr'><strong>verso</strong></span> <span class='ocrx_word' id='word_1_245' title='bbox 951 3406 1012 3459; x_wconf 91' lang='lat' dir='ltr'><strong>Bon</strong></span> <span class='ocrx_word' id='word_1_246' title='bbox 1031 3407 1113 3460; x_wconf 79' lang='lat' dir='ltr'><strong>areius</strong></span> <span class='ocrx_word' id='word_1_247' title='bbox 1125 3423 1178 3476; x_wconf 80' lang='lat' dir='ltr'><strong>per</strong></span> <span class='ocrx_word' id='word_1_248' title='bbox 1194 3406 1314 3459; x_wconf 83' lang='lat' dir='ltr'><strong>Medium</strong></span> <span class='ocrx_word' id='word_1_249' title='bbox 1332 3406 1381 3456; x_wconf 80' lang='lat' dir='ltr'><strong>iter</strong></span> <span class='ocrx_word' id='word_1_250' title='bbox 1399 3422 1461 3458; x_wconf 86' lang='lat' dir='ltr'><strong>con-</strong></span> 
     </span>
     <span class='ocr_line' id='line_1_30' title="bbox 219 3425 1461 3552; baseline -0.003 -25"><span class='ocrx_word' id='word_1_251' title='bbox 219 3481 326 3544; x_wconf 84' lang='lat' dir='ltr'><strong>praater</strong></span> <span class='ocrx_word' id='word_1_252' title='bbox 348 3473 420 3552; x_wconf 82' lang='lat' dir='ltr'><strong>Flor.</strong></span> <span class='ocrx_word' id='word_1_253' title='bbox 446 3471 472 3525; x_wconf 87' lang='lat' dir='ltr'>G</span> <span class='ocrx_word' id='word_1_254' title='bbox 497 3488 605 3539; x_wconf 87' lang='lat' dir='ltr'><strong>omnes,</strong></span> <span class='ocrx_word' id='word_1_255' title='bbox 630 3483 683 3526; x_wconf 82' lang='lat' dir='ltr'><strong>tum</strong></span> <span class='ocrx_word' id='word_1_256' title='bbox 709 3491 725 3525; x_wconf 84' lang='lat' dir='ltr'><strong>a</strong></span> <span class='ocrx_word' id='word_1_257' title='bbox 750 3473 824 3526; x_wconf 89' lang='lat' dir='ltr'><strong>libris</strong></span> <span class='ocrx_word' id='word_1_258' title='bbox 857 3425 1175 3546; x_wconf 70' lang='lat' dir='ltr'><strong>iecitFreindremiusque</strong></span> <span class='ocrx_word' id='word_1_259' title='bbox 1193 3473 1221 3526; x_wconf 90' lang='lat' dir='ltr'><strong>in</strong></span> <span class='ocrx_word' id='word_1_260' title='bbox 1235 3481 1338 3526; x_wconf 77' lang='lat' dir='ltr'><strong>textum</strong></span> <span class='ocrx_word' id='word_1_261' title='bbox 1351 3471 1461 3542; x_wconf 85' lang='lat' dir='ltr'><strong>recepit,</strong></span> 
     </span>
     <span class='ocr_line' id='line_1_31' title="bbox 220 3539 1461 3612; baseline -0.002 -18"><span class='ocrx_word' id='word_1_262' title='bbox 220 3543 327 3612; x_wconf 89' lang='lat' dir='ltr'><strong>quidem</strong></span> <span class='ocrx_word' id='word_1_263' title='bbox 345 3549 408 3594; x_wconf 80' lang='lat' dir='ltr'><strong>satra</strong></span> <span class='ocrx_word' id='word_1_264' title='bbox 427 3548 515 3593; x_wconf 88' lang='lat' dir='ltr'><strong>tutum</strong></span> <span class='ocrx_word' id='word_1_265' title='bbox 532 3548 586 3605; x_wconf 86' lang='lat' dir='ltr'><strong>est,</strong></span> <span class='ocrx_word' id='word_1_266' title='bbox 610 3541 656 3594; x_wconf 89' lang='lat' dir='ltr'><strong>sed</strong></span> <span class='ocrx_word' id='word_1_267' title='bbox 674 3557 751 3594; x_wconf 84' lang='lat' dir='ltr'><strong>sensu</strong></span> <span class='ocrx_word' id='word_1_268' title='bbox 768 3559 825 3595; x_wconf 82' lang='lat' dir='ltr'><strong>css-</strong></span> <span class='ocrx_word' id='word_1_269' title='bbox 858 3549 930 3596; x_wconf 89' lang='lat' dir='ltr'><strong>rcctc</strong></span> <span class='ocrx_word' id='word_1_270' title='bbox 956 3542 1012 3596; x_wconf 88' lang='lat' dir='ltr'><strong>sina</strong></span> <span class='ocrx_word' id='word_1_271' title='bbox 1036 3544 1131 3608; x_wconf 89' lang='lat' dir='ltr'><strong>dubio,</strong></span> <span class='ocrx_word' id='word_1_272' title='bbox 1155 3561 1217 3596; x_wconf 84' lang='lat' dir='ltr'><strong>nam</strong></span> <span class='ocrx_word' id='word_1_273' title='bbox 1233 3559 1265 3594; x_wconf 80' lang='lat' dir='ltr'><strong>ee</strong></span> <span class='ocrx_word' id='word_1_274' title='bbox 1281 3540 1332 3594; x_wconf 80' lang='lat' dir='ltr'><strong>luit</strong></span> <span class='ocrx_word' id='word_1_275' title='bbox 1348 3539 1393 3592; x_wconf 82' lang='lat' dir='ltr'><strong>illu</strong></span> <span class='ocrx_word' id='word_1_276' title='bbox 1411 3539 1461 3593; x_wconf 85' lang='lat' dir='ltr'><strong>cir-</strong></span> 
     </span>
     <span class='ocr_line' id='line_1_32' title="bbox 218 3607 1461 3682; baseline -0.001 -19"><span class='ocrx_word' id='word_1_277' title='bbox 218 3629 284 3668; x_wconf 76' lang='lat' dir='ltr'><strong>cum.</strong></span> <span class='ocrx_word' id='word_1_278' title='bbox 318 3609 415 3679; x_wconf 83' lang='lat' dir='ltr'><strong>Neque</strong></span> <span class='ocrx_word' id='word_1_279' title='bbox 437 3609 506 3661; x_wconf 86' lang='lat' dir='ltr'><strong>anim</strong></span> <span class='ocrx_word' id='word_1_280' title='bbox 524 3608 740 3680; x_wconf 89' lang='lat' dir='ltr'><strong>illopotissimum</strong></span> <span class='ocrx_word' id='word_1_281' title='bbox 758 3619 825 3664; x_wconf 79' lang='lat' dir='ltr'><strong>tem-</strong></span> <span class='ocrx_word' id='word_1_282' title='bbox 859 3610 939 3664; x_wconf 89' lang='lat' dir='ltr'><strong>cuitio</strong></span> <span class='ocrx_word' id='word_1_283' title='bbox 958 3611 1100 3664; x_wconf 88' lang='lat' dir='ltr'><strong>multorum</strong></span> <span class='ocrx_word' id='word_1_284' title='bbox 1109 3611 1219 3678; x_wconf 88' lang='lat' dir='ltr'><strong>dierum,</strong></span> <span class='ocrx_word' id='word_1_285' title='bbox 1238 3627 1317 3682; x_wconf 80' lang='lat' dir='ltr'><strong>quam</strong></span> <span class='ocrx_word' id='word_1_286' title='bbox 1325 3607 1461 3664; x_wconf 85' lang='lat' dir='ltr'><strong>Diodorus</strong></span> 
     </span>
     <span class='ocr_line' id='line_1_33' title="bbox 218 3677 1140 3750; baseline 0 -18"><span class='ocrx_word' id='word_1_287' title='bbox 218 3696 284 3749; x_wconf 87' lang='lat' dir='ltr'><strong>pore</strong></span> <span class='ocrx_word' id='word_1_288' title='bbox 315 3677 472 3732; x_wconf 79' lang='lat' dir='ltr'><strong>Aristandro</strong></span> <span class='ocrx_word' id='word_1_289' title='bbox 504 3677 582 3730; x_wconf 89' lang='lat' dir='ltr'><strong>lidem</strong></span> <span class='ocrx_word' id='word_1_290' title='bbox 617 3696 665 3730; x_wconf 87' lang='lat' dir='ltr'><strong>rex</strong></span> <span class='ocrx_word' id='word_1_291' title='bbox 699 3679 823 3746; x_wconf 85' lang='lat' dir='ltr'><strong>habebat,</strong></span> <span class='ocrx_word' id='word_1_292' title='bbox 856 3680 1140 3750; x_wconf 80' lang='lat' dir='ltr'><strong>xv11,68signilicat.</strong></span> 
     </span>
     <span class='ocr_line' id='line_1_34' title="bbox 218 3745 1460 3818; baseline -0.004 -16"><span class='ocrx_word' id='word_1_293' title='bbox 218 3746 265 3802; x_wconf 84' lang='lat' dir='ltr'><strong>sed</strong></span> <span class='ocrx_word' id='word_1_294' title='bbox 291 3763 341 3816; x_wconf 89' lang='lat' dir='ltr'><strong>per</strong></span> <span class='ocrx_word' id='word_1_295' title='bbox 371 3754 457 3800; x_wconf 88' lang='lat' dir='ltr'><strong>totum</strong></span> <span class='ocrx_word' id='word_1_296' title='bbox 492 3745 666 3816; x_wconf 85' lang='lat' dir='ltr'><strong>expeditionis</strong></span> <span class='ocrx_word' id='word_1_297' title='bbox 701 3748 821 3818; x_wconf 84' lang='lat' dir='ltr'><strong>spatium.</strong></span> <span class='ocrx_word' id='word_1_298' title='bbox 892 3751 915 3816; x_wconf 71' lang='grc' dir='ltr'><strong>ξ.</strong></span> <span class='ocrx_word' id='word_1_299' title='bbox 929 3755 954 3802; x_wconf 87' lang='grc'><strong>3.</strong></span> <span class='ocrx_word' id='word_1_300' title='bbox 973 3752 1090 3802; x_wconf 80' lang='lat' dir='ltr'><strong>deserere</strong></span> <span class='ocrx_word' id='word_1_301' title='bbox 1108 3749 1201 3802; x_wconf 74' lang='lat' dir='ltr'><strong>milites</strong></span> <span class='ocrx_word' id='word_1_302' title='bbox 1220 3746 1373 3816; x_wconf 79' lang='lat' dir='ltr'><strong>insepultos]</strong></span> <span class='ocrx_word' id='word_1_303' title='bbox 1392 3745 1460 3798; x_wconf 88' lang='lat' dir='ltr'><strong>Vul-</strong></span> 
     </span>
     <span class='ocr_line' id='line_1_35' title="bbox 219 3814 1459 3885; baseline -0.002 -16"><span class='ocrx_word' id='word_1_304' title='bbox 219 3815 300 3870; x_wconf 83' lang='lat' dir='ltr'><strong>Certe</strong></span> <span class='ocrx_word' id='word_1_305' title='bbox 317 3833 396 3885; x_wconf 84' lang='lat' dir='ltr'><strong>supra</strong></span> <span class='ocrx_word' id='word_1_306' title='bbox 413 3815 458 3868; x_wconf 92' lang='lat' dir='ltr'><strong>lib.</strong></span> <span class='ocrx_word' id='word_1_307' title='bbox 468 3829 510 3882; x_wconf 71' lang='lat' dir='ltr'><strong>rr,</strong></span> <span class='ocrx_word' id='word_1_308' title='bbox 529 3823 564 3868; x_wconf 87' lang='grc'><strong>24</strong></span> <span class='ocrx_word' id='word_1_309' title='bbox 581 3814 610 3868; x_wconf 90' lang='lat' dir='ltr'><strong>iu</strong></span> <span class='ocrx_word' id='word_1_310' title='bbox 628 3815 705 3868; x_wconf 75' lang='lat' dir='ltr'><strong>simili</strong></span> <span class='ocrx_word' id='word_1_311' title='bbox 722 3834 751 3868; x_wconf 89' lang='lat' dir='ltr'><strong>re</strong></span> <span class='ocrx_word' id='word_1_312' title='bbox 769 3835 821 3870; x_wconf 90' lang='lat' dir='ltr'><strong>non</strong></span> <span class='ocrx_word' id='word_1_313' title='bbox 891 3825 935 3870; x_wconf 89' lang='lat' dir='ltr'><strong>tur</strong></span> <span class='ocrx_word' id='word_1_314' title='bbox 952 3819 1080 3870; x_wconf 79' lang='lat' dir='ltr'><strong>dimittere</strong></span> <span class='ocrx_word' id='word_1_315' title='bbox 1097 3816 1139 3870; x_wconf 90' lang='lat' dir='ltr'><strong>ine</strong></span> <span class='ocrx_word' id='word_1_316' title='bbox 1159 3826 1194 3869; x_wconf 88' lang='lat' dir='ltr'><strong>te.</strong></span> <span class='ocrx_word' id='word_1_317' title='bbox 1229 3817 1356 3870; x_wconf 84' lang='lat' dir='ltr'><strong>Deserere</strong></span> <span class='ocrx_word' id='word_1_318' title='bbox 1374 3814 1459 3866; x_wconf 87' lang='lat' dir='ltr'><strong>estin</strong></span> 
     </span>
     <span class='ocr_line' id='line_1_36' title="bbox 218 3881 1460 3954; baseline -0.003 -14"><span class='ocrx_word' id='word_1_319' title='bbox 218 3883 311 3940; x_wconf 79' lang='lat' dir='ltr'><strong>addita</strong></span> <span class='ocrx_word' id='word_1_320' title='bbox 332 3883 397 3937; x_wconf 86' lang='lat' dir='ltr'><strong>certi</strong></span> <span class='ocrx_word' id='word_1_321' title='bbox 420 3883 555 3936; x_wconf 84' lang='lat' dir='ltr'><strong>cuiusdam</strong></span> <span class='ocrx_word' id='word_1_322' title='bbox 578 3885 705 3954; x_wconf 85' lang='lat' dir='ltr'><strong>temporis</strong></span> <span class='ocrx_word' id='word_1_323' title='bbox 723 3884 822 3954; x_wconf 82' lang='lat' dir='ltr'><strong>signifi·</strong></span> <span class='ocrx_word' id='word_1_324' title='bbox 880 3902 937 3940; x_wconf 85' lang='lat' dir='ltr'><strong>eru.</strong></span> <span class='ocrx_word' id='word_1_325' title='bbox 962 3887 988 3940; x_wconf 83' lang='lat' dir='ltr'>A</span> <span class='ocrx_word' id='word_1_326' title='bbox 1009 3885 1081 3940; x_wconf 85' lang='lat' dir='ltr'><strong>Flor.</strong></span> <span class='ocrx_word' id='word_1_327' title='bbox 1159 3883 1209 3939; x_wconf 86' lang='lat' dir='ltr'><strong>CG</strong></span> <span class='ocrx_word' id='word_1_328' title='bbox 1234 3881 1308 3936; x_wconf 83' lang='lat' dir='ltr'><strong>Laid.</strong></span> <span class='ocrx_word' id='word_1_329' title='bbox 1337 3887 1410 3936; x_wconf 83' lang='lat' dir='ltr'><strong>Voss.</strong></span> <span class='ocrx_word' id='word_1_330' title='bbox 1434 3890 1460 3936; x_wconf 86' lang='lat'><strong>1.</strong></span> 
     </span>
     <span class='ocr_line' id='line_1_37' title="bbox 218 3949 1459 4024; baseline -0.001 -20"><span class='ocrx_word' id='word_1_331' title='bbox 218 3951 306 4016; x_wconf 83' lang='lat' dir='ltr'><strong>catio,</strong></span> <span class='ocrx_word' id='word_1_332' title='bbox 330 3967 379 4004; x_wconf 88' lang='lat' dir='ltr'><strong>nec</strong></span> <span class='ocrx_word' id='word_1_333' title='bbox 403 3951 471 4004; x_wconf 81' lang='lat' dir='ltr'><strong>infru</strong></span> <span class='ocrx_word' id='word_1_334' title='bbox 492 3951 537 4005; x_wconf 91' lang='lat' dir='ltr'><strong>lib.</strong></span> <span class='ocrx_word' id='word_1_335' title='bbox 562 3967 618 4016; x_wconf 81' lang='lat' dir='ltr'><strong>vn,</strong></span> <span class='ocrx_word' id='word_1_336' title='bbox 643 3959 685 4007; x_wconf 79' lang='lat'><strong>³0.</strong></span> <span class='ocrx_word' id='word_1_337' title='bbox 727 3953 821 4024; x_wconf 80' lang='lat' dir='ltr'><strong>Itaque</strong></span> <span class='ocrx_word' id='word_1_338' title='bbox 854 3952 908 4007; x_wconf 86' lang='lat' dir='ltr'><strong>Sed</strong></span> <span class='ocrx_word' id='word_1_339' title='bbox 926 3972 988 4008; x_wconf 82' lang='lat' dir='ltr'><strong>mox</strong></span> <span class='ocrx_word' id='word_1_340' title='bbox 1006 3955 1044 4008; x_wconf 80' lang='lat' dir='ltr'><strong>itu</strong></span> <span class='ocrx_word' id='word_1_341' title='bbox 1061 3972 1115 4008; x_wconf 92' lang='lat' dir='ltr'><strong>non</strong></span> <span class='ocrx_word' id='word_1_342' title='bbox 1132 3962 1173 4006; x_wconf 78' lang='lat' dir='ltr'><strong>est</strong></span> <span class='ocrx_word' id='word_1_343' title='bbox 1189 3952 1238 4006; x_wconf 87' lang='lat' dir='ltr'><strong>nisi</strong></span> <span class='ocrx_word' id='word_1_344' title='bbox 1256 3952 1283 4006; x_wconf 88' lang='lat' dir='ltr'><strong>in</strong></span> <span class='ocrx_word' id='word_1_345' title='bbox 1300 3949 1372 4005; x_wconf 82' lang='lat' dir='ltr'><strong>Flor.</strong></span> <span class='ocrx_word' id='word_1_346' title='bbox 1390 3950 1413 4004; x_wconf 83' lang='lat' dir='ltr'>F</span> <span class='ocrx_word' id='word_1_347' title='bbox 1430 3959 1459 4004; x_wconf 89' lang='lat' dir='ltr'><strong>et</strong></span> 
     </span>
     <span class='ocr_line' id='line_1_38' title="bbox 218 4018 1459 4089; baseline 0.001 -17"><span class='ocrx_word' id='word_1_348' title='bbox 218 4019 304 4072; x_wconf 88' lang='lat' dir='ltr'><strong>delevi</strong></span> <span class='ocrx_word' id='word_1_349' title='bbox 321 4019 476 4088; x_wconf 86' lang='lat' dir='ltr'><strong>particulam</strong></span> <span class='ocrx_word' id='word_1_350' title='bbox 498 4019 575 4074; x_wconf 89' lang='lat' dir='ltr'><strong>unius</strong></span> <span class='ocrx_word' id='word_1_351' title='bbox 598 4021 657 4074; x_wconf 85' lang='lat' dir='ltr'><strong>libri</strong></span> <span class='ocrx_word' id='word_1_352' title='bbox 676 4021 820 4088; x_wconf 85' lang='lat' dir='ltr'><strong>Leidensis,</strong></span> <span class='ocrx_word' id='word_1_353' title='bbox 856 4040 922 4076; x_wconf 83' lang='lat' dir='ltr'><strong>am.</strong></span> <span class='ocrx_word' id='word_1_354' title='bbox 945 4023 1061 4076; x_wconf 82' lang='lat' dir='ltr'><strong>secunda</strong></span> <span class='ocrx_word' id='word_1_355' title='bbox 1083 4022 1110 4076; x_wconf 88' lang='lat' dir='ltr'><strong>in</strong></span> <span class='ocrx_word' id='word_1_356' title='bbox 1137 4021 1163 4076; x_wconf 92' lang='lat' dir='ltr'>G</span> <span class='ocrx_word' id='word_1_357' title='bbox 1185 4022 1307 4089; x_wconf 81' lang='lat' dir='ltr'><strong>(fortasse</strong></span> <span class='ocrx_word' id='word_1_358' title='bbox 1329 4018 1408 4072; x_wconf 87' lang='lat' dir='ltr'><strong>etiam</strong></span> <span class='ocrx_word' id='word_1_359' title='bbox 1429 4019 1459 4074; x_wconf 88' lang='lat' dir='ltr'><strong>in</strong></span> 
     </span>
     <span class='ocr_line' id='line_1_39' title="bbox 218 4087 1460 4171; baseline -0.001 -31"><span class='ocrx_word' id='word_1_360' title='bbox 218 4089 265 4146; x_wconf 83' lang='lat' dir='ltr'><strong>sed</strong></span> <span class='ocrx_word' id='word_1_361' title='bbox 283 4087 392 4157; x_wconf 86' lang='lat' dir='ltr'><strong>optimi,</strong></span> <span class='ocrx_word' id='word_1_362' title='bbox 416 4089 573 4142; x_wconf 79' lang='lat' dir='ltr'><strong>auctoritate</strong></span> <span class='ocrx_word' id='word_1_363' title='bbox 595 4107 611 4142; x_wconf 95' lang='lat' dir='ltr'><strong>e</strong></span> <span class='ocrx_word' id='word_1_364' title='bbox 633 4089 722 4160; x_wconf 89' lang='lat' dir='ltr'><strong>priora</strong></span> <span class='ocrx_word' id='word_1_365' title='bbox 743 4107 821 4144; x_wconf 81' lang='lat' dir='ltr'><strong>versu</strong></span> <span class='ocrx_word' id='word_1_366' title='bbox 855 4094 930 4146; x_wconf 87' lang='lat' dir='ltr'><strong>Voss.</strong></span> <span class='ocrx_word' id='word_1_367' title='bbox 943 4101 953 4143; x_wconf 90' lang='lat' dir='ltr'><strong>l</strong></span> <span class='ocrx_word' id='word_1_368' title='bbox 968 4091 1067 4162; x_wconf 87' lang='lat' dir='ltr'><strong>quippe</strong></span> <span class='ocrx_word' id='word_1_369' title='bbox 1086 4091 1131 4171; x_wconf 87' lang='lat' dir='ltr'><strong>qui</strong></span> <span class='ocrx_word' id='word_1_370' title='bbox 1149 4109 1200 4144; x_wconf 91' lang='lat' dir='ltr'><strong>non</strong></span> <span class='ocrx_word' id='word_1_371' title='bbox 1215 4090 1460 4156; x_wconf 85' lang='lat' dir='ltr'><strong>commemoretur);</strong></span> 
     </span>
     <span class='ocr_line' id='line_1_40' title="bbox 218 4155 1460 4238; baseline -0.003 -24"><span class='ocrx_word' id='word_1_372' title='bbox 218 4157 270 4214; x_wconf 85' lang='lat' dir='ltr'><strong>bue</strong></span> <span class='ocrx_word' id='word_1_373' title='bbox 286 4163 427 4210; x_wconf 84' lang='lat' dir='ltr'><strong>retractam</strong></span> <span class='ocrx_word' id='word_1_374' title='bbox 443 4166 524 4223; x_wconf 83' lang='lat' dir='ltr'><strong>ratus,</strong></span> <span class='ocrx_word' id='word_1_375' title='bbox 544 4175 605 4210; x_wconf 89' lang='lat' dir='ltr'><strong>nam</strong></span> <span class='ocrx_word' id='word_1_376' title='bbox 622 4166 649 4211; x_wconf 87' lang='lat' dir='ltr'><strong>ct</strong></span> <span class='ocrx_word' id='word_1_377' title='bbox 666 4167 745 4212; x_wconf 82' lang='lat' dir='ltr'><strong>antea</strong></span> <span class='ocrx_word' id='word_1_378' title='bbox 759 4169 820 4224; x_wconf 83' lang='lat' dir='ltr'><strong>tum,</strong></span> <span class='ocrx_word' id='word_1_379' title='bbox 854 4159 882 4212; x_wconf 89' lang='lat' dir='ltr'><strong>in</strong></span> <span class='ocrx_word' id='word_1_380' title='bbox 905 4159 1012 4230; x_wconf 87' lang='lat' dir='ltr'><strong>reliquis</strong></span> <span class='ocrx_word' id='word_1_381' title='bbox 1035 4161 1154 4213; x_wconf 88' lang='lat' dir='ltr'><strong>ommbus</strong></span> <span class='ocrx_word' id='word_1_382' title='bbox 1179 4161 1264 4238; x_wconf 81' lang='lat' dir='ltr'><strong>itaque</strong></span> <span class='ocrx_word' id='word_1_383' title='bbox 1290 4155 1401 4226; x_wconf 81' lang='lat' dir='ltr'><strong>legitur,</strong></span> <span class='ocrx_word' id='word_1_384' title='bbox 1423 4173 1460 4210; x_wconf 79' lang='lat' dir='ltr'><strong>ex</strong></span> 
     </span>
     <span class='ocr_line' id='line_1_41' title="bbox 218 4225 1290 4294; baseline 0.002 -16"><span class='ocrx_word' id='word_1_385' title='bbox 218 4243 272 4278; x_wconf 89' lang='lat' dir='ltr'><strong>non</strong></span> <span class='ocrx_word' id='word_1_386' title='bbox 291 4233 365 4290; x_wconf 83' lang='lat' dir='ltr'><strong>tunc,</strong></span> <span class='ocrx_word' id='word_1_387' title='bbox 390 4232 420 4277; x_wconf 92' lang='lat' dir='ltr'><strong>ut</strong></span> <span class='ocrx_word' id='word_1_388' title='bbox 443 4225 529 4278; x_wconf 88' lang='lat' dir='ltr'><strong>estin</strong></span> <span class='ocrx_word' id='word_1_389' title='bbox 547 4225 637 4294; x_wconf 85' lang='lat' dir='ltr'><strong>editis,</strong></span> <span class='ocrx_word' id='word_1_390' title='bbox 655 4227 820 4282; x_wconf 86' lang='lat' dir='ltr'><strong>scribendum</strong></span> <span class='ocrx_word' id='word_1_391' title='bbox 855 4237 920 4283; x_wconf 80' lang='lat' dir='ltr'><strong>nota</strong></span> <span class='ocrx_word' id='word_1_392' title='bbox 937 4228 1005 4282; x_wconf 85' lang='lat' dir='ltr'><strong>mule</strong></span> <span class='ocrx_word' id='word_1_393' title='bbox 1022 4227 1170 4293; x_wconf 85' lang='lat' dir='ltr'><strong>intellecta,</strong></span> <span class='ocrx_word' id='word_1_394' title='bbox 1189 4246 1205 4281; x_wconf 95' lang='lat' dir='ltr'><strong>o</strong></span> <span class='ocrx_word' id='word_1_395' title='bbox 1223 4244 1290 4280; x_wconf 89' lang='lat' dir='ltr'><strong>mor.</strong></span> 
     </span>
     <span class='ocr_line' id='line_1_42' title="bbox 218 4245 1459 4372; baseline 0.002 -26"><span class='ocrx_word' id='word_1_396' title='bbox 218 4293 270 4372; x_wconf 76' lang='lat' dir='ltr'><strong>fuit</strong></span> <span class='ocrx_word' id='word_1_397' title='bbox 296 4301 408 4362; x_wconf 88' lang='lat' dir='ltr'><strong>propter</strong></span> <span class='ocrx_word' id='word_1_398' title='bbox 435 4293 509 4372; x_wconf 53' lang='grc' dir='ltr'><strong>(3ᾳάιά</strong></span> <span class='ocrx_word' id='word_1_399' title='bbox 542 4311 703 4348; x_wconf 87' lang='lat' dir='ltr'><strong>consensum.</strong></span> <span class='ocrx_word' id='word_1_400' title='bbox 748 4294 821 4360; x_wconf 87' lang='lat' dir='ltr'><strong>Quin</strong></span> <span class='ocrx_word' id='word_1_401' title='bbox 890 4299 912 4365; x_wconf 69' lang='grc' dir='ltr'><strong>ξ.</strong></span> <span class='ocrx_word' id='word_1_402' title='bbox 932 4303 956 4353; x_wconf 78' lang='grc'><strong>5.</strong></span> <span class='ocrx_word' id='word_1_403' title='bbox 994 4299 1063 4366; x_wconf 82' lang='lat' dir='ltr'><strong>qaod</strong></span> <span class='ocrx_word' id='word_1_404' title='bbox 1079 4298 1107 4349; x_wconf 79' lang='lat' dir='ltr'><strong>in</strong></span> <span class='ocrx_word' id='word_1_405' title='bbox 1125 4245 1301 4366; x_wconf 59' lang='lat' dir='ltr'><strong>lonydlDC&#39;,</strong></span> <span class='ocrx_word' id='word_1_406' title='bbox 1321 4296 1349 4348; x_wconf 78' lang='lat' dir='ltr'><strong>in</strong></span> <span class='ocrx_word' id='word_1_407' title='bbox 1367 4297 1459 4349; x_wconf 84' lang='lat' dir='ltr'><strong>latitu-</strong></span> 
     </span>
     <span class='ocr_line' id='line_1_43' title="bbox 218 4362 1457 4433; baseline 0.002 -18"><span class='ocrx_word' id='word_1_408' title='bbox 218 4369 298 4416; x_wconf 82' lang='lat' dir='ltr'><strong>etram</strong></span> <span class='ocrx_word' id='word_1_409' title='bbox 325 4369 385 4414; x_wconf 76' lang='lat' dir='ltr'><strong>ncnc</strong></span> <span class='ocrx_word' id='word_1_410' title='bbox 411 4362 489 4414; x_wconf 84' lang='lat' dir='ltr'><strong>scnbr</strong></span> <span class='ocrx_word' id='word_1_411' title='bbox 515 4363 631 4433; x_wconf 89' lang='lat' dir='ltr'><strong>potuerit</strong></span> <span class='ocrx_word' id='word_1_412' title='bbox 648 4381 701 4417; x_wconf 91' lang='lat' dir='ltr'><strong>non</strong></span> <span class='ocrx_word' id='word_1_413' title='bbox 719 4364 820 4431; x_wconf 87' lang='lat' dir='ltr'><strong>dubito,</strong></span> <span class='ocrx_word' id='word_1_414' title='bbox 856 4368 942 4420; x_wconf 82' lang='lat' dir='ltr'><strong>dinem</strong></span> <span class='ocrx_word' id='word_1_415' title='bbox 963 4365 1066 4418; x_wconf 80' lang='lat' dir='ltr'><em>CLXX</em></span> <span class='ocrx_word' id='word_1_416' title='bbox 1081 4367 1169 4418; x_wconf 79' lang='lat' dir='ltr'><strong>stedia</strong></span> <span class='ocrx_word' id='word_1_417' title='bbox 1189 4366 1334 4433; x_wconf 74' lang='lat' dir='ltr'><strong>procurrit]</strong></span> <span class='ocrx_word' id='word_1_418' title='bbox 1370 4365 1457 4418; x_wconf 81' lang='lat' dir='ltr'><strong>Lotus</strong></span> 
     </span>
     <span class='ocr_line' id='line_1_44' title="bbox 217 4428 1460 4504; baseline 0.003 -22"><span class='ocrx_word' id='word_1_419' title='bbox 217 4431 265 4489; x_wconf 76' lang='lat' dir='ltr'><strong>scd</strong></span> <span class='ocrx_word' id='word_1_420' title='bbox 282 4437 374 4484; x_wconf 81' lang='lat' dir='ltr'><strong>auctor</strong></span> <span class='ocrx_word' id='word_1_421' title='bbox 391 4428 495 4484; x_wconf 86' lang='lat' dir='ltr'><strong>videtur</strong></span> <span class='ocrx_word' id='word_1_422' title='bbox 513 4429 624 4486; x_wconf 82' lang='lat' dir='ltr'><strong>voluisse</strong></span> <span class='ocrx_word' id='word_1_423' title='bbox 641 4450 695 4486; x_wconf 89' lang='lat' dir='ltr'><strong>non</strong></span> <span class='ocrx_word' id='word_1_424' title='bbox 709 4442 762 4486; x_wconf 83' lang='lat' dir='ltr'><strong>tam</strong></span> <span class='ocrx_word' id='word_1_425' title='bbox 775 4433 821 4487; x_wconf 93' lang='lat' dir='ltr'><strong>illo</strong></span> <span class='ocrx_word' id='word_1_426' title='bbox 855 4433 959 4488; x_wconf 86' lang='lat' dir='ltr'><strong>videtur</strong></span> <span class='ocrx_word' id='word_1_427' title='bbox 980 4431 1228 4504; x_wconf 76' lang='lat' dir='ltr'><strong>subintelligendrun</strong></span> <span class='ocrx_word' id='word_1_428' title='bbox 1249 4449 1306 4487; x_wconf 87' lang='lat' dir='ltr'><strong>csse</strong></span> <span class='ocrx_word' id='word_1_429' title='bbox 1329 4433 1364 4485; x_wconf 82' lang='lat' dir='ltr'><strong>ad</strong></span> <span class='ocrx_word' id='word_1_430' title='bbox 1381 4451 1460 4504; x_wconf 83' lang='lat' dir='ltr'><strong>pron.</strong></span> 
     </span>
    </p>
   </div>
   <div class='ocr_carea' id='block_1_4' title="bbox 0 0 1640 5290">
    <p class='ocr_par' dir='ltr' id='par_1_8' title="bbox 0 0 1640 5290">
     <span class='ocr_line' id='line_1_45' title="bbox 0 0 1640 5290; baseline 0 2"><span class='ocrx_word' id='word_1_431' title='bbox 0 0 1640 5290; x_wconf 95' lang='lat' dir='ltr'><strong> </strong></span> 
     </span>
    </p>
   </div>
  </div>
 </body>
</html>
