3276 5282
231 363 305 436 160
450 382 484 445 o.
512 381 637 434 conrn
661 379 747 433 num
771 380 821 431 nn
848 378 975 433 onoma
1001 372 1110 433 anax.
1137 379 1188 432 Ν.
1215 378 1257 428 oa.

229 567 306 640 fuit.
371 561 427 638 Nc
467 563 577 638 duces
617 563 761 663 quidem
801 566 985 663 copiarum
1027 590 1096 640 aun
1136 563 1244 638 lauda
1284 563 1476 642 fraudandi
1493 585 1527 636 ar

230 689 332 768 aunt3
359 676 490 775 quippo
516 677 676 768 vrrlnara,
702 701 795 774 quaa
820 678 971 774 quisquc
997 676 1150 775 excepit,
1175 675 1306 750 indicia
1330 677 1475 751 virtutis

231 799 326 864 sunt.
378 785 656 886 Hephaestionis
687 789 874 862 brachium
906 789 1012 862 hasta
1045 788 1157 862 ictum
1183 798 1256 861 ast:
1292 785 1529 881 Perdiccam

232 911 271 976 ct
296 896 455 990 Coenos,
482 908 520 972 et
544 897 722 990 Menidas,
756 901 896 998 sagittis
931 925 1044 999 propa
1078 899 1195 973 occisi.
1247 897 1305 990 Et,
1332 899 1363 972 ai
1388 924 1476 974 vcro
1493 919 1529 969 aa

233 1011 423 1086 aestimare
457 1009 693 1102 Maccdonas,
725 1012 785 1109 qui
812 1022 899 1085 tunc
925 1019 1044 1103 erant,
1070 1011 1247 1102 volumus,
1273 1010 1477 1103 fatebimur,

234 1134 272 1198 et
302 1147 425 1221 regem
442 1121 587 1195 ,talibus
619 1122 807 1214 ministris,
850 1132 888 1197 et
918 1123 998 1198 illos
1030 1131 1134 1195 tanto
1165 1145 1251 1220 rego
1282 1122 1393 1196 firiaco
1425 1121 1476 1194 di·

233 1257 434 1336 gnrasrmos.

234 1435 310 1490 Laid.
327 1433 433 1488 vona
454 1433 498 1500 (ac
514 1432 596 1487 miror
613 1433 704 1490 abessa
712 1435 789 1490 Voaa.
800 1437 838 1508 1).
872 1435 938 1490 itam
954 1442 1067 1516 uterquc
1077 1433 1158 1488 Bcrn.
1175 1431 1226 1486 nisi
1242 1434 1314 1505 quod
1330 1434 1354 1488 B
1375 1433 1479 1488 Coenam

235 1503 354 1574 Vulgata
376 1505 468 1572 (quam
490 1499 571 1554 ctiam
588 1501 697 1557 Modica
715 1505 839 1576 retinuit)
873 1503 989 1558 retinere
1005 1503 1121 1569 rrdotur,
1135 1500 1478 1574 SnakenburgimexLein

235 1590 285 1627 ruo
303 1573 380 1640 culpo
403 1567 512 1623 forsitan
538 1569 616 1624 alicui
638 1571 672 1626 ob
699 1572 840 1644 inaoquam
873 1574 952 1629 Voaa.
975 1579 988 1628 1
1021 1572 1163 1634 Perdicca,
1192 1587 1226 1624 ax
1249 1571 1327 1626 Voaa.
1350 1580 1364 1626 1
1395 1571 1479 1626 Oanos

235 1641 325 1696 aliana
342 1641 436 1692 virtute
452 1638 616 1710 probabilior
632 1639 766 1710 ridentum
793 1642 840 1696 aad
874 1648 984 1709 enatat,
1010 1639 1114 1711 reliqua
1135 1637 1202 1693 silet.
1236 1639 1311 1694 Editi
1335 1641 1493 1712 Perdiccas·

235 1707 355 1764 ordinem
376 1723 467 1760 eorum
489 1723 558 1778 quaa
581 1718 753 1790 opponuntur
768 1711 840 1765 haud
874 1729 907 1764 nc
928 1711 1043 1775 Comus,
1066 1709 1113 1762 aad
1133 1708 1232 1762 Coenos
1250 1709 1306 1762 aive
1325 1709 1410 1764 Ocnos
1427 1708 1481 1763 iam

224 1793 296 1834 'raro
326 1774 424 1832 mutari
459 1793 475 1828 a
505 1775 677 1847 scriptor-rbus
711 1787 740 1834 et
783 1779 840 1836 uani
874 1779 939 1834 odit.
961 1797 1002 1850 pr.
1023 1777 1087 1832 Ald.
1109 1781 1167 1832 Iun.
1184 1776 1259 1831 Mod.
1293 1777 1385 1833 Etiam
1401 1794 1482 1850 supra

235 1847 325 1902 fronte
343 1841 464 1916 componi
482 1861 517 1915 op
565 1844 604 1898 ita
620 1847 751 1902 neminem
760 1799 839 1920 iirgit,
876 1855 927 1918 50,
954 1853 988 1902 28
1011 1843 1114 1900 Graeca
1140 1847 1205 1900 hacc
1229 1846 1382 1901 tor-minatio
1413 1854 1480 1902 arat.

236 1921 281 1984 (ut
297 1923 339 1968 cat
356 1929 409 1982 111,
438 1919 470 1968 14
521 1931 578 1968 caco
595 1932 636 1968 me
652 1918 720 1970 mori
736 1920 841 1985 scelere,
875 1917 1006 1971 Perdicca
1022 1921 1192 1982 novamen,
1210 1915 1257 1968 aad
1275 1932 1292 1970 a
1307 1915 1412 1971 rationo
1427 1915 1481 1970 La·

236 2003 315 2055 quom
341 1993 409 2038 meru
429 1999 484 2036 mco
506 1989 534 2036 ct
552 1996 599 2052 IV,
622 1990 652 2038 21
677 1987 746 2056 leyen
768 2005 786 2040 α
804 1989 842 2040 oi·
875 1985 990 2040 tinitatia
1006 2002 1060 2039 nou
1078 1983 1211 2039 abhorret.
1245 1984 1379 2055 Moatiyio
1396 1983 1480 2039 nomi-

236 2055 351 2107 ctoribua
370 2050 437 2118 dici,
464 2052 551 2131 αεσίρί
567 2069 584 2104 o
603 2053 677 2106 victis
696 2055 743 2124 ai.)
762 2061 843 2127 atquc
875 2053 980 2108 nativus
1002 2054 1072 2125 apud
1097 2051 1224 2106 Plautum
1244 2051 1345 2124 legitur
1369 2052 1398 2108 in
1419 2053 1481 2108 Car.

236 2123 263 2176 b
281 2121 299 2174 1.
317 2123 394 2191 mlpa
409 2118 537 2200 imprimis
554 2120 652 2174 aratai
690 2123 808 2178 'ficanda
876 2138 914 2192 11,
933 2129 963 2192 8,
983 2129 1023 2178 10.

273 2193 298 2257 5.
316 2196 358 2244 ³2.
370 2189 497 2242 Perdwco
512 2197 536 2241 ct
554 2187 652 2244 Coenos
685 2191 734 2246 lor.
742 2209 841 2258 omncs,
