3268 5286
246 337 320 410 344
615 393 620 404 .
715 355 748 418 Q·
777 353 901 408 curru
925 351 1011 406 num

228 549 401 617 ,venerat
454 539 580 638 ltaque
615 551 656 614 ut
691 564 833 629 omnes,
874 538 935 635 qui
961 535 1185 627 defecerant,
1228 538 1365 636 pariter
1398 538 1482 612 belli

245 653 345 728 clade
371 663 628 752 premerentur,
655 651 776 749 copias
804 647 942 739 dividit,
969 650 1094 746 urique
1121 673 1228 747 agros
1235 706 1244 740 ,
1272 660 1309 723 et
1334 649 1484 723 interfici

244 766 398 864 puberes
424 763 536 838 iussit.

197 879 243 951 39
349 872 530 973 Sogdiana
563 874 661 972 regio
696 873 831 946 maiore
866 897 913 946 ex
947 881 1050 970 parte
1074 870 1229 972 'deserta
1262 882 1337 946 est:
1374 873 1483 946 octin-
1505 891 1536 938 x.

247 998 356 1086 genta
380 987 456 1060 fere
482 983 599 1058 stadia
623 986 660 1058 in
691 984 918 1058 latitudinem
947 993 1073 1058 vastae
1109 981 1318 1058 solitudines
1350 993 1484 1058 tenent.

247 1097 378 1198 Ingens
406 1096 562 1196 spatium
587 1107 705 1170 rectae
732 1096 886 1194 regionis
912 1104 977 1185 est,
1003 1121 1068 1193 per
1095 1122 1201 1193 quam
1227 1095 1352 1187 amnis,
1379 1093 1520 1195 Poly-s

248 1210 412 1284 timetum
438 1219 570 1281 vocant
595 1208 749 1299 incolae,
787 1208 909 1282 fertur.
962 1205 1173 1281 Torrentem
1205 1233 1288 1281 eum
1319 1208 1417 1306 ripae
1448 1209 1485 1280 in

247 1331 392 1408 tenuem
427 1323 588 1394 alveum
608 1330 760 1417 cogimt3
805 1318 934 1393 deinde
970 1343 1124 1392 cevema
1164 1320 1308 1418 accipit,
1346 1331 1383 1393 et
1418 1320 1486 1392 sub

249 1443 381 1506 terrem
407 1433 511 1531 rapit.
564 1428 699 1505 Cursus
725 1431 925 1506 absconditi
950 1428 1119 1503 indicium
1145 1439 1201 1504 est
1226 1455 1341 1529 aquae
1367 1451 1522 1504 mean-s
1604 1453 1605 1458 ¹

249 1543 295 1616 tis
323 1567 448 1635 sonus,
484 1567 565 1616 cum
589 1544 708 1641 ipsum
732 1543 865 1635 solnm,
900 1543 967 1616 sub
1000 1567 1072 1638 quo
1104 1552 1226 1615 tantus
1258 1544 1372 1617 amnis
1398 1542 1487 1632 fluit,

250 1679 295 1728 ne
327 1655 468 1729 modico
501 1653 645 1752 quidem
676 1653 823 1728 resudet
858 1654 1017 1729 humore.
1070 1652 1129 1726 Ex
1160 1653 1310 1751 captivis
1343 1651 1523 1753 Sogdia-s
1607 1729 1608 1750 χ

251 1791 379 1840 norum
406 1765 454 1840 ad
478 1791 599 1864 regem
624 1792 705 1840 xxx
730 1766 949 1857 nobilissimi,
976 1789 1167 1864 corpomm
1192 1765 1322 1839 robore
1348 1765 1489 1856 eximio,

251 1877 414 1976 perducti
441 1889 561 1954 erant:
595 1878 655 1976 qui
681 1888 722 1951 ut
747 1902 812 1976 per
837 1878 1069 1976 interpretem
1095 1887 1358 1976 cognoverunt,
1389 1877 1489 1950 iussu

252 1991 346 2089 regis
372 1991 469 2089 ipsos
503 1986 550 2062 ad
582 1989 794 2088 supplicium
825 1989 935 2080 trebi,
976 2013 1119 2062 carmen
1145 1989 1356 2062 laetantium
1382 1987 1490 2062 modo

174 2145 179 2156 ·
253 2125 398 2192 canere,
438 2100 672 2200 tripudiisque
707 2112 744 2174 et
777 2099 954 2174 lasciviori
990 2101 1147 2198 corporis
1183 2113 1286 2174 motu
1319 2099 1491 2199 gaudium
1611 2173 1612 2198 ἕ

253 2211 434 2307 quoddam
459 2211 566 2286 animi
593 2221 774 2286 ostentare
801 2222 1005 2310 coeperunt.
1050 2211 1259 2286 Admiratus
1286 2238 1363 2304 rex,
1388 2222 1527 2286 nutas

255 2321 499 2420 magnitudine
533 2322 641 2395 animi
679 2333 850 2422 oppetere
880 2333 1051 2413 mortem,
1089 2323 1251 2397 revocari
1282 2349 1344 2398 eos
1380 2325 1493 2414 iussit,
1612 2313 1613 2320 ἵ

255 2458 399 2508 causam
423 2443 499 2507 tam
526 2433 660 2508 effusae
685 2433 859 2527 laetitiae,
895 2459 976 2508 cum
1009 2435 1219 2533 supplicium
1252 2444 1336 2510 ante
1371 2435 1494 2510 oculos

291 2693 312 2754 ξ.
328 2692 369 2740 22.
405 2687 510 2754 intentet
522 2688 645 2756 puberes]
668 2684 742 2742 Leid.
755 2686 856 2741 Vosal
893 2686 992 2757 legitur
1008 2689 1079 2759 apud
1089 2686 1219 2756 Curtium,
1237 2695 1266 2742 et
1283 2688 1309 2742 h.
1318 2688 1336 2742 1.
1354 2687 1497 2760 diremptio

257 2755 372 2809 Bern.A
389 2754 460 2809 Flor.
478 2755 527 2809 AB
539 2757 633 2826 pubes.
893 2755 1080 2811 vocabulorum
1104 2756 1238 2828 ingratum
1260 2755 1361 2828 aliquid
1382 2765 1410 2811 at
1434 2757 1497 2810 sffe-

292 2823 358 2895 Cap.
366 2831 409 2890 89,
422 2829 447 2890 s.
457 2831 480 2878 1.
501 2828 598 2879 maiore
616 2843 647 2878 er
659 2828 749 2896 parte]
771 2824 860 2895 Vulgo
894 2833 994 2880 statum
1014 2826 1101 2879 habet.

258 2895 363 2961 maiori,
389 2894 435 2946 sed
452 2893 537 2948 alters
552 2896 639 2948 forma
655 2893 759 2949 codices
775 2893 860 2948 nostri
895 2897 987 3017 0034.
1013 2896 1164 2948 laetantium
1176 2892 1264 2966 modo]
1291 2894 1344 2962 Sic,
1354 2912 1496 2961 nonmore,

259 2979 348 3016 omnes
365 2979 425 3017 cum
442 2961 516 3016 Laid.
525 2963 604 3017 Voss.
615 2971 638 3016 l.
944 2963 970 3016 d.
991 2979 1094 3030 omnes,
1122 2980 1207 3033 marg.
1224 2961 1351 3018 Iunianae
1373 2971 1402 3018 et
1423 2963 1496 3018 Mod.

294 3035 317 3100 ξ.
332 3038 357 3085 2.
392 3041 477 3086 rectae
503 3034 628 3101 repienis]
664 3031 774 3084 Terram
797 3029 862 3084 dicit
895 3031 986 3086 editio.

260 3099 328 3154 sicut
344 3117 375 3152 su
394 3117 425 3154 rs
441 3099 793 3170 c29,4inlongitudinem,
811 3098 829 3152 i.
838 3115 862 3152 c.
931 3105 955 3165 ς.
974 3107 998 3154 5.
1034 3101 1188 3154 Admiratus
1215 3119 1270 3154 rer.
1306 3100 1391 3156 Codd.
1414 3100 1497 3155 nostri

261 3170 295 3223 ab
313 3117 450 3248 oqcidente
466 3167 596 3248 orientem
604 3186 696 3222 versus
725 3175 862 3248 arrectam.
897 3167 1002 3248 quidem
1019 3185 1108 3223 omnes
1127 3169 1223 3223 admir.
1240 3179 1287 3222 est
1305 3187 1361 3236 rer,
1379 3169 1425 3222 sed
1436 3187 1497 3224 con-

261 3239 353 3292 Amms
369 3246 411 3290 est
427 3236 505 3290 variis
522 3236 669 3292 nominibus
713 3237 789 3305 olnlr,
812 3237 862 3289 Za
896 3237 994 3292 iunctio
1020 3238 1046 3290 iu
1077 3237 1245 3309 sequentibus
1276 3237 1348 3292 nulla
1378 3245 1426 3292 est.
1461 3237 1499 3291 Et

260 3305 383 3370 michan,
411 3303 485 3374 Sogd
511 3305 589 3359 hodie
615 3305 776 3376 appellatus,
801 3303 862 3358 vide
896 3305 978 3360 miror
996 3305 1131 3377 aliquanto
1148 3315 1225 3376 post,
1252 3306 1297 3360 ubi
1315 3325 1385 3360 nunc
1402 3305 1499 3376 legitur

261 3373 358 3427 Ritter.
376 3371 473 3452 Geogr.
490 3387 523 3439 11,
537 3392 566 3453 p.
577 3379 624 3453 bil
646 3372 806 3454 (ret.edit.),
828 3373 862 3425 ad
898 3385 949 3427 inm
967 3392 1022 3454 rer,
1038 3393 1137 3497 quaero
1155 3379 1240 3496 itaque
1256 3375 1355 3455 iterum
1370 3375 1399 3429 in
1416 3374 1499 3428 omni-

261 3441 863 3589 tittttttttt‘ltftttttttttt
896 3443 1095 3566 iiiiii&
1109 3443 1499 3592 &initii-iiiiii&

262 3577 386 3632 videntur
402 3578 489 3632 fuisse
519 3577 585 3631 Fert
614 3585 697 3632 tatem
714 3578 864 3649 laetumque
897 3579 967 3649 qood
989 3581 1022 3634 ab
1044 3581 1101 3651 ipso
1123 3589 1250 3662 scriptore
1286 3581 1416 3636 refectum
1434 3599 1499 3646 esse,

262 3653 396 3718 aspectum
421 3663 534 3717 magnae
564 3645 632 3700 illius
657 3645 782 3701 convellis
808 3661 865 3698 vm
898 3665 951 3700 non
976 3651 1124 3718 persuadeo
1149 3649 1220 3704 milri.
1275 3651 1309 3702 ed
1332 3657 1382 3720 §.⁷
1410 3653 1499 3772 isqui),

264 3715 365 3770 dierum
386 3714 438 3770 iter
457 3715 553 3787 longae
570 3731 661 3770 omnes
678 3715 800 3770 certatim
817 3715 863 3769 ad-
898 3717 970 3786 quod
995 3716 1023 3771 in
1052 3717 1131 3772 editis
1162 3727 1268 3790 praeter
1294 3719 1368 3774 Mod.
1395 3720 1429 3773 ad
1448 3729 1501 3774 rtur

263 3782 351 3838 mirati
373 3792 483 3838 suntet
506 3794 609 3839 veteres
635 3793 665 3838 et
687 3783 864 3839 recentiores:
898 3793 961 3856 post
981 3787 1083 3848 Quaero
1101 3789 1196 3856 namn,
1215 3787 1250 3840 ob
1261 3787 1378 3842 eodimm
1387 3787 1415 3842 in
1424 3787 1500 3843 omit-

264 3852 325 3906 vide
345 3850 461 3906 eiusdem
479 3853 575 3914 Ritteri
598 3852 799 3926 descriptionem
819 3853 864 3907 l.l.
898 3855 980 3907 tende
1006 3872 1071 3909 voce
1095 3872 1252 3910 consensum
1274 3857 1413 3911 delendum
1434 3855 1501 3921 iuit3

264 3921 319 3976 Sed
331 3937 390 3974 cum
405 3921 487 3992 vulgo
502 3921 608 3994 legatur
618 3941 670 3992 per
687 3941 765 3992 quam
782 3925 866 3976 omnis
902 3922 971 3978 iusto
996 3923 1066 3978 enim
1092 3924 1252 3979 liberaliores
1279 3925 1306 3980 in
1331 3925 1383 3980 hoc
1404 3941 1503 3996 genere

264 4021 300 4032 -
310 3990 520 4058 sertartorrens.
542 3993 622 4056 Eam,
640 4009 710 4046 nunc
723 3991 867 4062 marginem
902 3994 960 4046 sere
983 3992 1113 4074 principes
1138 3993 1251 4048 editores
1276 3995 1393 4048 fuerunt.
1433 3992 1503 4047 Vide

266 4057 327 4112 edii.
362 4058 488 4112 Iunisnse
519 4067 547 4112 et
572 4059 694 4112 Medium
724 4059 807 4114 secuti
833 4077 867 4114 ex
902 4061 1282 4131 Drsk.adL1v.xxrrr,4o,t.
1318 4062 1427 4118 Curtius
1446 4062 1504 4144 qui-

266 4127 342 4184 codd
360 4126 531 4181 montaral
548 4126 697 4197 scripsimus
717 4129 867 4182 Torrentem
902 4131 963 4184 dem
981 4129 1069 4184 omisit
1086 4146 1114 4198 V,
1134 4137 1149 4186 8
1167 4139 1236 4186 extr.
1254 4147 1283 4200 r,
1302 4139 1346 4201 22,
1363 4140 1388 4187 4.
1414 4132 1504 4186 Etiam

267 4213 331 4250 eren.
357 4195 606 4250 blonlltorrentem
615 4215 680 4250 cnm.
698 4197 867 4268 Namquam·
902 4198 930 4252 in
955 4198 1074 4254 oratione
1100 4199 1237 4268 indirecta,
1263 4219 1342 4273 quem
1368 4217 1504 4268 vocemus,

266 4263 306 4318 vis
324 4274 424 4318 torrens
443 4263 571 4318 adieetive
588 4282 646 4318 cum
660 4265 730 4318 amni
744 4265 867 4337 coniungi
901 4267 988 4322 omitti
997 4285 1184 4350 nonnunquam
1198 4273 1300 4324 dicendi
1312 4272 1423 4324 verbum
1432 4270 1504 4324 locus

267 4333 360 4404 possit,
373 4331 539 4401 doctrinm
552 4335 756 4404 praeterfluebat
766 4345 867 4388 torrens
902 4337 985 4391 nostri
1002 4338 1136 4408 scriptoris
1153 4337 1224 4394 lma
1243 4357 1266 4393 e
1276 4346 1311 4393 80
1324 4347 1394 4393 extr.
1412 4340 1504 4393 docet:

268 4403 354 4457 amnis
371 4409 472 4468 etvrrr,
482 4409 513 4456 37
533 4405 644 4472 cinpimr
660 4406 732 4456 omni
748 4405 866 4472 torrenti,
901 4405 1053 4460 honustus
1071 4417 1095 4460 et
1111 4409 1193 4460 vinem
1210 4408 1328 4462 Duresms
1345 4419 1369 4461 et
1386 4410 1460 4478 ipsos
1470 4439 1505 4448 -

269 4479 358 4525 temen
384 4479 412 4524 et
442 4470 545 4544 saepius
575 4481 676 4527 torreta
703 4472 866 4527 substantive
901 4476 1039 4529 incolumes
1057 4505 1091 4516 —
1102 4475 1173 4544 fore.
