3214 5288
525 361 574 410 nn
601 359 729 412 ossus
754 360 864 412 Annx.
891 361 942 428 nr,
961 357 988 410 ⁵.
1327 344 1374 416 11

101 542 305 621 semermes
329 542 451 634 lamna,
475 543 571 644 sequi
592 542 701 642 signe,
723 543 858 619 ordines
882 566 1016 618 sunere
1042 543 1236 618 dide'cenuut.
1279 543 1378 629 Quod

135 655 321 753 imperetur
346 678 458 728 omues
484 654 684 729 exsudent:
718 653 878 759 obsistere,
909 654 1093 748 circumire,
1127 655 1314 730 temnere
1339 659 1377 731 iu

135 791 251 859 emme,
275 778 405 838 mesore
425 790 589 864 μιφιωη,
612 789 681 840 nen
706 764 806 839 demes
832 765 951 864 meets,
978 790 1081 864 quem
1105 767 1224 841 milltes
1249 768 1374 842 callent.

90 877 193 950 rsAc
216 902 259 952 ue
291 875 372 950 ami
405 877 596 975 argentique
626 874 736 950 suedie
767 877 871 950 erae
894 889 1001 975 putes,
1036 877 1146 950 autu
1180 877 1239 951 ille
1277 878 1375 951 desei

128 987 233 1086 plata
254 999 452 1086 paupertate
482 987 645 1086 megs'stm
678 986 770 1059 stetit.
822 986 988 1086 Fatigatis
1021 987 1142 1060 bemus
1177 988 1278 1062 atie
1312 1001 1376 1062 est:

135 1099 246 1189 m'lms,
280 1123 378 1198 quem
417 1098 568 1194 occupati
593 1109 731 1195 perard,
765 1096 881 1170 satiet:
915 1109 1063 1196 tempero
1092 1099 1202 1172 smnm'
1240 1098 1376 1190 auiae,

87 1235 241 1309 nequem
264 1209 368 1283 metes
392 1219 478 1284 suut.
530 1205 608 1282 Iom
638 1207 791 1281 messae
820 1207 942 1308 equdes
975 1222 1006 1282 et
1029 1209 1228 1284 Aceumues
1254 1209 1376 1283 Aetoli·

134 1343 207 1418 que,
244 1317 367 1392 umido
392 1319 471 1392 belle
498 1344 628 1409 memus,
649 1317 785 1420 fundes,
812 1319 923 1420 ⁸credo,
962 1332 993 1392 et
1016 1320 1119 1394 hostis
1145 1319 1220 1420 epae
1245 1319 1376 1394 durmis

133 1427 356 1526 repellentur?
406 1429 493 1506 Pam'
527 1429 640 1504 robore
670 1454 755 1526 opus
789 1441 845 1502 est.
898 1429 943 1502 lu
975 1431 1035 1504 illo
1069 1444 1167 1522 temo,
1200 1455 1284 1530 quae
1317 1431 1375 1506 bes

129 1539 255 1637 genuit,
281 1539 412 1613 otacilio
444 1539 634 1639 quaerenda
665 1552 762 1614 suut.-
796 1553 970 1638 aequuum
1001 1541 1092 1614 ested
1122 1554 1218 1642 utque
1252 1567 1376 1614 aarum

91 1649 190 1722 read
213 1650 463 1724 conducendus
487 1649 624 1724 mittem
647 1651 745 1724 mitte
806 1648 895 1723 Erat
919 1648 1039 1724 Dareo
1064 1652 1152 1724 mite
1177 1675 1220 1724 ec
1245 1660 1374 1725 tracta·

134 1760 206 1832 bile
232 1761 432 1858 ingenium,
471 1760 539 1834 nisi
570 1786 672 1834 suam
696 1771 863 1850 naturam
889 1763 1098 1858 plerumque
1115 1765 1272 1848 ,fortuna
1298 1787 1374 1836 cor·

132 1882 327 1969 rumperet.
354 1870 480 1968 Itaque
493 1872 655 1946 veritatis
674 1872 874 1971 impatiens,
900 1871 1080 1970 hospitem
1106 1898 1148 1944 ac
1176 1873 1375 1970 supplicem

168 2056 192 2175 ἓ.
212 2059 253 2107 14.
271 2055 403 2123 obsistere,
421 2057 559 2110 circumire
576 2056 639 2125 oet]
674 2054 737 2108 Non
771 2071 847 2107 suom
864 2063 996 2120 naturum,
1013 2051 1084 2106 Flor.
1103 2051 1250 2108 clesma
1263 2062 1291 2107 et
1299 2053 1373 2108 Leid

131 2123 169 2174 du
188 2121 243 2174 ium
260 2130 301 2176 est
318 2123 381 2193 quin
398 2132 471 2176 certo
488 2139 566 2176 sensu
582 2123 680 2176 teotico
697 2121 737 2175 his
772 2124 850 2176 caum
867 2132 934 2187 not,
965 2122 1036 2192 quod
1053 2121 1157 2175 Medius
1178 2139 1206 2174 se
1223 2123 1374 2176 emendasse

131 2190 267 2244 vocabulis
284 2209 346 2244 usus
363 2191 398 2245 sit
414 2191 533 2263 scriptor.
551 2192 589 2244 Et
599 2189 663 2244 rnihi
680 2189 738 2260 qui-
771 2189 872 2256 soribit,
889 2207 949 2244 carn
966 2189 1070 2270 legatur
1087 2189 1138 2243 iam
1147 2191 1174 2244 in
1183 2191 1300 2260 margine
1310 2191 1373 2245 edit.

132 2258 441 2313 demobsiuerevidemr
457 2275 514 2313 esse
530 2259 559 2311 in
576 2257 658 2312 sciero
675 2275 737 2312 oon-
771 2257 905 2312 Iuniadae.
951 2259 1044 2312 Euam
1061 2276 1115 2313 non
1131 2266 1197 2329 pato
1209 2258 1271 2312 leni
1289 2275 1373 2329 posse,

133 2327 239 2393 sistere,
258 2328 326 2397 quod
334 2328 418 2382 nostri
426 2327 517 2382 dieunt
525 2329 608 2380 From
617 2329 736 2394 moctm3
770 2325 834 2397 quid
859 2327 929 2380 enirn
960 2326 1032 2380 alind
1063 2323 1165 2380 coium
1200 2335 1242 2382 ret
1267 2328 1374 2382 fortuna

133 2397 274 2448 circumire
290 2404 330 2449 est
347 2396 486 2466 circumagi
504 2395 558 2448 sive
573 2396 737 2450 addextram
770 2394 820 2448 nisi
837 2395 975 2448 naturam?
994 2395 1135 2448 sensuam
1154 2395 1271 2466 periqae
1288 2397 1374 2449 adhuc

131 2463 189 2516 sive
205 2463 240 2515 ad
257 2463 401 2531 sinistram,
420 2481 479 2518 eum
495 2481 563 2516 nnus
580 2463 665 2518 locum
682 2480 736 2517 ser·
770 2463 889 2517 tulerunt
898 2463 990 2530 critici,
1009 2481 1067 2517 oum
1075 2463 1219 2534 explicaret
1228 2463 1373 2517 budalius:

129 2539 192 2596 vat,
215 2531 309 2602 reliqui
327 2532 487 2586 semicirculo
504 2531 562 2585 vise
578 2532 647 2586 ciros
663 2531 737 2585 illum
771 2532 951 2611 quamcunque
968 2539 1046 2584 necta
1063 2538 1104 2584 est
1122 2533 1229 2585 fortune
1245 2531 1289 2584 vel
1305 2531 1373 2603 opti-

131 2600 261 2667 oonfscto,
276 2599 322 2670 qai
339 2609 418 2654 antes
434 2601 468 2654 ad
484 2599 666 2654 sinistramilli
683 2609 736 2653 ste·
770 2618 851 2666 mem3
874 2600 918 2653 alir
940 2599 973 2652 ad
998 2599 1115 2653 Dareum
1135 2600 1220 2671 ipsnrn
1242 2601 1374 2653 referrent

131 2677 236 2734 terant,
262 2686 334 2724 nunc
350 2671 384 2722 nd
400 2669 521 2722 dextram
543 2676 571 2721 et
588 2669 645 2722 vice
661 2685 737 2722 versa
770 2677 799 2722 et
806 2671 921 2738 fortune
940 2667 995 2722 eius
1011 2667 1144 2748 propriam
1161 2677 1282 2722 naturam
1291 2668 1373 2721 inter-

131 2735 296 2802 consistsnt,
323 2739 486 2804 astruentem
521 2739 684 2790 discursione
708 2739 736 2790 iu
770 2735 833 2790 dnm
851 2745 1001 2806 corruptam
1013 2735 1200 2816 intelligerent.
1219 2737 1318 2790 Verum
1327 2753 1373 2806 gs·
1450 2799 1454 2808 ‚

131 2823 214 2858 comm
239 2803 308 2858 scies
331 2804 500 2873 extenditur,
527 2823 586 2858 oum
611 2803 737 2876 postremi
770 2805 885 2858 nerslem
911 2821 966 2857 esse
997 2812 1154 2858 sententiam
1179 2804 1225 2856 rix
1255 2803 1375 2875 cuiquam

131 2872 238 2926 ordines
256 2873 437 2944 producuntur
458 2881 487 2926 et
505 2873 532 2926 in
549 2871 633 2943 prims
649 2873 736 2926 boote
770 2871 903 2943 eripietur.
951 2873 1082 2942 Equidem
1109 2871 1292 2941 corrigendum
1318 2888 1375 2924 esse

131 2941 167 2994 ad
183 2949 327 3012 utrumque
353 2949 400 2995 aut
425 2942 460 2995 ad
485 2941 642 2994 alterutrum
667 2940 736 2994 lotus
790 2949 845 2994 nto.
881 2939 935 2992 Sed
956 2941 1026 3009 quod
1043 2939 1196 2992 Perizonius
1222 2941 1256 2991 sd
1274 2937 1375 2991 Sanctii

131 3009 288 3063 consistunt.
322 3009 431 3064 Mutare
450 3027 570 3079 pugnam
591 3008 737 3079 generalius
772 2959 1375 3074 ldinervamn,12‚1vultntsua-sortune

134 3077 241 3130 ridetur
262 3093 330 3144 esse,
352 3077 487 3148 pugnandi
504 3079 609 3132 modum
625 3085 737 3142 mutare,
772 3075 909 3140 scribetur,
928 3091 988 3127 cum
997 3073 1031 3126 sit
1040 3072 1226 3138 duriusculum,
1243 3081 1302 3125 tum
1316 3089 1374 3125 sen-

134 3163 161 3198 v.
180 3162 203 3198 c.
220 3145 258 3212 si,
280 3163 337 3198 cnm
354 3155 433 3200 antes
450 3146 561 3200 conferti
579 3144 737 3212 dimicarint,
771 3143 872 3196 tentiae
889 3149 1033 3212 repugnat,
1055 3140 1178 3221 quoniam
1195 3158 1248 3193 nna
1265 3149 1306 3194 est
1322 3141 1374 3195 sor-

134 3213 321 3284 dispergsntur
341 3223 371 3268 et
391 3214 501 3268 velitum
517 3231 591 3267 more
607 3214 738 3283 modoque
771 3220 851 3278 tuas,
878 3209 951 3264 cuius
975 3218 1096 3282 potentis
1121 3209 1290 3276 describitm,
1320 3227 1375 3262 non

133 3301 152 3352 p
208 3289 263 3336 ent.
771 3298 820 3350 pro
842 3278 966 3350 cuiusque
987 3279 1102 3332 moribus
1128 3276 1237 3330 diversa
1276 3275 1374 3348 Aptius

186 3391 192 3402 .
213 3357 254 3403 15.
290 3350 331 3404 Ac
347 3368 380 3403 ue
404 3368 454 3422 pro
475 3349 546 3420 vulg.
574 3360 598 3403 et
614 3367 646 3402 ue
672 3347 736 3402 edit.
771 3347 826 3402 sine
843 3347 924 3401 dubio
941 3346 1078 3400 Walohins
1098 3347 1126 3398 in
1148 3345 1375 3399 emendationibus

132 3418 209 3471 Mod.
226 3427 255 3471 et
272 3420 348 3472 codd.
357 3436 416 3472 mss.
425 3417 500 3471 Leid.
509 3417 644 3488 nostrique
661 3433 736 3489 pree·
770 3415 886 3470 Livianis
896 3433 920 3486 p.
928 3421 960 3468 98
978 3414 1113 3486 proposuit
1123 3416 1230 3468 insitam
1241 3425 1374 3480 naturum,

131 3496 176 3539 ter
193 3485 267 3540 Flor.
284 3486 307 3539 B
326 3495 355 3540 et
371 3487 452 3540 Bern.
470 3486 504 3539 A.
643 3509 651 3522 =
770 3485 799 3538 ni
815 3491 963 3555 praestaret
979 3501 1072 3536 sanam
1090 3481 1160 3553 quod
1178 3481 1211 3535 G.
1226 3482 1261 3534 H.
1279 3481 1374 3535 Bardi·

168 3555 489 3624 quemoccuputiparont]
524 3553 599 3608 Haec
616 3561 657 3607 est
673 3554 736 3607 sori·
770 3552 820 3606 lius
838 3551 925 3606 V.·D.
947 3551 974 3604 in
992 3550 1087 3604 litteris
1104 3567 1173 3604 anno
1198 3557 1260 3604 1831
1281 3550 1315 3603 sd
1332 3565 1374 3602 me

133 3630 214 3692 ptura
239 3623 365 3676 bbrorum
381 3641 442 3676 mss
464 3631 492 3676 et
518 3621 580 3675 olim
606 3621 737 3676 editorum
771 3620 840 3674 datis
857 3619 942 3674 voluit
969 3626 1016 3671 aut
1034 3621 1210 3672 etiomsauom
1228 3635 1295 3688 quae
1312 3635 1374 3672 eon-

136 3690 407 3762 omnium,potsstque
415 3689 508 3762 opinor
516 3689 640 3760 intelligi:
659 3706 737 3760 quem
771 3689 871 3742 iectura
888 3697 929 3740 est
943 3655 1057 3740 bominis
1074 3686 1145 3740 docti
1154 3686 1182 3740 in
1192 3685 1295 3740 Stosoh.
1303 3685 1373 3738 Mus

135 3756 194 3810 aliis
210 3759 288 3812 rebus
305 3759 437 3830 occupati,
455 3757 529 3812 verbi
546 3775 624 3812 causa
640 3757 667 3810 in
684 3765 737 3810 sta·
773 3757 830 3810 crit.
848 3771 881 3808 11.
899 3775 925 3827 p.
945 3761 1002 3808 188.

134 3824 253 3880 tionibus
269 3828 437 3894 excubantes,
454 3843 527 3880 arma
543 3833 737 3897 praeparantes,
823 3835 883 3878 tuuc
927 3823 1095 3876 cummaxime
1139 3823 1217 3876 milio
1258 3823 1373 3875 suadea-

131 3893 739 4016 pgpqsffispmpfflemqgffl
773 3889 1216 4026 pplqeppfflmffi
1232 3888 1375 4012 tttt‘d

131 4031 205 4101 quod
222 4029 252 4084 in
268 3981 454 4086 edit.lo¹¹r¹bb¹‹ln.
469 3981 738 4084 Iumbtodfflreinsh.
772 4032 830 4098 est)
857 4038 917 4081 tuuc
939 4046 995 4080 eum
1021 4028 1132 4080 mosim
1154 4027 1270 4080 habeant
1295 4033 1375 4096 etque

131 4107 210 4152 extat
228 4117 303 4169 quem
319 4109 455 4169 occupant.
472 4097 560 4152 Possis
573 4097 653 4150 etism
664 4115 738 4166 quem
772 4095 842 4150 idem
850 4095 957 4149 Medius
974 4111 989 4148 e
1006 4094 1095 4148 codiee
1111 4112 1158 4148 sno
1175 4093 1373 4164 deprompserit,

233 4177 314 4234 runt,
341 4175 372 4220 ut
397 4167 470 4247 quod
496 4173 538 4219 est
553 4176 656 4236 pareat
672 4165 738 4218 nihil
772 4183 826 4219 non
845 4162 964 4217 dubitavi
987 4165 1096 4244 probam
1118 4162 1277 4216 locutionem
1297 4159 1375 4216 resti-

160 4186 354 4302 Ὓγίᾱωωτ,
371 4235 422 4290 nisi
438 4232 589 4289 terminatio
605 4233 679 4287 verbi
696 4249 738 4287 re-
772 4241 855 4286 taere.
873 4231 937 4286 Non
953 4248 1023 4284 enim
1040 4239 1081 4284 est
1098 4229 1168 4284 omni
1185 4247 1219 4283 err
1236 4237 1312 4310 perte
1329 4245 1374 4282 ve-

132 4185 164 4220 oc

131 4235 226 4375 Qus.
670 4339 677 4344 -
771 4319 844 4369 rum,
870 4301 940 4370 quod
958 4299 1020 4352 olim
1037 4316 1053 4352 a
1070 4297 1200 4370 plerisque
1217 4299 1317 4352 dimum
1334 4303 1375 4350 est
1433 4349 1434 4354 ,

167 4375 190 4441 ξ.
211 4380 253 4426 11.
284 4371 340 4424 uisi
357 4389 432 4425 suam
449 4381 573 4424 acturum
589 4371 739 4440 plerumque
773 4369 822 4438 (ct
845 4367 928 4422 Drsk.
955 4368 989 4421 ad
1015 4366 1073 4421 Liv.
1101 4374 1145 4435 27,
1172 4373 1188 4419 4
1210 4375 1239 4420 et
1256 4372 1299 4432 40,
1319 4367 1374 4434 lt),

123 4441 436 4511 fmtuuaeomumperet]
453 4438 527 4493 Libri
543 4457 604 4494 mss.
621 4437 739 4510 plerique
773 4438 943 4492 cummaxime
964 4436 1137 4508 adpraesens
1160 4441 1282 4505 tempus,
1309 4443 1375 4486 cum·
