3214 5288
216 391 264 462 46
403 373 407 393 '
685 406 719 470 q,
747 405 872 459 cunrn
896 405 981 458 nun

166 593 213 666 28
323 587 401 663 Hac
432 598 507 662 tam
539 612 711 686 prospera
745 613 867 686 pugna
900 588 1080 675 nuntiata,
1119 582 1342 677 Alexander,
1382 609 1513 661 non1a

216 711 301 776 ente
327 725 435 776 ausus
461 698 626 799 persequi
652 698 844 792 barbaros,
879 698 1057 794 utrimque
1082 696 1155 770 iam
1180 695 1297 770 victor
1321 697 1458 772 instare

215 811 432 911 fugientibus
459 809 585 907 coepit.
645 807 754 882 Haud
779 810 931 907 amplius
956 832 1079 906 regem
1104 831 1213 905 quam
1237 808 1334 882 mille
1360 809 1455 905 equi·
1475 829 1511 875 ιι

216 935 272 998 tes
311 921 570 1018 sequebantur,
609 943 690 994 cum
728 921 853 1017 ingens
888 916 1079 993 multitudo
1111 919 1269 992 hostium
1304 916 1458 992 caderet

217 1031 291 1108 Sed
317 1033 396 1130 quis
422 1032 538 1105 autin
559 1029 719 1120 victoria,
745 1040 809 1104 aut
827 1030 864 1104 in
889 1030 976 1126 fuga
1001 1029 1121 1126 copias
1147 1028 1338 1102 numerat?
1363 1026 1459 1125 Age·

216 1146 350 1219 bantur
376 1167 461 1240 ergo
488 1167 510 1214 a
535 1149 611 1245 tam
636 1141 759 1238 paucis
784 1165 954 1238 pecorum
984 1138 1109 1230 modo,
1141 1149 1179 1212 et
1209 1137 1305 1212 idem
1330 1149 1460 1228 metris,

218 1255 279 1352 qui
304 1254 457 1351 cogebat
481 1255 616 1350 fingere,
641 1252 818 1350 fugientes
852 1252 1070 1325 morabatur.
1134 1247 1188 1322 At
1214 1245 1341 1324 Graeci
1348 1304 1358 1339 ,
1397 1248 1459 1345 qui
1478 1267 1515 1317 ra

217 1369 256 1440 in
280 1364 390 1437 Darei
414 1364 577 1461 pertibus
604 1372 788 1452 steterant,
813 1361 975 1460 Ampnta
1000 1359 1100 1451 duce,
1127 1359 1288 1457 (praetor
1304 1358 1459 1432 hicAle·

219 1474 351 1551 xandri
376 1476 502 1564 fuerat,
529 1483 616 1546 tunc
640 1471 841 1570 transfirga)
867 1472 1010 1578 abrupti
1036 1497 1059 1544 a
1084 1469 1221 1559 ceteris,
1247 1467 1346 1542 haud
1372 1493 1459 1543 sane

220 1585 438 1684 fugientibus
466 1585 596 1658 similes
622 1594 821 1658 evaserant.
880 1582 1030 1657 Barbari
1059 1583 1166 1678 longe
1202 1578 1380 1654 diversam
1406 1581 1459 1653 su·
1480 1600 1516 1650 rs

221 1723 305 1796 gam
330 1694 577 1770 intenderunt:
616 1696 689 1785 alii,
730 1705 962 1791 quercetum
987 1694 1057 1767 iter
1081 1693 1119 1766 in
1144 1689 1329 1766 Persidem
1355 1689 1460 1764 duce·

218 1809 302 1898 bat,
329 1805 474 1904 quidam
500 1806 648 1878 circuitu
671 1831 779 1903 rupes
805 1807 988 1901 saltusque
1014 1805 1189 1878 montium
1215 1805 1373 1877 coemtos
1399 1827 1461 1901 pe-

220 1918 344 2009 tivere,
372 1917 477 2015 pauci
501 1926 621 1989 eastra
644 1914 763 1990 Darei.

220 2167 331 2221 roninuo
348 2181 421 2220 more
438 2164 512 2218 illum
529 2168 559 2220 id
574 2183 656 2235 penus
675 2182 822 2236 aqmenvo-
856 2182 978 2220 numerus
1010 2181 1133 2234 pecorum
1174 2165 1347 2218 trucidandus
1383 2174 1460 2230 esset,

221 2234 300 2287 luisse
318 2234 432 2298 scribat,
459 2233 565 2286 Medius
590 2234 703 2303 denique
730 2251 822 2302 cymen
857 2233 965 2288 Curtius
974 2249 1040 2300 vm,
1050 2240 1083 2287 50
1093 2232 1249 2302 (elephanti)
1263 2249 1387 2301 pecorum
1404 2250 1460 2285 mo-

222 2305 292 2371 quod
306 2319 389 2370 penus
407 2300 508 2366 edidit,
535 2302 581 2354 sed
606 2300 634 2353 in
660 2301 730 2354 notis
754 2304 824 2370 quod
857 2305 889 2355 clo
907 2304 993 2370 napis
1005 2302 1461 2370 pavidiquantirp‘estinltranciem

220 2367 823 2506 attinntffiln⁰lttllsttt
857 2371 1038 2490 {tutta
1053 2371 1284 2491 {tibilim
1301 2385 1395 2437 amen
1408 2387 1458 2438 n-

222 2455 469 2576 equitatem,pcuius
487 2521 591 2558 omnem
607 2504 734 2558 virtutem
748 2455 823 2574 {iror-
892 2508 915 2572 ξ.
936 2511 976 2558 18.
1002 2457 1111 2575 suerdr,
1139 2515 1199 2559 tunc
1225 2506 1378 2574 tranq‘uqa]
1415 2502 1461 2558 Sic

222 2591 266 2627 sus
291 2582 364 2626 recte
390 2580 419 2626 et
445 2574 590 2642 prudenter
606 2572 671 2642 dicit
687 2573 715 2626 in
733 2572 823 2626 celeri·
856 2572 962 2627 Medius
972 2581 1000 2626 et
1009 2573 1205 2639 Schmiederus3
1223 2572 1303 2642 vulgo
1318 2571 1388 2625 enim
1396 2589 1461 2626 eon-

222 2649 281 2695 tate
298 2641 447 2694 consistere.
467 2640 749 2696 Ceterumiamnarum
767 2657 823 2693 esse
857 2648 899 2695 tre
924 2641 1050 2696 librorum
1076 2641 1260 2696 auctoritatem
1286 2649 1314 2694 et
1331 2640 1460 2694 sermonis

223 2708 319 2764 dicitur
344 2709 372 2762 in
398 2709 468 2761 Dan.
486 2709 561 2763 Voss.
582 2718 593 2760 1
613 2709 688 2762 Leid
705 2717 734 2762 et
750 2709 822 2762 Flor.
856 2708 945 2762 latini
962 2719 1103 2780 praecepta
1142 2713 1193 2776 uie,
1220 2727 1290 2764 nunc
1308 2711 1460 2779 transsuqn.

222 2776 334 2844 Heinsii,
362 2777 389 2830 in
406 2777 470 2830 meis
487 2794 549 2831 vero
566 2777 686 2830 omnibus
704 2780 823 2848 (praeter
857 2777 911 2830 Sed
932 2779 1003 2847 quod
1023 2778 1094 2832 idem
1132 2778 1241 2832 chmied.
1259 2795 1321 2831 mox
1338 2778 1460 2848 abruptis

222 2845 352 2916 Bernn)
370 2848 381 2898 i
398 2845 494 2900 vocalis
511 2845 624 2899 additur.
642 2846 743 2899 Eadem
760 2845 824 2898 scri-
857 2848 948 2900 ceteris
965 2847 1067 2899 mavult
1083 2865 1131 2917 pro
1148 2863 1180 2900 eo
1197 2847 1268 2917 quod
1285 2845 1395 2916 legimus
1413 2847 1462 2898 ab·

222 2923 317 2986 pturae
334 2915 447 2968 varietas
465 2922 505 2968 est
522 2915 592 2994 apud
609 2914 668 2968 Liv.
685 2921 822 2981 xxm,19,
857 2916 928 2983 rupti
946 2933 962 2967 a
981 2917 1086 2980 cereris,
1105 2914 1216 2982 enavit,
1244 2931 1306 2968 nam
1322 2913 1461 2986 pauciores

222 2983 268 3037 ubi
285 2982 593 3038 Drakenb.Gronov1um
611 2991 715 3036 secutus
732 2991 825 3037 eontra
858 2999 874 3036 a
890 2981 1008 3053 pluribus
1025 2983 1217 3054 abmmpuntur
1225 2983 1279 3036 sive
1288 2982 1459 3049 divelluntur,

223 3051 298 3105 codd.
319 3060 351 3105 ut
368 3051 473 3106 videtur
499 3070 558 3106 suos
584 3059 745 3106 contractem
772 3051 825 3104 for·
857 3058 945 3116 ut1V,
964 3057 1006 3116 58,
1025 3058 1057 3104 22
1080 3054 1161 3120 plura
1189 3053 1300 3120 abrupta
1327 3070 1344 3105 a
1367 3053 1460 3104 ceteris

222 3137 290 3172 mam
310 3120 446 3190 expressit.
457 3119 648 3190 cataphractos
665 3138 685 3172 s.
700 3117 824 3173 loricatos
858 3121 965 3188 aquina
983 3121 1077 3172 ulricun
1096 3137 1127 3174 ue
1149 3121 1231 3172 aliurn
1254 3121 1304 3172 atii
1318 3122 1383 3188 fars
1410 3120 1461 3170 mi-

223 3187 824 3308 teramnanae
859 3137 1329 3323 sarasiniscum
1339 3203 1460 3325 nn

157 3343 159 3348 ’
225 3273 353 3388 equilibus
380 3273 501 3399 equisquli
527 3331 671 3402 septimenta
696 3294 772 3374 unni
794 3339 826 3374 eu
858 3323 939 3375 Bern.
957 3323 991 3391 B,
1009 3295 1080 3378 Flol.
1097 3323 1122 3376 B
1141 3323 1220 3376 etiam
1238 3273 1337 3378 cllrruti.

215 3390 318 3457 serreis
336 3389 443 3441 laminis
462 3390 529 3442 serie
548 3398 615 3440 enter
632 3405 660 3442 se
677 3391 807 3442 connexis.
894 3393 917 3459 ξ.
936 3397 977 3444 19.
1013 3393 1122 3446 circuitu
1140 3393 1230 3462 rupes]
1267 3391 1366 3446 Omnes
1385 3390 1464 3446 codd.

259 3459 351 3509 multos
370 3457 575 3526 occupaverant]
610 3455 681 3510 Flor.
699 3459 726 3510 A
751 3457 824 3510 Laid.
859 3460 943 3526 rupis,
962 3460 1033 3529 quod
1050 3476 1084 3512 ex
1101 3466 1191 3512 vetere
1200 3459 1386 3530 pronuntiandi
1397 3458 1462 3512 scri·

224 3524 327 3578 Vosal
347 3525 680 3599 iutcltioccupaverant(de
697 3543 749 3596 qua
765 3543 825 3596 per-
859 3525 991 3597 bendique
1006 3527 1109 3581 ratione
1134 3527 1197 3582 ulibi
1224 3529 1280 3581 fere
1305 3528 1464 3582 oblitterata

224 3591 371 3646 mutatione
388 3591 561 3660 videndun}
592 3599 635 3660 n),
653 3593 733 3647 ceteri
750 3595 825 3648 codd.
859 3595 930 3665 apud
956 3595 1077 3649 Curtium
1101 3605 1228 3666 superest.
1270 3597 1344 3650 Haec
1369 3602 1463 3648 autem

225 3659 309 3714 nostri
335 3662 427 3728 multi,
453 3678 521 3714 unus
545 3661 616 3716 For.
636 3659 662 3715 G
679 3679 738 3715 cum
765 3663 824 3716 edd.
860 3663 944 3717 forme
960 3663 1028 3716 male
1044 3663 1179 3720 intellecta
1196 3681 1274 3718 causa
1291 3664 1350 3730 fuit,
1368 3681 1415 3716 cur
1433 3671 1465 3716 et

224 3728 286 3780 inde
304 3745 320 3780 a
338 3728 454 3799 principe
471 3732 572 3787 multos.
604 3729 691 3794 Quam
708 3738 825 3786 veterem
859 3731 1002 3784 deteriores
1028 3733 1103 3786 codd.
1130 3741 1159 3786 et
1184 3733 1243 3786 edd.
1270 3733 1395 3804 sntiqrme
1412 3740 1463 3786 aut

225 3796 414 3850 annectionem
430 3798 545 3870 recipere
553 3797 720 3870 maluiquam
730 3817 826 3854 novam
860 3801 995 3853 circuitum
1012 3807 1059 3853 aut
1076 3802 1201 3855 circuitus
1237 3801 1375 3856 adurent.
1409 3800 1462 3854 Ce-

225 3871 279 3918 tem
299 3873 363 3918 tare.
859 3875 946 3920 terum
963 3868 1034 3936 quod
1050 3869 1084 3921 ad
1102 3869 1204 3924 scriben
1248 3869 1379 3924 rationem
1396 3867 1462 3922 atti-

284 3939 377 4002 aptss,
396 3937 419 4003 ξ.
436 3941 477 3986 Π.
495 3937 610 4006 caderet]
629 3935 762 3990 Acidaliae
779 3954 825 3990 vo·
859 3942 915 3999 net,
939 3935 989 3988 hoc
1006 3935 1111 4006 quidem
1128 3937 1186 3992 looo
1202 3937 1274 3990 Flor.
1292 3938 1318 3990 A
1336 3938 1416 3990 Bem.
1434 3935 1463 3989 Α

224 3999 297 4053 lebat
315 4005 428 4068 cederet,=
454 4002 500 4054 sed
523 4009 612 4071 potest
629 4004 693 4056 illud
711 4004 824 4071 defendi,
859 4002 1018 4056 Leidvoss.
1030 4013 1042 4056 1
1055 4007 1199 4070 circumitu,
1217 4004 1323 4058 FlenB
1338 4005 1463 4070 circuitu,

224 4074 256 4121 ut
274 4084 358 4123 sermo
382 4069 418 4122 sit
440 4071 473 4122 de
490 4071 676 4141 persequendis
702 4071 779 4124 simul
796 4079 824 4124 et
860 4071 906 4124 sed
931 4071 1037 4141 reliquis
1063 4072 1134 4126 Flor.
1161 4080 1189 4126 et
1206 4073 1287 4126 Bern.
1314 4089 1404 4126 omnes
1433 4071 1463 4124 in

226 4137 363 4190 caedendis
380 4138 507 4192 hostibus.
858 4139 1023 4194 substantivo
1048 4139 1165 4194 litteram
1190 4159 1216 4194 m
1241 4139 1378 4206 omittunt,
1407 4139 1463 4193 vid.

279 4222 379 4258 ecorum
396 4209 479 4272 modo,
499 4209 668 4275 nonpeccris,
687 4225 749 4260 nam
766 4207 824 4279 plu·
859 4221 910 4274 vn,
932 4215 973 4273 14,
992 4223 1033 4273 nt,
1045 4215 1084 4262 12.
1103 4208 1221 4261 Verbum
1239 4216 1330 4263 eontra
1349 4212 1463 4262 circum-

265 4271 287 4326 is
313 4274 390 4326 huius
415 4274 489 4327 verbi
514 4273 667 4341 adhibetur,
694 4293 754 4330 cum
770 4292 824 4330 non
859 4275 1105 4329 ireeamlitteram
1123 4275 1297 4347 inscriptura
1315 4283 1402 4330 servat
1420 4292 1465 4328 se-

244 4357 326 4408 enus,
354 4343 400 4395 sed
426 4341 528 4412 singula
544 4342 736 4413 intelliguntur.
780 4343 825 4398 Sic
859 4345 973 4397 eundum
995 4343 1164 4414 Papirianum
1186 4346 1257 4416 apud
1275 4344 1465 4399 cassiodor-tim

225 4357 474 4476 lsiviusxxxvnsst
494 4421 624 4482 tamquam
637 4429 689 4466 non
702 4430 825 4481 pupurm-
859 4430 885 4482 p.
904 4419 972 4468 2294
994 4419 1021 4464 et
1044 4412 1206 4468 Priscianum
1228 4431 1253 4483 p.
1273 4419 1321 4468 567
1341 4412 1466 4481 Pulsum,

227 4480 288 4534 dum
306 4497 363 4534 cum
381 4489 416 4534 tot
433 4480 537 4534 milibus
560 4481 684 4549 testium,
711 4484 760 4536 sed
770 4499 825 4550 par
859 4489 889 4534 et
906 4481 942 4536 sic
958 4481 1012 4534 fere
1029 4481 1250 4538 adamatores.
