3214 5288
250 381 298 452 28
719 399 752 461 o.
778 397 903 451 ouarn
927 398 1011 449 aum

248 583 361 658 Aetas
393 607 534 680 quoque
568 583 633 656 vix
664 583 775 654 tantis
807 592 948 654 matura
972 581 1098 671 rebus,
1131 580 1198 654 sed
1222 579 1363 655 abunde
1387 579 1512 652 suth-1⁹
1571 613 1572 642 ³

250 695 361 783 ciens,
402 694 522 767 omnia
553 693 629 766 eius
664 717 774 790 opera
800 692 1025 767 honestabat.
1073 692 1122 765 Et
1148 715 1240 788 quae
1264 693 1396 766 leviora
1420 690 1472 761 ha·

249 804 326 878 beri
360 805 494 895 solent,
529 804 739 900 plerumque
770 803 808 874 in
833 827 873 876 re
903 803 1047 875 militari
1072 804 1231 901 gratiora
1257 804 1363 902 vulgo
1389 807 1473 886 sunt,

250 916 458 988 exercitatio
490 915 650 1011 corporis
680 915 774 986 inter
806 914 921 1012 ipsos,
954 914 1070 986 cultus
1102 915 1315 1011 habitusque
1339 911 1474 1011 paulum
1571 941 1572 1008 j

154 1043 158 1050 '
250 1052 273 1099 a
297 1027 440 1124 privato
475 1025 688 1113 abhorrens,
720 1025 882 1098 militaris
915 1025 1031 1122 vig0r3
1068 1025 1146 1120 quis
1180 1026 1239 1098 ille
1270 1025 1330 1097 vel
1354 1018 1513 1118 ingeniis

251 1136 394 1210 dotibus
434 1137 494 1209 vel
519 1137 627 1208 animi
653 1134 806 1225 artibus,
838 1145 880 1208 ut
904 1136 1038 1233 pariter
1064 1159 1167 1208 carris
1194 1161 1236 1208 ac
1263 1129 1475 1209 venerandus
1571 1139 1572 1204 3

251 1258 356 1339 esset,
383 1247 559 1319 effecerat.

202 1365 248 1434 17
353 1357 406 1431 At
417 1355 567 1446 Dareus,
594 1357 719 1430 nuntio
746 1355 792 1430 de
818 1356 971 1430 adversa
996 1356 1201 1431 valetudine
1228 1357 1303 1431 eius
1329 1353 1515 1448 accepto,VII

253 1468 453 1557 celeritate,
489 1477 660 1564 quantam
692 1478 820 1567 capere
852 1478 927 1540 tam
958 1491 1069 1564 grave
1100 1493 1230 1566 agmen
1255 1473 1412 1567 poterat,
1436 1456 1477 1531 ad

253 1577 463 1676 Euphraten
489 1576 682 1670 contendit,
708 1579 900 1674 iunctoque
927 1603 969 1651 eo
995 1578 1175 1674 pontibus,
1196 1581 1350 1675 quinque
1368 1583 1476 1646 umen

254 1688 380 1762 diebus
407 1690 547 1762 traiecit
573 1689 784 1780 exercitum,
812 1687 967 1763 Ciliciam
994 1713 1168 1788 occupare
1193 1690 1375 1762 festinans.
1411 1680 1502 1754 laur

252 1798 484 1892 Alexander,
515 1797 651 1874 viribus
678 1800 837 1897 corporis
862 1800 1031 1897 receptis,
1058 1799 1106 1872 ad
1130 1800 1258 1874 urbem
1285 1795 1386 1872 Solos
1410 1813 1477 1891 per·
1571 1805 1572 1844 ³

288 2038 311 2105 ξ.
331 2042 371 2090 19.
390 2038 439 2089 sed
455 2037 558 2089 abunde
575 2036 720 2106 affricus]
738 2035 810 2106 quod
822 2051 857 2087 ex
892 2035 944 2087 tarn
962 2033 1089 2101 derivata,
1108 2049 1160 2086 nou
1177 2040 1321 2104 usurpatur
1337 2038 1421 2084 tamen
1435 2021 1478 2076 nisi

254 2120 286 2156 ea
302 2111 399 2170 aetate,
418 2121 485 2174 quse
502 2103 605 2158 infirma
629 2104 675 2157 vul
733 2104 855 2169 habetur,
891 2103 1005 2174 positivo
1022 2118 1100 2173 quem
1118 2100 1226 2155 dicimus
1243 2117 1331 2165 sensu,
1349 2114 1406 2153 cum
1419 2111 1477 2162 ραυ-
1571 2149 1572 2166 ,

254 2170 319 2224 nihil
336 2179 425 2223 tamen
450 2171 630 2240 impedimenti
703 2188 857 2292 resffi
892 2175 944 2224 tum
953 2179 982 2224 et
998 2169 1112 2240 positivo
1128 2169 1273 2239 accipiatur
1290 2171 1338 2240 (rin
1349 2165 1440 2232 tertiig),
1456 2166 1479 2210 el

255 2239 301 2290 aa
319 2239 461 2291 oriebatur.
488 2239 642 2307 oxymora
660 2240 749 2293 seems
891 2238 1015 2308 negatno
1038 2237 1224 2292 mmanuel-
1245 2238 1348 2317 (aeni)
1373 2233 1399 2286 d
1418 2225 1479 2300 quod

254 2304 355 2360 fefellit.
891 2307 941 2360 hoc
966 2308 1024 2360 loeo
1053 2323 1159 2360 neeesse
1186 2315 1235 2360 est.
1272 2307 1383 2375 Legitur
1401 2305 1478 2352 autem
1571 2327 1572 2370 3

256 2375 444 2495 terorppipreiur
453 2374 595 2495 ορἭιΙιι
612 2374 685 2495 litbris
694 2374 772 2428 editis
829 2391 857 2428 e·
910 2377 1001 2496 σὸἷυπῖ
1016 2374 1264 2496 ἱιέἰξωῧῶοεω]
1284 2375 1363 2427 Bern.
1378 2369 1402 2422 Α
1418 2365 1478 2419 l'lor·
1571 2371 1572 2416 l

347 2459 504 2494 oranurna
541 2461 690 2496 ruresom
737 2461 754 2494 u
809 2461 857 2496 suo
972 2459 1082 2495 ee.
1168 2482 1174 2495 .

256 2509 313 2563 iure
330 2509 477 2564 Schefferus
500 2510 580 2563 deleri
602 2462 738 2565 voluit'dd
760 2509 858 2564 delerit
928 2510 1054 2580 Cap.,17,
1079 2513 1101 2578 §-
1130 2518 1153 2563 l.
1174 2513 1324 2566 valetudine
1341 2507 1405 2575 aas]
1422 2501 1479 2554 Pro·

257 2577 449 2631 Schmiederus.
476 2578 584 2632 Possem
602 2578 789 2633 abundantiam
798 2597 859 2650 par·
893 2595 988 2632 nomen
1015 2579 1097 2632 adieci
1124 2595 1252 2632 consensu
1279 2578 1354 2633 codd.
1376 2583 1481 2626 meorum

257 2646 354 2699 ticulae
372 2645 498 2699 similibus
516 2649 644 2702 bonorum
653 2647 810 2718 scriptorum
818 2647 870 2700 lo-'
893 2647 1009 2700 omnium
1036 2655 1064 2700 et
1091 2647 1154 2700 edit.
1171 2647 1254 2718 prino.
1273 2647 1349 2710 Ald.;
1377 2649 1480 2696 cetefflffl

258 2713 294 2768 cis
321 2714 470 2780 defendere,
498 2731 539 2768 ex.
562 2733 601 2786 gr.
620 2717 703 2770 Cicer.
731 2715 759 2769 in
781 2716 858 2770 Verr.
893 2723 934 2768 est
957 2715 984 2768 iu
1002 2714 1082 2768 Bern.
1100 2715 1124 2768 B
1142 2715 1213 2768 Flor.
1232 2713 1350 2769 DEFHI
1376 2713 1406 2764 de
1429 2707 1479 2758 adr.

256 2795 303 2846 111,
321 2788 354 2835 88
373 2801 439 2852 quoe
472 2785 574 2838 orsitus
592 2787 643 2838 otii
682 2801 764 2854 noque
781 2786 859 2837 etiam
892 2787 984 2836 auritio
1001 2785 1148 2836 valetudine
1166 2786 1221 2837 das
1239 2793 1351 2854 accepto.

248 2853 366 2920 fecerint
384 2852 428 2920 (ef.
473 2803 856 2923 uhnk.adVeld.1‚17p.ttt
898 2911 902 2919 ,
927 2853 1057 2905 σείονίταεο
1083 2862 1206 2921 quantem
1237 2867 1332 2924 capere
1362 2857 1378 2902 t
1402 2861 1439 2915 qr·
1459 2855 1480 2890 ⁰·
1571 2845 1572 2914 J

257 2925 285 2972 et
303 2919 356 2973 Wo
375 2919 495 2973 hensium
512 2920 599 2975 Lectt.
619 2919 690 2974 Tull.
709 2921 753 2974 lib.
772 2934 805 2988 11,
826 2927 857 2974 10
891 2921 1005 2990 poterat]
1023 2919 1068 2973 Sic
1084 2929 1146 2991 post
1161 2920 1284 2974 Modium
1301 2917 1380 2988 ruho
1400 2913 1479 2970 edunt,
1571 2927 1572 2970 1

256 3005 282 3059 p.
294 2993 343 3042 184
357 2939 437 3042 huius
455 2989 505 3044 loci
522 3007 575 3044 non
594 2989 793 3059 immemorem),
813 2991 858 3042 sed
893 2987 1054 3059 antiquiores
1071 2990 1311 3068 celeritatequcata
1324 2990 1425 3058 poterut
1436 2988 1480 3030 tom
1571 2989 1572 3040 ἒ

256 3073 359 3110 omnem
385 3071 490 3129 operam
509 3058 593 3112 eludit
616 3059 690 3112 codd.
709 3066 858 3112 nostrorum
891 3075 1006 3178 proved
1052 3073 1091 3109 aa.
1126 3055 1219 3109 Nostn
1236 3057 1317 3111 Bern.
1337 3057 1404 3108 Aet
1419 3046 1481 3101 Flor.
1571 3069 1572 3130 p

256 3125 398 3178 eumLeid.
416 3134 444 3179 et
461 3128 537 3180 Voss.
559 3136 569 3179 l
590 3143 739 3194 consensus,
756 3126 784 3179 in
801 3125 858 3197 qui·
935 3124 1002 3196 simp
1011 3125 1088 3178 miter
1108 3142 1167 3177 eum
1185 3125 1260 3178 Mod.
1287 3123 1337 3179 scri
1355 3130 1413 3174 turs
1428 3129 1480 3168 00ss-

255 3193 306 3245 bus
327 3193 448 3246 omnibus
474 3194 544 3247 vocis
566 3195 737 3248 addubitatac
763 3210 796 3246 ne
813 3209 859 3246 ve·
894 3193 1020 3259 sentiunt,
1047 3192 1111 3245 item
1137 3192 1208 3246 Flor.
1236 3193 1259 3247 C
1288 3201 1316 3247 et
1388 3191 1481 3240 lanium
1571 3193 1572 3260 l

256 3259 367 3378 iiim
380 3260 486 3378 ‹ppidem
504 3270 623 3380 {pepp-et,
641 3261 858 3314 adeo'utinsolo
892 3262 962 3380 ffid
980 3260 1024 3340 ille
1042 3269 1155 3330 quanto,
1182 3261 1226 3380 hile
1248 3253 1480 3379 ᾳμαηευωωὲιῡῦῐξί
1571 3275 1572 3332 J

327 3364 333 3377 .
572 3345 611 3380 ur.
956 3345 1050 3382 omisso
1069 3345 1100 3381 ro
1119 3345 1162 3382 ere
1178 3347 1225 3382 rer
1244 3349 1273 3384 ur
1314 3345 1367 3382 aon
1471 3344 1480 3355 ·
1571 3341 1572 3364 l

291 3395 320 3445 in
338 3411 366 3445 re
384 3396 507 3464 militare]
543 3394 589 3448 Sic
605 3411 695 3449 omnes
712 3395 787 3448 codd.
810 3411 858 3448 no-
893 3405 949 3448 erat
967 3407 1020 3448 tom
1035 3347 1117 3466 prad
1133 3347 1407 3466 aymoniseinsset
1440 3385 1480 3438 Ῑθΐ·

256 3460 315 3526 stri,
343 3469 375 3514 ut
392 3461 487 3515 merito
504 3462 594 3532 pigeat
612 3463 696 3516 Modii
718 3463 772 3534 qui,
799 3480 858 3516 cum
892 3465 920 3517 H
938 3475 1062 3532 quantam
1076 3475 1180 3534 poterm
1198 3476 1252 3519 tom
1268 3481 1350 3537 prove
1366 3473 1469 3541 aprum,

256 3528 285 3580 in
302 3529 391 3582 codice
409 3545 456 3582 suo
473 3531 555 3583 verba
571 3533 600 3583 s'a
615 3545 646 3584 ‘re
671 3533 762 3584 abesse
779 3529 858 3585 vidis·
927 3534 1039 3610 qus'nqse
1061 3543 1146 3585 tamea
1170 3535 1262 3587 diebus
1284 3533 1301 3587 i.
1319 3547 1342 3585 e.
1363 3526 1481 3602 nihilom-

257 3603 299 3648 set
316 3607 345 3648 et
362 3604 424 3667 apte
440 3599 553 3652 militari
570 3601 646 3668 vulpe
668 3597 792 3678 coniungi
809 3618 857 3670 pu·
892 3617 941 3652 nus
958 3616 1073 3671 qumque
1091 3599 1146 3654 dies
1162 3600 1191 3654 in
1208 3600 1363 3657 traiiciendo
1375 3597 1481 3651 erreis]tu

257 3670 337 3728 taret,
356 3681 387 3716 ea
404 3681 456 3734 qua
473 3667 541 3720 solet
557 3665 757 3738 importunitate
774 3684 858 3721 meos
893 3667 1047 3739 absumpsit.
1464 3722 1469 3734 ,

257 3729 424 3810 inuehitura
458 3733 534 3788 uibus
552 3733 615 3788 istas
632 3735 738 3789 voculas
754 3736 857 3789 additas
961 3738 985 3804 ς.
1003 3743 1028 3788 2.
1063 3736 1121 3788 Iam
1141 3739 1308 3809 Alexander]
1335 3737 1389 3799 Qut
1409 3733 1481 3801 pflffl·

257 3808 417 3868 opmaretur.
518 3819 568 3872 ego
585 3804 725 3874 dupliciter
741 3803 857 3857 offenda·
892 3803 977 3857 culam
994 3803 1196 3872 coniunctium,
1214 3805 1270 3860 sira
1287 3815 1319 3859 ut
1336 3804 1419 3857 dicere
1434 3809 1481 3872 11¹3·

257 3881 312 3919 rem
338 3867 366 3920 in
392 3869 432 3922 his
458 3871 544 3924 verbis
570 3874 722 3940 pleramque
747 3873 858 3926 militari
892 3870 948 3937 lim,
974 3870 1019 3925 ubi
1045 3887 1104 3924 eum
1130 3875 1184 3926 iam
1205 3873 1383 3945 coniungitur,
1409 3869 1481 3919 suetl·

257 3936 379 4002 qratiam
397 3939 472 4007 culpo
490 3948 560 4005 aaut,
579 3939 779 4009 primumquod
796 3957 857 3992 nus·
892 3955 970 4004 vam,
1005 3939 1142 3994 meliorum
1168 3942 1297 4014 simulque
1341 3938 1480 3993 lurimorunl

258 4017 336 4072 quam
353 4020 395 4056 me
412 4005 506 4074 legisse
523 4006 628 4059 memini
646 4008 679 4060 de
696 4010 772 4076 culpo
789 4010 858 4061 miti·
893 4008 969 4060 codd.
988 4008 1172 4076 (Bemensium
1190 4011 1311 4077 duorum,
1322 3961 1397 4063 hlei.
1415 3995 1481 4055 BOG

414 3326 464 3379 isse
481 3327 507 3379 vi

258 4071 313 4149 tori
338 4089 494 4150 quamquam
519 4077 612 4143 colpus
645 4079 755 4128 militum
782 4091 859 4145 saepe
893 4075 921 4128 H
938 4075 1012 4128 Leid.
1030 4077 1106 4130 Voss.
1126 4085 1150 4144 1,
1168 4085 1196 4144 2)
1215 4076 1367 4134 auctoritati
1384 4074 1481 4144 obsecu-

258 4151 408 4206 mvemtur‚
435 4149 492 4192 tum
518 4143 589 4212 quod
615 4141 692 4196 istam
718 4145 857 4196 verborum
892 4151 936 4195 tus
961 4144 1060 4212 delevi;
1087 4163 1172 4216 neque
1198 4148 1267 4200 enim
1294 4146 1343 4200 loci
1361 4141 1481 4196 sonantis

257 4205 457 4260 wllocationem
475 4227 491 4261 s
507 4226 600 4279 prosae
617 4211 742 4263 orationis
752 4211 857 4264 Curtia-
892 4228 925 4264 ea
950 4221 991 4264 est
1016 4221 1048 4266 ut
1073 4231 1114 4266 res
1139 4214 1167 4267 in
1193 4231 1316 4286 praesens
1339 4213 1481 4266 deducatur·

260 4289 311 4326 nae
328 4276 516 4330 consuetudine
533 4279 675 4331 abhorrere
692 4279 785 4331 iudico.
893 4281 951 4332 Iam
970 4298 1002 4333 ue
1018 4281 1217 4336 admirationem
1234 4283 1335 4338 excitat
1351 4275 1479 4351 quandam

290 4345 401 4412 paulum
419 4363 436 4398 a
450 4347 556 4414 prima
574 4347 729 4416 abhorrens]
758 4347 860 4400 Contra
893 4298 988 4417 quali.
1006 4348 1023 4400 l.
1048 4367 1100 4403 non
1122 4369 1139 4404 o
1157 4369 1187 4405 us
1210 4361 1258 4406 eet.
1295 4351 1417 4412 ceterum
1443 4339 1481 4392 1¹¹⁰

258 4421 375 4465 mentem
392 4413 526 4483 scriptoris
551 4411 632 4482 vulgo
653 4413 741 4466 editur
761 4419 859 4484 paulu·
894 4415 974 4486 ipsius
998 4416 1104 4471 ridetur
1130 4369 1216 4474 durtii
1241 4439 1316 4475 error
1340 4432 1395 4471 esse
1418 4403 1481 4480 qss⁰d

258 4484 325 4536 lum:
340 4483 406 4537 haec
422 4482 491 4535 enim
509 4499 571 4552 vox,
588 4499 745 4554 quamquam
762 4501 859 4554 apuu·
894 4484 1077 4539 Alexandrum
1101 4487 1164 4542 fucit
1181 4489 1259 4544 Solos
1279 4487 1353 4560 qussi
1370 4489 1481 4556 pfflglffl'
