3214 5288
226 397 252 446 x
402 377 406 384 “
735 387 954 444 1111111110.
1054 437 1057 444 .

227 577 403 653 ctionibus
438 573 691 674 Bongar'siunis
726 598 817 671 opus
852 583 929 646 erat
962 573 1000 644 in
1035 597 1095 662 ea,
1141 596 1212 668 qua
1245 571 1460 662 fruebamur,

227 717 406 781 certorum
431 705 582 778 fontium
610 703 784 792 ubertate,
812 711 849 772 et
874 699 975 772 facile
1001 698 1197 775 verendum
1225 709 1311 789 erat,
1337 724 1384 772 11
1405 699 1460 772 bis
1601 682 1604 723 ³

227 847 353 932 terque
379 831 531 906 eundem
565 829 723 934 codicem
749 851 814 901 ms.
847 828 1046 901 citaremus.
1099 826 1234 902 Eadem
1261 836 1461 916 causaest,

227 988 291 1036 cur
316 959 573 1034 Theocreniani
598 956 729 1031 codicis
763 956 934 1030 lectiones
968 956 1005 1028 in
1039 955 1258 1054 marginibus
1286 951 1461 1053 Gryphia·
1575 942 1580 950 ’

226 1115 355 1164 narum
389 1085 470 1163 edd.
506 1111 537 1158 a.
568 1087 664 1158 1588
698 1093 735 1157 et
765 1086 861 1157 1597
902 1093 1066 1157 enotatas
1101 1094 1138 1156 et
1176 1109 1199 1156 a
1231 1079 1459 1156 Schmiedero

227 1217 361 1318 passim
393 1213 570 1287 adhibitas
603 1211 876 1311 neglexerimus.
928 1210 1035 1284 Liber
1065 1211 1142 1302 ille,
1178 1235 1283 1308 quem
1310 1208 1459 1284 Benedi-

227 1356 306 1419 ctus
332 1342 560 1416 Theocrenus
586 1340 715 1429 Italus,
749 1347 961 1437 praeceptor
985 1339 1138 1412 filiorum
1163 1339 1257 1436 regis
1283 1335 1462 1412 Francisci

137 1527 147 1542 .
228 1472 262 1562 l,
296 1468 522 1569 possederat,
558 1478 596 1541 et
620 1466 763 1541 Italicus
791 1476 847 1540 est
873 1478 910 1540 et
935 1491 1027 1539 unus
1054 1491 1101 1539 ex
1128 1464 1303 1540 deteriore
1328 1466 1463 1539 familia

227 1600 384 1696 nihilque
421 1597 532 1671 habet
569 1593 769 1694 proprium,
815 1593 912 1692 quod
953 1594 1183 1668 annotatione
1223 1593 1370 1691 dignum
1405 1593 1462 1666 sit.

227 1726 318 1800 Item
345 1724 416 1799 duo
443 1723 547 1798 codd.
575 1721 810 1813 Oxonienses,
836 1721 927 1795 alter
954 1719 1040 1794 0011.
1069 1719 1174 1820 Corp.
1202 1717 1343 1811 Christi,
1370 1717 1463 1794 alter

227 1851 453 1943 Bodleianus,
480 1875 633 1952 quorum
647 1849 793 1924 'varians
820 1850 995 1948 scripture
1021 1860 1192 1948 excerpta
1217 1859 1273 1922 est
1292 1851 1329 1922 in
1346 1847 1463 1922 Musei

230 1980 446 2058 Oxoniensis
472 1978 635 2053 litterarii
662 1988 856 2077 conspectu
883 1974 1047 2052 Oxoniee
1077 1980 1122 2050 17
1128 1979 1186 2050 91.
1214 1979 1256 2067 8,
1282 1987 1320 2054 et
1345 1976 1462 2053 deter-

228 2111 307 2183 rimi
333 2119 419 2183 sunt
443 2109 584 2207 generis
611 2117 648 2180 et
673 2107 895 2204 negligenter
920 2106 1047 2178 collati.
1079 2103 1204 2202 Neque
1221 2104 1338 2178 codex
1354 2129 1464 2179 mem-

228 2238 425 2310 branaceus
465 2236 600 2309 formae
639 2246 708 2308 oct.
773 2233 1061 2332 Vitebergensis,
1114 2233 1174 2330 qui
1212 2243 1356 2331 praeter
1394 2235 1466 2308 alie

230 2374 417 2463 excerptas
445 2389 465 2437 e
492 2359 663 2437 Cltrtiena
693 2361 842 2434 historia
877 2363 1056 2436 orationes
1083 2362 1257 2451 continet,
1295 2362 1364 2436 nisi
1389 2363 1464 2437 suis

229 2493 324 2566 vitiis
351 2518 374 2565 e
399 2491 616 2565 deteriorum
643 2500 741 2564 secte
765 2488 916 2562 recedit:
943 2491 1043 2563 cuius
1070 2490 1284 2587 sumpturam
1309 2515 1333 2562 a
1358 2499 1465 2565 textu

229 2599 356 2719 prices
382 2619 547 2694 editionis
583 2628 728 2692 nostrae
754 2616 870 2690 seror.
901 2617 997 2690 1111
1033 2617 1295 2715 discrepantem
1321 2619 1465 2716 collegit

230 2746 443 2821 Wenschius
469 2749 505 2820 in
529 2745 873 2821 Zimmermanniano
898 2744 990 2817 libro
1016 2755 1212 2835 menstru0,
1238 2744 1466 2836 „Zeitschrift

228 2877 287 2949 fiir
301 2875 358 2950 die
380 2874 872 2950 Alterthumswisscnschalt“
894 2899 925 2946 a.
948 2876 1044 2946 1841
1060 2873 1192 2947 mensis
1213 2871 1367 2946 Ianuarii
1380 2900 1463 2978 pag.

232 3007 279 3078 60
307 3030 382 3102 sqq.
435 3003 677 3077 Parisinorum
709 3002 818 3075 trium
852 3000 1015 3076 codicum
1048 3026 1131 3075 mss.
1165 3003 1322 3076 numeris
1351 3004 1464 3096 5716,

231 3135 341 3223 5717,
371 3135 468 3205 5718
497 3133 718 3229 signatorum
744 3129 924 3204 variantes
943 3131 1136 3229 sumpturas
1155 3128 1202 3203 ad
1219 3139 1344 3203 vetera
1360 3155 1463 3230 capp.

229 3257 266 3330 V
292 3269 329 3332 et·
354 3257 407 3332 vl
432 3259 512 3332 libri
544 3259 684 3356 septimi
716 3259 787 3331 iem
820 3259 904 3331 olim
936 3284 959 3331 a
989 3257 1260 3332 familiarissimo
1292 3283 1372 3332 meo
1398 3257 1463 3332 Mi·

230 3387 352 3459 chaele
377 3383 503 3460 Beerio
529 3395 607 3459 tum
633 3385 778 3458 Parisiis
805 3395 1048 3460 commorante
1074 3395 1238 3485 acceptas
1265 3386 1390 3476 hebui,
1426 3399 1464 3461 et

230 3514 405 3612 integram
441 3538 564 3588 eorum
591 3514 762 3587 librorum
794 3514 1019 3588 collationem
1051 3539 1123 3587 non
1156 3512 1345 3588 difficulter
1375 3516 1464 3589 mihi

223 3663 437 3745 comparare
463 3640 677 3739 potuissem,
711 3642 749 3714 ni
780 3642 867 3715 satis
903 3667 949 3714 ex
983 3642 1044 3716 illa
1069 3641 1186 3740 operis
1212 3642 1387 3739 particula
1413 3644 1463 3716 in·

230 3769 465 3859 tellexissem,
496 3769 583 3842 nihil
617 3771 654 3842 in
688 3770 730 3843 iis
764 3769 863 3843 libris
889 3768 1074 3844 deterioris
1100 3768 1252 3843 familiae
1279 3771 1463 3861 contineri,

231 3895 276 3969 de
302 3921 373 3993 quo
398 3922 471 3970 101
497 3896 640 3971 abunde
673 3922 720 3971 ex
744 3895 1032 3972 Florentinorum
1061 3897 1327 3971 accuratissima
1358 3899 1463 3971 colle-

230 4024 327 4098 tione
367 4037 557 4099 constaret.
632 4023 705 4101 Sed
748 4027 988 4125 fragmentum
1032 4026 1162 4101 codicis
1201 4025 1463 4100 membranacei

231 4150 523 4229 Darmstadiense
555 4179 575 4228 e
613 4155 692 4228 libri
724 4151 777 4228 IV
803 4177 879 4253 cap.
905 4163 977 4228 vet.
1006 4157 1027 4228 2
1060 4155 1137 4253 ipse
1171 4154 1318 4227 curiosis
1350 4155 1462 4228 oculis

231 4280 370 4378 inspexi
404 4296 441 4355 et
472 4283 665 4357 varietates
691 4283 889 4381 scripturae
921 4284 1080 4374 enotavi,
1119 4307 1193 4356 non
1227 4283 1303 4356 sine
1338 4281 1462 4356 dolore

231 4420 417 4506 praestans
443 4411 527 4482 olim
554 4412 737 4510 exemplar
761 4419 838 4484 tam
863 4409 967 4484 foede
992 4412 1137 4509 perisse.

333 4534 398 4610 His
423 4537 533 4636 igitur
566 4537 732 4613 subsidiis
767 4538 909 4612 interim
943 4539 1157 4637 comparatis
1196 4563 1278 4612 cum
1312 4538 1463 4613 subinde
