3254 5292
256 376 328 447 144
500 343 502 348 ⁸
742 393 776 456 Q·
795 391 919 444 auara
944 393 1029 444 aum

252 577 396 650 citatem
420 577 545 666 hostia,
572 599 704 650 vanam
730 575 842 648 aciem
868 601 956 666 esse,
984 575 1139 649 extentis
1166 575 1348 666 cornibus,
1379 585 1492 648 ratus.

255 685 437 777 Ceterum,
477 689 570 760 sieut
608 709 715 759 curru
754 683 950 776 eminebat,
991 686 1121 760 dextra
1154 687 1328 782 laevaque
1355 685 1403 760 ad
1428 687 1527 759 eir-o

253 799 468 870 eumstentia
501 797 643 895 agmina
682 797 804 869 oculos
830 820 1028 891 manusque
1063 797 1331 902 circumferens,
1371 796 1493 872 Tara-

251 935 337 1000 rum,
363 909 488 1004 inquit,
515 933 599 1008 quas
629 905 780 982 Oceama
805 907 881 980 ltiuo
907 907 1010 997 attuit,
1035 907 1126 980 attae
1151 907 1276 980 aaut
1299 905 1492 1006 lemque

252 1031 320 1110 tus,
349 1019 453 1117 paulo
479 1032 555 1092 aute
580 1018 722 1110 domiui,
750 1019 820 1092 iam
845 1042 913 1092 uou
938 1019 979 1091 do
1001 1017 1128 1116 pario,
1154 1017 1216 1091 scd
1240 1018 1281 1090 de
1306 1018 1425 1112 saletto,
1451 1032 1490 1110 ct,

252 1130 341 1228 quod
373 1130 474 1202 solati
498 1128 726 1226 praepouitis,
762 1128 904 1201 libertate
935 1127 1163 1226 potquoudum
1199 1139 1253 1202 est.
1316 1127 1385 1202 Hie
1418 1128 1491 1202 dies
1510 1147 1545 1194 10

252 1239 516 1338 imperiumque
529 1239 658 1310 audam
669 1239 816 1336 amplius
828 1237 914 1311 otilo't
924 1243 1024 1328 aetas,
1038 1251 1097 1310 aut
1116 1238 1291 1329 coactiost,
1309 1253 1368 1312 aut
1379 1239 1490 1338 finiet.

251 1350 360 1448 Apud
388 1347 573 1424 &aeacum
604 1349 745 1422 miuima
777 1348 901 1421 uirium
926 1361 1027 1446 parte
1058 1372 1133 1420 cum
1158 1349 1245 1422 lzosto
1276 1350 1491 1423 mustum.-

251 1461 288 1532 o'u
316 1457 436 1536 Cilicia
460 1459 560 1532 autes
587 1457 692 1557 Syria
713 1472 846 1558 poterat
869 1459 1035 1556 accipiere:
1060 1483 1185 1556 meque
1210 1459 1415 1532 muuiuuma
1439 1481 1490 1532 re·

248 1569 311 1667 pai
340 1569 458 1667 Tipris
484 1582 580 1669 atquo
605 1568 795 1667 Euphrates
821 1581 922 1641 aaut.
986 1565 1129 1641 Ventum
1154 1580 1202 1641 ost
1227 1593 1277 1659 eo,
1303 1570 1392 1642 uude
1411 1569 1541 1668 pud-11

251 1679 366 1752 sisae
388 1682 498 1780 fitque
529 1679 664 1778 quidun
698 1679 786 1752 loom
817 1691 873 1752 est.
931 1675 1056 1751 Omaia
1081 1691 1150 1751 tam
1176 1679 1304 1752 diutiuo
1329 1679 1409 1754 bollo
1436 1705 1490 1752 ea-

250 1788 368 1862 hausta
387 1803 467 1886 post
491 1802 618 1888 terpum
643 1801 736 1862 aim:
768 1813 835 1862 aaa
866 1788 989 1862 incolis
1015 1813 1093 1862 suos
1118 1790 1232 1879 urbes,
1258 1814 1326 1862 aaa
1351 1789 1489 1864 caimos

250 1898 366 1972 liabmt
390 1911 505 1972 turae.
548 1895 712 1996 Couiupes
738 1923 865 1998 quoque
891 1912 922 1971 ct
946 1899 1041 1972 libai
1056 1913 1238 1998 sequautur
1263 1899 1349 1972 iaus
1375 1901 1489 1990 aciens,

244 2021 372 2107 parata
398 2009 540 2084 tostius
564 2009 705 2107 pracda,
730 2008 800 2082 uisi
818 2033 888 2108 pro
913 2009 1097 2082 carissimis
1125 2007 1322 2109 pipuorzlrm
1347 2033 1489 2109 corpora

251 2121 459 2220 oppouimus.
533 2117 632 2202 Quod
669 2143 821 2192 auarum
850 2121 925 2220 suit
956 2120 1127 2218 partium,
1166 2120 1352 2211 coercitum,
1391 2145 1489 2220 quem
1507 2138 1539 2185 12

243 2255 355 2328 paone
380 2229 543 2304 iuootema
563 2227 723 2327 paudus
747 2231 806 2303 uic
837 2244 975 2328 caperet,
1007 2230 1218 2328 comparavi.-
1249 2255 1358 2328 equos,
1389 2255 1489 2303 amia

250 2340 420 2413 distribui:
452 2353 664 2432 comuuatas,
701 2365 742 2412 ue
779 2352 887 2412 mutae
921 2341 1126 2414 multitudini
1149 2342 1308 2430 deessent,
1328 2340 1489 2438 providi.-

250 2450 370 2540 looum,
404 2451 441 2522 ia
475 2477 540 2549 quo
571 2450 659 2524 acies
690 2449 854 2548 suplicari
880 2465 998 2550 posset,
1030 2451 1121 2549 alepi.
1176 2447 1292 2526 Cetera
1317 2450 1354 2522 iu
1379 2462 1488 2524 uestra
1506 2469 1538 2516 18

244 2573 402 2658 potestate
426 2573 520 2636 suut:
546 2561 661 2633 audete
687 2561 784 2635 otodo
816 2561 953 2652 aimaro,
978 2564 1187 2662 famamque,
1221 2560 1487 2657 iufirmissimum

252 2672 414 2746 adauae
431 2673 540 2771 sortes
565 2671 656 2744 uiros
681 2671 788 2761 telum,
815 2671 1013 2744 caumata.

201 2783 250 2854 54
359 2779 543 2854 Temeritas
574 2793 629 2872 cst,
661 2807 763 2880 quiam
799 2781 908 2853 adliuc
938 2807 1004 2879 pro
1038 2781 1156 2855 uirtute
1191 2779 1366 2854 timuistis:
1400 2805 1484 2882 qaae

248 2891 306 2964 uhi
323 2892 479 2992 primum
510 2889 668 2989 iuqietum
702 2891 829 2992 effudit,
863 2891 951 2964 uelut
982 2893 1148 2991 quaedam
1181 2891 1345 2964 amimalia
1370 2893 1488 2966 omaso

283 3176 349 3246 Cap.
377 3183 424 3243 53,
447 3177 470 3242 ξ.
493 3180 516 3228 8.
552 3193 646 3228 cauam
672 3177 754 3228 aciem
781 3177 851 3296 seseq
884 3175 949 3228 Nou
967 3173 1041 3244 potui
1058 3193 1112 3229 non
1128 3174 1179 3228 illis
1196 3175 1269 3228 libris
1350 3191 1487 3245 raeque-

247 3241 374 3312 Plerique
399 3243 474 3296 oodd.
498 3245 600 3296 vortam
627 3242 771 3310 exhibent,
804 3261 832 3296 ee
884 3261 944 3296 rum
970 3259 1096 3296 eonsensu
1120 3259 1210 3296 errore
1227 3242 1275 3295 Lei
1296 3283 1301 3295 .
1319 3243 1424 3296 videtur
1440 3244 1488 3296 ab·

248 3309 318 3362 infra
334 3312 445 3363 mediam
463 3311 545 3362 aciem
562 3328 656 3362 uenam
666 3319 690 3362 et
699 3313 850 3364 exhaustam
879 3327 949 3370 ,esse
985 3310 1028 3364 cf.
1050 3327 1118 3381 quae
1138 3311 1165 3364 iu
1189 3327 1300 3381 gramm.
1316 3310 1375 3364 Lat.
1394 3314 1416 3378 ᾖ.
1437 3315 1486 3364 745

248 3375 276 3429 in
294 3377 344 3430 hoo
360 3378 442 3430 verbo
460 3393 514 3428 non
531 3385 649 3442 mutant,
677 3393 765 3446 noque
788 3377 851 3431 lieet
885 3377 1030 3431 docuimus.

247 3443 285 3497 ibi
309 3461 417 3514 quoque
439 3443 507 3496 sieut
527 3444 554 3496 h.
576 3443 593 3496 1.
616 3444 740 3498 Heinsius
765 3445 850 3498 voluit
920 3443 985 3515 Cap.
1004 3451 1051 3511 54,
1075 3449 1098 3514 ξ.
1119 3453 1158 3500 13.
1194 3448 1287 3500 emisso
1305 3447 1405 3512 aculeo]
1442 3445 1488 3500 Sic

247 3529 339 3564 ruram
360 3511 481 3564 scribere.
516 3510 610 3591 Itaque
635 3511 702 3564 iilud
718 3512 851 3566 neminem
885 3513 979 3583 optimi
996 3513 1070 3566 Leid.
1088 3514 1189 3568 Vosal
1207 3515 1323 3568 Bern.A
1339 3511 1410 3566 Flor.
1425 3513 1487 3581 ΑΒ,

247 3579 431 3632 dubitaturum
447 3585 513 3648 puto
531 3597 595 3648 qum
612 3581 736 3632 mendum
753 3580 849 3634 scriba·
884 3589 1022 3650 praeterea
1047 3580 1128 3634 ΕΘΗ
1158 3591 1186 3636 et
1215 3583 1295 3636 Bern.
1321 3581 1353 3634 B.
1396 3580 1488 3651 Vulgo

247 3665 306 3700 rum
324 3647 372 3714 sit,
390 3655 419 3700 et
436 3646 544 3699 solitum
579 3647 675 3715 uidem,
694 3656 725 3700 ut
742 3665 850 3702 accure-
885 3651 1001 3718 amisso,
1029 3651 1101 3720 qaod
1119 3650 1226 3702 defendi
1244 3667 1321 3720 posse
1338 3668 1391 3704 uon
1408 3668 1427 3702 n
1479 3689 1487 3717 ,

247 3715 363 3768 tissimus
385 3714 522 3768 Drakeub.
544 3666 578 3769 ad
595 3715 653 3770 Liv.
671 3731 753 3785 xxn,
781 3725 809 3783 7,
833 3724 850 3769 4
885 3718 931 3770 sed
948 3720 1052 3771 aculeos
1070 3720 1183 3771 emittere
1200 3718 1322 3771 usitatius
1338 3719 1418 3772 titisse

248 3783 334 3836 docet.
885 3785 968 3838 manis
994 3785 1167 3855 scriptoribus
1191 3793 1269 3856 puto:
1297 3787 1330 3840 ef.
1358 3787 1413 3842 Cic.
1459 3803 1489 3840 ro

283 3855 307 3916 S.
326 3858 349 3904 9.
385 3854 581 3906 circumstantia
608 3855 727 3922 apmina]
754 3853 851 3906 Melius
886 3851 978 3908 Coelio
1004 3862 1049 3921 12,
1082 3857 1105 3922 ξ.
1132 3861 1173 3908 29,
1218 3853 1271 3906 Sed
1301 3871 1358 3908 rem
1384 3803 1490 3908 conicit

249 3919 417 3972 hauddubie
434 3920 492 3986 hoe,
511 3938 589 3990 quam
608 3923 680 3990 quod
697 3920 778 3991 vulgo
795 3921 851 3974 edi-
885 3921 954 3973 Livii
980 3921 1052 3981 loeus
1073 3929 1129 3976 tam
1155 3921 1263 3988 similis,
1287 3931 1319 3975 ut
1341 3939 1402 3976 oum
1427 3929 1491 3976 ante

247 3994 292 4040 tur
323 3989 546 4041 circumstantium
571 3992 693 4058 aquina,
720 3991 851 4058 praebent
886 3989 977 4043 oeulos
1005 3989 1127 4044 videatur
1144 3990 1265 4044 habuisse
1293 3990 1413 4054 Curtius,
1443 3989 1490 4044 lib.

247 4054 329 4108 Snak.
352 4057 437 4121 codd,
454 4055 526 4108 Flor.
544 4055 698 4123 aBDFGI,
725 4065 753 4110 et
770 4058 850 4111 Bern.
884 4071 974 4126 xxm,
999 4065 1045 4112 42:
1065 4060 1261 4128 clericatusque
1278 4059 1394 4112 Romani
1411 4067 1435 4110 te
1452 4060 1491 4111 ad

246 4123 273 4176 A
290 4140 348 4175 cum
366 4139 400 4176 ex
416 4125 441 4176 B
459 4123 525 4176 nihil
542 4140 558 4176 a
574 4123 646 4194 vulg.
664 4123 794 4194 scriptura
811 4124 850 4178 di·
885 4145 965 4180 uuum
982 4129 1056 4181 modo
1075 4127 1153 4180 ictum
1170 4128 1295 4196 oiqeutem
1313 4129 1380 4180 vetra
1398 4127 1489 4180 aculeo

251 4207 355 4243 versum
373 4199 504 4245 euocetur.
885 4197 978 4248 emisso
996 4205 1104 4264 torpore.
1139 4194 1182 4247 De
1203 4196 1361 4264 metaphora
1386 4194 1418 4248 ef.
1440 4193 1490 4248 Vi-

281 4259 410 4330 liiertate]
459 4259 549 4328 Vulgo
578 4262 610 4312 de
642 4261 773 4327 libertum
804 4262 851 4314 sed
884 4271 952 4316 otor.
970 4267 1032 4316 Ver.
1051 4263 1112 4316 leet.
1127 4278 1170 4330 111,
1191 4269 1231 4316 16.
1250 4263 1378 4333 Sequitur
1396 4271 1489 4330 torpet,

247 4326 375 4379 omittunt
399 4327 620 4398 praepositionem
637 4328 716 4382 Berm
735 4331 761 4383 A
778 4329 848 4384 Flor.
884 4349 932 4403 pro
955 4349 1009 4402 quo
1036 4331 1064 4384 iu
1087 4332 1144 4384 cod
1166 4331 1240 4384 Leid.
1263 4331 1339 4386 Voss
1365 4339 1378 4383 1
1406 4329 1490 4383 Bora.

246 4394 295 4447 AB
314 4393 422 4449 Vosal
448 4405 476 4448 ct
498 4395 561 4448 edit.
585 4396 722 4465 Modiana,
745 4417 797 4468 pro
816 4400 848 4451 o·-
884 4409 998 4470 utroque
1016 4408 1044 4453 et
1065 4399 1136 4453 Flor.
1157 4399 1299 4453 CDEFHI
1325 4407 1424 4468 torpent
1450 4398 1489 4451 le-

247 4464 343 4516 licrtate
361 4463 458 4534 legitur
483 4464 511 4517 in
532 4463 603 4518 Flor.
622 4463 700 4519 CGH
716 4467 797 4521 Bern.
814 4467 846 4520 B.
883 4468 968 4538 gitur3
986 4469 1032 4522 sed
1049 4467 1113 4520 nihil
1131 4469 1287 4522 mutandum
1304 4468 1418 4522 videtur.
