3268 5286
523 398 573 448 nn
601 395 726 448 cuens
752 395 862 450 Anax.
891 393 1022 465 vn,s1.
1343 375 1416 446 333

182 591 291 653 ornem
317 578 471 679 metire,
507 605 608 680 qrrurn
628 592 747 679 potest,
774 578 942 670 denuntio,
967 577 1037 676 ipsi
1061 576 1145 652 milri
1168 576 1308 670 indices,
1335 577 1419 678 quid

129 707 162 758 rs
180 690 262 765 eretis
288 691 485 790 coqnooerir,
516 716 557 765 ne
576 690 690 789 possis
715 689 856 788 irfitiurr'
879 681 1017 780 divisse,
1050 713 1135 789 qnae
1165 687 1301 762 dinen.
1353 687 1416 762 Ille

180 801 373 898 exsanguis
399 801 624 898 attonitoque
650 799 772 872 similis
799 801 929 893 stabat,
955 825 1019 900 per
1045 811 1181 873 metum
1203 799 1311 872 etism
1328 806 1433 872 voce'

180 935 392 1011 suppressa:
435 911 651 1010 tandemque
685 910 812 986 eodem
845 921 945 986 metu
978 912 1200 1003 stimulante,
1243 937 1289 984 ne
1323 911 1417 1008 regis

181 1023 468 1121 expectationem
493 1033 708 1112 moreretur,
743 1021 880 1121 Muqni,
903 1023 1041 1119 inquit,
1068 1022 1203 1113 khan,
1228 1047 1295 1096 non
1320 1021 1417 1111 irriti,

130 1148 164 1199 2⁷
182 1131 361 1208 discrimen
385 1135 509 1209 instare
528 1134 710 1233 praedici:
735 1157 894 1218 necneeo
919 1159 978 1207 urs
1002 1159 1055 1206 rne
1080 1159 1182 1234 quern
1206 1131 1418 1208 benivolentia

176 1243 358 1340 perraria.
411 1245 642 1341 Irfirmr'tetern
666 1244 865 1319 vomudinrs
896 1256 970 1316 tuae
1000 1243 1110 1336 uideo,
1141 1257 1172 1318 et
1196 1256 1355 1344 quantuni
1381 1243 1418 1315 r'n
1523 1294 1527 1302 -

180 1354 470 1430 construo.
532 1353 672 1448 Vereor,
709 1380 750 1428 nc
776 1354 949 1453 praesenti
971 1357 1131 1456 soranae
1162 1367 1236 1428 tuoe
1267 1355 1418 1456 sufficere

131 1481 165 1532 28
181 1488 247 1540 non
280 1464 405 1564 posen.
457 1463 538 1540 Rex
568 1465 705 1538 iusstm
737 1464 915 1539 confidere
951 1464 1110 1538 felicitati
1151 1489 1237 1538 suae
1273 1465 1417 1538 remisit.

103 1763 105 1768 -
176 1723 408 1793 potestenimnon
422 1725 607 1796 reroprofieri
634 1734 698 1779 otest
708 1741 783 1779 usur-
817 1723 889 1792 msti,
912 1723 962 1777 nisi
979 1722 1052 1795 quod
1069 1721 1140 1777 Flor.
1158 1721 1183 1776 A
1203 1742 1256 1778 non
1273 1721 1374 1802 omittit
1391 1731 1420 1777 et

181 1800 267 1872 petus.
290 1793 337 1848 Vel
351 1795 431 1874 citius
448 1801 561 1864 apparet
578 1743 719 1875 aibr-'erio
737 1795 784 1873 sd3
817 1792 887 1875 Flos.
905 1792 928 1845 B
946 1809 1001 1872 non
1017 1793 1069 1845 hoc
1086 1791 1171 1844 solum
1189 1793 1236 1872 sed
1257 1800 1338 1844 etism
1354 1809 1419 1862 pos·

181 1868 300 1982 titt
313 1869 509 2000 iiiiii}
521 1863 783 2001 ,efficiunt
817 1859 1355 1998 §secretissimum
1372 1876 1421 1984 ἳῖῗ

181 2004 296 2068 putaret.
818 2014 878 2049 reor
895 2013 927 2050 ne
944 2015 996 2050 non
1014 2004 1068 2064 est,
1095 1996 1316 2066 quemadmodum
1338 1994 1419 2066 vulgo

217 2067 270 2134 ipsi
286 2067 349 2119 nini
360 2068 468 2120 indices.
486 2065 531 2120 Sic
544 2065 710 2120 scribendum
723 2065 783 2146 fuit²
818 2063 914 2118 editur.

184 2149 239 2187 uon
255 2135 312 2202 ipse
327 2137 400 2202 miti,
417 2152 478 2188 nem
492 2153 509 2188 o
523 2135 633 2216 ponitur
646 2134 722 2202 alter,
742 2151 784 2187 cur
854 2135 928 2201 §2ss.
958 2132 1087 2203 felicitati
1103 2148 1174 2184 snae.
1209 2131 1289 2186 Bern.
1306 2139 1420 2203 uterque

184 2200 321 2266 indiceret,
346 2219 398 2256 non
433 2202 460 2255 ui
476 2153 617 2270 inclinarem
645 2202 741 2273 legitur
757 2202 785 2255 in
819 2200 889 2255 Flor.
912 2199 1016 2255 ABCH
1038 2199 1112 2252 Leid.
1136 2203 1250 2254 Vosst
1297 2201 1419 2254 elicitutis

183 2267 367 2323 monneto
383 2221 532 2350 etiteruB
550 2270 590 2338 (ni
607 2269 696 2342 potius
704 2270 784 2324 Bern.
819 2287 883 2324 suae
912 2267 1123 2340 frequentissimo
1152 2267 1223 2350 uitio.
1252 2339 1257 2350 Ι
1279 2338 1284 2350 .
1337 2283 1420 2350 ¹quse

138 2393 140 2398 ,
185 2339 392 2417 Aest)Voss.1.
420 2338 523 2392 Demde
541 2342 604 2420 quid
616 2341 785 2419 ertiscoynq-
819 2337 1078 2420 sequunturvulgo,
1101 2339 1423 2418 remurmurantes

183 2421 340 2594 {titt
353 2406 785 2530 “lillidisffi'iisfdlttlli
819 2406 1421 2544 tuttitftttpttrtttttt

208 2541 265 2594 all
285 2541 365 2595 Bern.
383 2543 417 2596 A.
451 2543 484 2597 In
501 2544 573 2597 Flor.
609 2544 697 2597 uidem
712 2543 786 2597 nullo
819 2543 927 2595 modum
953 2551 1053 2596 certam
1083 2541 1292 2596 emendationem
1322 2541 1421 2609 attulit,

185 2627 216 2664 ee
233 2608 338 2680 legitur,
357 2611 404 2664 sed
420 2610 449 2664 in
465 2611 592 2683 paucisC
621 2611 649 2665 H
662 2620 691 2665 et
704 2611 785 2665 Bern.
820 2627 873 2664 non
901 2611 974 2680 quod
1001 2610 1048 2662 ills
1069 2627 1132 2663 vere
1157 2618 1315 2681 putaremus.
1350 2609 1422 2664 Nem

184 2677 208 2732 B
226 2679 301 2733 Voss.
315 2685 330 2732 2
350 2682 381 2733 de
399 2681 474 2733 entis.
820 2679 952 2733 editiones
967 2677 1100 2748 principes
1109 2677 1243 2732 Vindelini
1261 2697 1292 2732 sc
1302 2678 1422 2732 Merulae

219 2747 242 2814 ξ.
261 2753 302 2799 27.
337 2763 384 2800 nec
405 2765 462 2801 mea
484 2766 531 2802 ors
553 2767 592 2803 nrc
609 2767 687 2820 quom
704 2749 785 2802 benis.
820 2755 848 2800 et
861 2747 964 2800 codices
977 2764 1037 2800 mss.
1051 2745 1087 2799 sic
1102 2745 1188 2799 locum
1202 2745 1340 2800 exhibent:
1358 2763 1422 2800 suae

179 2815 319 2936 {iniuriat
375 2815 421 2870 Sic
445 2813 519 2870 Lsid.
545 2817 623 2871 Voss.
650 2825 662 2870 1
691 2833 708 2870 s
734 2833 787 2887 que
820 2817 858 2868 ad
874 2817 929 2867 elia
946 2815 997 2868 siti
1014 2816 1052 2866 od
1066 2815 1178 2883 clerium
1196 2817 1333 2868 concedere
1350 2817 1421 2881 deos,

195 2881 297 2936 ectione
350 2899 406 2937 ern.
428 2885 455 2938 A
480 2902 536 2938 non
556 2884 668 2939 discedit
688 2883 738 2938 nisi
759 2884 787 2937 in
821 2898 871 2936 nec
886 2881 942 2934 ulls
958 2880 1070 2934 varietus
1089 2889 1131 2934 est
1148 2880 1198 2934 nisi
1235 2883 1288 2935 uod
1305 2881 1333 2934 in
1350 2881 1422 2934 Flor.

185 2967 219 3004 eo
245 2951 318 3021 quod
343 2969 400 3006 mea
427 2969 474 3006 ars
499 2969 556 3005 mee
578 2953 668 3018 habet,
695 2951 785 3006 Pell
820 2949 914 3002 Esibi
936 2949 1010 3002 deest
1045 2947 1074 3001 in
1091 2947 1180 3001 Pell
1248 2951 1253 2963 “
1276 2952 1314 3002 od
1335 2948 1422 3002 omitti

185 3036 232 3072 nec
248 3036 286 3072 me
304 3037 361 3073 ntea
377 3037 433 3074 ors.
458 3019 585 3074 Modiana
596 3020 686 3087 lectio,
709 3036 788 3091 quom
821 3015 944 3084 traditur,
962 3015 991 3068 in
1002 2987 1074 3070 lter.
1092 3025 1181 3070 eutem
1199 3015 1220 3070 C
1239 3017 1423 3070 emendatione

184 3085 213 3139 in
229 3086 317 3158 priore
334 3087 399 3140 edit.
409 3097 602 3156 assumseram,
620 3106 667 3141 nec
684 3105 723 3140 rnc
740 3105 787 3140 ors
821 3084 910 3154 ulique
918 3092 1048 3155 temptata
1056 3084 1114 3137 Rex
1127 3085 1203 3140 iussit
1212 3085 1339 3152 corrstdcre
1345 3085 1422 3155 felic.

185 3172 257 3223 meo,
281 3154 309 3208 in
326 3155 399 3210 Flor.
417 3155 482 3208 DFI
499 3165 584 3210 extet.
618 3154 725 3227 Reliqui
743 3171 788 3209 co-
821 3170 893 3207 snoe.
929 3155 1014 3223 Atque
1032 3153 1086 3205 olio
1102 3153 1155 3206 sibi
1171 3155 1209 3206 od
1248 3154 1341 3206 teriam
1363 3169 1423 3205 con·

186 3223 256 3276 dices
281 3231 329 3277 sut
354 3223 492 3278 omissione
520 3233 633 3297 peccent
660 3232 692 3277 ut
717 3223 788 3279 Flor.
823 3224 911 3274 cedere
938 3223 999 3274 deos
1025 3219 1128 3291 legitur.
1163 3219 1197 3273 In
1222 3171 1275 3274 line
1300 3221 1371 3274 Flor.
1395 3220 1423 3274 H

186 3288 265 3344 ΑΒΗ
277 3292 390 3346 Bernss
408 3310 454 3346 nec
471 3310 527 3346 rnco
547 3311 592 3347 ors
611 3311 689 3364 quom
706 3293 787 3346 benis.
822 3288 940 3342 BernB
958 3292 1035 3342 Voss.
1054 3295 1072 3342 2
1088 3292 1240 3342 contendere
1258 3289 1357 3342 habent
1374 3305 1424 3359 pro

182 3360 329 3429 perturbet,
348 3368 377 3413 et
394 3360 466 3414 Flor.
484 3359 505 3415 C
528 3363 591 3416 laec
607 3379 664 3416 mea
682 3378 728 3415 ors
746 3361 788 3414 be·
822 3360 968 3412 concedere.
991 3356 1108 3428 Vulgata
1121 3356 1251 3428 scriptura
1259 3357 1356 3412 Aldino
1368 3356 1423 3410 edi-

187 3429 351 3481 nivolentium
363 3431 509 3498 perturbet,
531 3438 579 3483 sut
596 3429 739 3498 additione,
756 3436 788 3482 ut
822 3425 873 3480 tori
882 3427 1002 3492 debetur,
1012 3442 1080 3496 quse
1092 3424 1155 3479 mihi
1168 3425 1273 3497 quidem
1286 3444 1339 3480 non
1348 3425 1424 3480 satis·

187 3497 264 3548 Voss.
282 3503 297 3549 2
316 3514 363 3549 nec
380 3507 432 3551 turn
449 3516 507 3551 mea
528 3517 589 3567 ars,
611 3509 658 3552 aut
675 3498 745 3552 Flos.
763 3497 788 3550 Ε
822 3494 894 3561 fecit,
913 3494 1057 3548 sedtamen
1070 3494 1097 3547 in
1110 3493 1422 3564 eoprobsbilisvidetur,

187 3580 234 3615 nec
251 3580 290 3617 rne
306 3566 391 3633 moeris
409 3583 455 3619 ors
472 3583 616 3636 meoquorn
631 3569 710 3620 tenio.
724 3584 789 3636 per-
839 3564 892 3617 uod
914 3562 1023 3616 verbum
1049 3562 1176 3616 excidisse
1201 3565 1300 3618 reuisit
1320 3562 1424 3616 statuit.

189 3631 289 3696 turbat,
319 3640 366 3684 sut
388 3631 458 3686 Flor.
477 3633 511 3700 G,
539 3653 585 3688 nec
606 3645 660 3688 torn
681 3652 720 3687 nie
741 3651 788 3688 crs
821 3581 919 3702 iisque
936 3639 1024 3684 cetera
1041 3631 1174 3684 hominum
1189 3631 1327 3684 doctorum
1336 3647 1424 3684 emen·

188 3713 246 3750 mea
263 3700 347 3766 nrayis
365 3716 442 3768 quom
460 3702 539 3753 benis.
552 3705 698 3770 perturbat.
720 3701 790 3754 Edd.
825 3697 905 3751 dandi
922 3697 1040 3768 pericula
1057 3716 1110 3751 rem
1129 3699 1332 3768 expediverunt,
1356 3715 1424 3770 quse

189 3773 254 3816 vett.
277 3781 324 3818 nec
346 3782 403 3818 rnea
425 3785 471 3820 ors
493 3771 576 3822 mois
605 3787 682 3839 qnam
709 3771 790 3822 tenio.
825 3765 847 3819 si
864 3765 922 3835 quis
939 3767 1010 3819 sorte
1031 3765 1124 3818 melius
1142 3765 1206 3836 quid
1229 3765 1285 3847 ipse
1307 3766 1425 3820 invenire

189 3848 229 3886 me
251 3832 405 3901 perturbat,
439 3785 558 3888 Freinsd.
582 3854 628 3889 nec
658 3855 714 3889 mea
744 3854 791 3889 urs
860 3833 923 3898 ssit,
950 3849 1008 3886 eam
1033 3835 1068 3885 ob
1095 3848 1200 3900 ceumm
1225 3835 1268 3888 luc
1288 3853 1424 3907 compono.
1464 3877 1468 3884 .

189 3917 271 3975 quom·
284 3901 368 3954 benev.
382 3917 422 3953 me
433 3905 578 3971 perturbet.
607 3903 748 3957 Omittitur
765 3911 793 3956 et
824 3851 900 3954 lindi
943 3899 1025 3970 igitur
1033 3899 1117 3953 edidit
1132 3901 1191 3955 Res
1209 3904 1280 3956 iusso
1298 3905 1426 3972 confidere

169 3971 273 4044 ,moyis
290 3976 319 4023 et
336 3979 389 4022 turn
407 3979 532 4090 sequente
546 3987 636 4041 quom.-
653 3971 710 4024 Lis.
719 3985 791 4036 xxv,
816 3969 946 4038 felicitati
969 3983 1033 4021 tuoe
1054 3970 1092 4021 ait
1113 3970 1167 4022 olio
1190 3972 1239 4024 sibi
1256 3973 1294 4024 od
1313 3973 1426 4042 clerium

191 4042 223 4091 15
241 4054 315 4108 quern
325 4037 412 4107 facile
430 4039 489 4091 eici
506 4041 543 4092 od
559 4048 686 4092 certamen
700 4049 791 4092 rernm
825 4038 963 4089 concedere
987 4039 1056 4088 deos.
1092 4035 1227 4091 Acidnlius
1251 4041 1362 4094 verbum
1384 4057 1426 4092 re·

188 4108 329 4159 ineundum
349 4107 474 4158 rebantur·
490 4124 582 4176 posse,
608 4125 660 4160 non
682 4109 790 4160 militum
825 4106 894 4157 misit
915 4103 1033 4156 surium
1054 4121 1110 4158 esso
1131 4105 1248 4160 nesciens
1266 4106 1303 4162 sic
1319 4108 1362 4160 edi
1379 4125 1426 4161 vo-

191 4191 254 4256 quos
275 4191 424 4244 perpaucos
444 4175 685 4242 tobebotfiducio,
731 4192 790 4227 uom
824 4171 890 4225 luit:
934 4189 965 4224 ee
983 4175 1081 4226 iussum
1099 4177 1166 4244 cons.
1174 4176 1300 4245 fetsnoe
1316 4177 1424 4242 remisit,

190 4243 327 4296 iuuentute
339 4243 480 4296 Thurinae.
508 4241 550 4297 cf.
566 4242 677 4313 interpr.
732 4241 790 4295 Liv.
824 4243 893 4294 elius
919 4241 969 4293 sibi
993 4242 1031 4293 ud
1052 4242 1165 4322 ¹qloriom
1191 4247 1329 4297 concedere
1355 4247 1425 4297 deos.

190 4323 226 4376 11,
240 4316 283 4376 ot,
298 4317 320 4374 9,
338 4309 435 4382 quique
452 4309 561 4365 sDrsk.
577 4312 611 4364 ad
628 4327 689 4364 enm
705 4311 792 4364 locum
825 4309 841 4362 i.
856 4325 879 4362 e.
897 4306 961 4361 deos
984 4325 1059 4379 qussi
1081 4309 1129 4363 sibi
1152 4311 1253 4364 cedere.
1288 4311 1426 4366 Freinshe-

191 4375 344 4446 leudentur3
370 4377 537 4433 Perizonium
560 4381 595 4433 ud
616 4378 707 4433 Senot.
724 4377 790 4432 Min.
824 4375 892 4429 mins
910 4375 973 4429 item
990 4385 1095 4430 serveto
1116 4381 1225 4432 renisit:
1252 4379 1304 4433 seii
1325 4390 1347 4433 et
1370 4381 1426 4434 clia

192 4443 237 4498 lib.
253 4454 270 4498 4
288 4461 311 4500 o.
330 4453 344 4500 t
363 4463 402 4500 nr.
420 4455 445 4502 4.
825 4447 864 4498 od
884 4445 997 4515 clerium
1024 4448 1162 4500 concedere
1191 4449 1260 4500 deos.
1301 4443 1426 4501 Heinsius

226 4530 327 4581 vereor,
350 4531 382 4569 ne
405 4545 435 4557 --
460 4533 512 4570 non
529 4517 626 4587 possis.
661 4514 706 4570 Sic
731 4512 792 4569 libri
825 4513 884 4568 Res
905 4515 977 4567 iusso
1003 4513 1073 4583 conf.
1089 4515 1141 4584 sei.
1165 4529 1229 4568 seue
1255 4517 1348 4572 adiicit
1371 4511 1426 4586 (vel
