3254 5292
230 399 301 470 118
704 421 738 485 Q.
766 417 902 474 suern
926 418 1013 471 sum

225 629 309 675 nem
341 602 518 676 efficacius
552 605 662 704 regit,
699 630 807 702 quam
833 607 1059 712 superstitio;
1093 602 1249 699 alioquin
1280 599 1471 698 impotens,

226 738 346 805 saeva,
371 713 563 804 mutabilis
590 715 653 788 ubi
679 742 774 790 vane
799 719 970 818 religione
997 725 1104 814 capta
1130 724 1201 802 est,
1228 712 1354 784 melius
1382 713 1471 786 vsti-

226 825 305 916 bus,
333 850 440 924 quam
467 825 617 899 ducibus
644 827 718 901 suis
744 839 857 926 paret
916 827 1031 927 Igitur
1057 825 1154 899 edita
1179 825 1217 896 in
1242 823 1374 921 vulgus
1400 821 1471 896 Ae·

225 937 434 1036 gyptiorum
468 961 642 1035 responsa
673 963 799 1012 rursus
835 940 883 1013 ad
915 965 1016 1037 spem
1048 947 1086 1011 et
1119 935 1287 1009 fiduciam
1323 957 1471 1019 erexere

226 1057 422 1146 torpentes.

175 1161 225 1231 40
328 1157 425 1250 Rern,
459 1159 596 1257 impetu
629 1161 829 1233 animorum
856 1161 1030 1237 utendum
1056 1168 1173 1250 ratus,
1200 1155 1359 1230 secunda
1384 1154 1506 1255 vigis

227 1270 275 1342 lia
301 1279 421 1343 castra
445 1270 577 1342 movit:
613 1270 744 1344 dextra
769 1271 906 1371 Tigrim
938 1272 1112 1361 habebat,
1140 1270 1294 1344 alaeve
1317 1277 1469 1357 montes,

228 1405 318 1478 quos
352 1377 538 1454 Gordaeos
575 1393 717 1456 vocant.
775 1381 856 1458 Hoc
895 1384 1065 1484 ingressis
1096 1383 1180 1473 iter,
1217 1380 1505 1479 speculatores,s

229 1492 289 1588 qui
322 1491 509 1588 praemissi
542 1504 661 1584 erant,
692 1495 759 1568 sub
795 1496 885 1568 lucis
918 1506 1054 1586 ortum,
1080 1491 1240 1566 Dareum
1272 1489 1470 1563 adventare

225 1602 492 1675 nuntiavenmt.
545 1601 727 1678 histructo
753 1606 863 1704 igitur
892 1607 1004 1679 milite
1030 1616 1069 1679 et
1094 1603 1293 1703 composito
1319 1601 1471 1700 agmine,

227 1713 473 1787 antecedebat
508 1709 599 1795 ,Sed
624 1714 818 1790 Persarum
849 1728 1048 1791 moratores
1076 1726 1195 1808 erant,
1227 1715 1322 1788 mille
1348 1714 1470 1803 ferme,
1491 1729 1524 1778 10

227 1825 288 1922 qui
320 1825 474 1922 speciem
506 1826 627 1924 magni
660 1827 810 1925 agminis
837 1827 1009 1902 fecerent:
1045 1828 1177 1926 quippe
1203 1826 1265 1899 ubi
1291 1821 1472 1922 explorari

226 1961 325 2041 vera¹
341 1962 414 2009 non
440 1947 610 2035 possunt,
641 1938 732 2012 falsa
766 1963 831 2037 per
856 1950 993 2013 metum
1019 1950 1206 2036 augentur.
1258 1933 1324 2009 His
1352 1933 1522 2032 cogni-11

227 2049 289 2138 tis,
325 2073 392 2121 rex
419 2073 501 2120 cum
525 2049 649 2147 paucis
676 2073 825 2122 suorum
850 2061 1036 2124 assecutus
1064 2074 1193 2148 agmen
1219 2045 1471 2145 refugientium

227 2158 275 2231 ad
310 2183 411 2250 suos,
452 2160 540 2232 alios
578 2160 721 2252 cecidit,
762 2164 857 2260 cepit
897 2163 1005 2237 alios:
1049 2162 1257 2259 equitesque
1289 2156 1472 2256 praemisit

227 2405 315 2456 dinem
336 2399 388 2454 elio
405 2399 496 2454 verbb.
514 2399 611 2481 positu
647 2402 728 2456 Bern.
745 2402 770 2457 Β
789 2408 832 2475 eff
867 2423 920 2459 nou
946 2403 991 2476 qui
1018 2404 1106 2458 hostes
1129 2409 1281 2466 morentur,
1304 2409 1336 2453 ut
1354 2399 1471 2455 Gronov.

228 2468 833 2594 ltlt'l‘lllll⁶²0ll⁰tlldlll³⁸nlll
867 2474 1019 2596 illel&
1036 2468 1472 2594 prppnlaqqsqnqm

228 2615 257 2660 et
274 2578 623 2676 praeierendumvelhietus
635 2607 736 2662 vitandi
746 2582 832 2677 cause:
867 2610 962 2664 virium
991 2559 1040 2662 eui)
1065 2555 1208 2680 pffisidi
1237 2623 1315 2660 causa
1342 2603 1472 2660 retardati

229 2693 388 2748 quamquem
405 2674 466 2727 alibi
485 2676 585 2744 alioqui
602 2675 683 2730 etiem
703 2685 766 2731 ente
786 2695 833 2732 vo-
867 2687 1015 2733 extremum
1034 2677 1110 2758 qussi
1128 2693 1223 2756 agmen
1240 2675 1374 2728 claudunt.
1411 2674 1472 2738 Quo

228 2744 313 2797 celem
330 2743 471 2797 invenitur.
867 2763 945 2802 sensu
967 2765 1026 2801 cum
1049 2764 1078 2800 ιιι
1101 2744 1192 2800 lexicis
1214 2743 1311 2797 uostris
1328 2761 1383 2797 non
1399 2741 1472 2796 inve·

264 2812 329 2884 Cep.
348 2819 391 2880 40,
415 2814 438 2880 5.
457 2817 482 2865 8.
512 2812 624 2883 Tiprim]
650 2813 687 2870 Η.
707 2813 724 2867 l
742 2814 834 2870 littere
867 2816 970 2882 niatur,
989 2816 1021 2869 cf.
1039 2832 1104 2885 quos
1121 2813 1192 2867 locos
1209 2821 1238 2866 ct
1254 2811 1374 2866 Freinsh.
1393 2812 1427 2865 ad
1445 2811 1471 2864 h.

228 2899 254 2934 m
271 2880 299 2934 in
316 2882 368 2935 fine
385 2881 414 2934 in
431 2880 528 2934 nostris
545 2883 665 2937 omuibus
683 2891 733 2950 est,
751 2885 798 2938 sed
815 2903 833 2938 a
867 2885 885 2938 l.
903 2884 995 2938 laudat
1011 2883 1081 2936 Livii
1097 2883 1165 2951 xxrj,
1183 2889 1231 2948 47,
1250 2887 1265 2935 ll
1284 2889 1313 2934 et
1330 2887 1378 2948 48,
1397 2885 1425 2944 ὁ,
1443 2886 1472 2933 et

228 2950 256 3004 ἰή
273 2949 347 3004 Leid-
366 2951 442 3005 Voss·
463 2955 486 3002 1·
867 2951 1115 3010 Drakenborchium
1141 2952 1175 3003 ed
1192 2949 1278 3004 locum
1294 2949 1409 3020 priorem
1463 2946 1470 2960 ⁸

266 3021 402 3074 Gordoeos
425 3017 524 3099 primus
546 3018 638 3074 Iunius
655 3019 751 3086 edidit,
770 3021 833 3074 Ald.
868 3022 937 3076 Livii
955 3022 1029 3075 eddit
1046 3033 1130 3086 xxxv,
1148 3027 1190 3074 41.
1214 3017 1330 3072 Videtur
1346 3018 1409 3071 hinc
1444 3031 1472 3069 e-

231 3089 346 3155 Goulei,
373 3088 433 3142 libr1
456 3095 558 3142 veteres
579 3090 701 3143 Cordeoe.
737 3089 834 3162 Populi
867 3091 983 3145 rivatum
1000 3087 1196 3142 esseGollicum
1204 3086 1359 3140 vocabulum
1372 3085 1472 3139 inelias

228 3173 324 3210 nomen
336 3158 465 3210 Gordiaei
481 3156 509 3208 in
526 3157 633 3227 optimis
650 3166 692 3211 est
709 3158 822 3225 lmen
868 3160 971 3230 linguas
986 3156 1146 3212 recentiores
1157 3163 1295 3236 receptum
1303 3158 1471 3208 moroudeur.

250 3226 303 3277 nod
320 3224 487 3278 scribendum
508 3226 642 3294 Gordyaei
679 3243 739 3280 cum
762 3199 833 3298 apud
902 3230 1012 3297 speciem
1038 3228 1130 3295 mayni
1155 3227 1269 3294 nomenis
1326 3223 1473 3293 Vulgetum

230 3241 346 3413 {rupices
364 3292 503 3412 scriptores
518 3265 833 3367 sintl'opdvoloqhodie
867 3314 936 3417 (ἐφη
946 3298 1093 3417 οηιιὲιρῖιὲεξ
1106 3292 1251 3415 ιῑὲοιιιιιιο
1288 3290 1473 3412 'cumtqtml'lqrg

255 3379 288 3412 ur
308 3379 316 3412 ι
334 3377 417 3412 socen
431 3377 471 3412 ur.
910 3381 944 3417 au
989 3383 1011 3416 ῃ
1094 3379 1127 3415 ne
1141 3379 1187 3428 ur,
1216 3377 1287 3414 nuuc
1319 3377 1353 3411 eu

264 3431 287 3496 ξ.
299 3435 322 3482 9.
341 3431 387 3480 loc
396 3430 524 3496 inpressis
533 3431 592 3498 iter]
605 3431 695 3511 Vulgo
705 3432 833 3503 inpresso,
867 3432 1029 3554 reliquorum
1046 3432 1175 3484 bonorum
1193 3428 1372 3482 Ieid.Voes.l
1389 3426 1474 3480 Bern.

229 3497 276 3550 sed
293 3496 374 3549 nonl
419 3506 464 3549 tur
480 3496 529 3550 uisi
546 3497 574 3550 in
591 3516 681 3570 paucis
699 3517 748 3554 nec
765 3503 834 3574 opti·
868 3503 893 3554 Α
936 3500 1017 3554 lor.B
1036 3507 1064 3552 et
1082 3499 1266 3554 nonnullorum
1283 3495 1394 3550 eliorum
1412 3511 1473 3548 cum

230 3565 279 3618 mis
297 3565 373 3618 codd.
416 3564 463 3618 lor.
482 3563 562 3633 DFI,
588 3567 669 3621 ceteri
686 3586 748 3623 omn
756 3587 784 3625 es
805 3574 833 3624 in
868 3570 942 3624 Mod.
952 3569 1015 3622 edit.
1025 3583 1181 3622 consensum
1197 3565 1276 3620 malui
1289 3565 1473 3636 muyniupmi-

228 3650 346 3703 pressio,
356 3632 427 3687 Flor.
438 3632 460 3687 G
470 3637 591 3703 inpressi.
610 3636 692 3690 Patet
706 3640 833 3710 inpressis
868 3641 911 3692 nis
928 3638 1001 3691 dere.

230 3700 413 3771 corrigendum
430 3717 494 3756 cese.
893 3709 974 3776 solen
987 3722 1040 3775 per
1056 3714 1150 3758 melum
1168 3704 1309 3825 aspector]
1337 3703 1474 3771 Aspentur

265 3773 288 3837 ς.
309 3776 347 3823 10.
383 3782 526 3826 moratores
544 3784 619 3828 eram
641 3775 835 3830 restituendum
888 3775 968 3828 rinus
986 3791 1019 3826 ex
1038 3773 1132 3827 Goion.
1151 3780 1179 3826 et
1218 3772 1285 3841 igeb.
1310 3769 1474 3840 deprompssii

229 3838 280 3892 suit
298 3840 333 3892 ob
350 3856 505 3894 consensum
522 3843 681 3912 optimorum
708 3845 835 3900 librorum
900 3843 984 3910 odius,
1003 3849 1170 3896 accesserunt
1187 3839 1381 3910 snakenburgii
1399 3837 1473 3890 Leid.

230 3906 315 3960 Medii
338 3916 367 3960 et
390 3907 464 3962 Laid.
488 3912 564 3964 Voss.
590 3920 602 3965 1
627 3921 656 3966 et
679 3912 750 3968 Flor.
773 3915 833 3982 AB,
869 3912 945 3966 Voss.
971 3918 994 3965 1.
1012 3918 1046 3979 2,
1072 3908 1246 3962 nuncetiam
1263 3915 1376 3980 uterque
1393 3907 1473 3960 nem.

250 3975 326 4028 uibms
344 3991 377 4028 ex
386 3976 517 4031 deteriore
526 3979 606 4034 classe
616 3982 746 4034 accedunt
754 3982 834 4036 etiam
869 3987 898 4033 et
921 3979 993 4033 Flor.
1020 3977 1150 4033 ABCGH
1176 3985 1205 4030 et
1230 3975 1254 4030 E
1282 3992 1299 4029 e
1322 3995 1363 4047 pr.
1387 3991 1474 4029 menu-

232 3993 291 4098 gli.
311 4043 402 4110 (Bern.
412 4050 437 4097 A
451 4057 616 4115 moratores,
632 4050 656 4102 B
670 4055 834 4116 moratores).
871 4049 1025 4103 correctum
1043 4047 1113 4100 enim
1126 4053 1172 4106 ‚est
1189 4046 1216 4098 in
1233 4045 1284 4099 hoo
1306 4045 1377 4116 quod
1394 4042 1474 4123 vulgo

231 4113 384 4181 Legebetur
398 4114 478 4184 vulgo
496 4119 681 4184 ceptorum,
698 4117 769 4188 quod
784 4117 835 4171 etsi
870 4117 993 4170 ineditis
1016 4115 1114 4198 legitur
1137 4123 1317 4184 soporentur,
1342 4113 1389 4165 sed
1411 4123 1475 4174 vm

232 4183 357 4233 damnare
374 4199 427 4234 non
445 4184 577 4252 auderem,
596 4186 617 4238 si
635 4186 729 4240 idonce
743 4194 836 4239 aucto·
870 4185 978 4240 testium
1003 4201 1098 4257 opinor
1121 4199 1178 4236 esse
1209 4183 1243 4234 ed
1270 4179 1475 4236 convincendam

230 4249 312 4303 ritate
328 4249 472 4318 niteretur,
491 4269 561 4306 nuuc
578 4261 667 4306 tamen
685 4271 743 4307 cum
761 4254 836 4324 optio
869 4254 1025 4326 scripturum
1035 4251 1188 4306 Latinitatis
1206 4267 1284 4304 seme
1301 4251 1400 4302 dudum
1413 4264 1476 4300 eon-

231 4319 310 4370 detur
327 4317 412 4370 minus
430 4337 446 4371 a
466 4327 523 4373 tum
541 4321 635 4376 iudico.
654 4321 748 4392 Neque
765 4323 835 4376 enim
869 4324 1027 4376 damnatam.
1052 4321 1182 4374 Obsoleta
1199 4319 1268 4372 enim
1286 4325 1328 4371 eet
1345 4333 1393 4370 uec
1407 4315 1475 4369 Cur-

232 4387 337 4440 Dureus
356 4386 406 4439 iem
424 4337 602 4458 adventabat,
630 4392 675 4444 sed
693 4401 770 4445 eraut
795 4390 834 4444 illi
868 4391 943 4445 tiano
956 4391 1043 4444 nitore
1055 4389 1135 4459 digne
1144 4388 1475 4456 activeiormscuqurare.

231 4471 265 4508 ex
290 4454 392 4508 Mazaei
427 4456 508 4528 copiis
538 4459 688 4529 perdendae
719 4459 834 4530 regionis
903 4463 926 4529 §-
947 4467 986 4512 ll.
1022 4477 1036 4511 c
1069 4459 1089 4509 it
1106 4459 1185 4524 ulios]
1215 4456 1304 4526 Vulgo
1322 4457 1390 4508 ulios
1409 4455 1476 4522 repil

232 4541 310 4579 sauss
328 4525 484 4596 praemissis.
502 4528 652 4584 Moralores
667 4537 755 4583 aulem
770 4537 833 4582 eunt
867 4529 937 4598 quod
956 4526 1017 4598 quia
1034 4525 1106 4580 llor.
1116 4527 1243 4580 Atuetur
1259 4525 1346 4577 adhuc
1364 4519 1475 4589 servavi,
