3238 5296
232 379 307 450 374
503 335 508 350 .
571 445 577 456 ,
694 397 727 459 Q·
756 398 880 450 curru
905 400 989 450 nuru

223 606 304 654 care
330 581 486 680 fulgura,
520 593 557 656 et
580 607 676 656 nuuc
701 583 931 657 internitente
956 585 1051 677 luce,
1082 609 1178 658 nunc
1203 584 1362 676 condita,
1388 610 1464 659 non

223 695 345 767 oeulos
372 692 481 768 modo
507 694 658 768 meantis
685 695 882 786 exercituS,
922 695 986 770 sed
1018 697 1125 770 etiam
1157 695 1294 768 animos
1327 693 1464 772 terrere

223 817 427 904 coeperunt.
480 803 569 878 Erat
594 831 706 904 prope
738 807 927 880 continuus
962 807 1050 880 coeli
1084 809 1219 906 fragor,
1258 817 1295 881 et
1329 809 1500 906 passima

224 915 427 990 cadentium
451 916 638 990 firlminum
665 919 799 1017 species
825 917 1018 992 visebatur.
1059 919 1303 1016 Attonitisque
1316 920 1465 993 auribus

223 1039 371 1126 stupens
396 1055 525 1128 agmen
550 1053 616 1103 neo
641 1029 819 1128 progredi,
846 1055 912 1102 nec
938 1027 1132 1104 consistere
1159 1030 1324 1104 audebat.
1370 1030 1501 1104 Turne

222 1150 370 1237 repente
387 1141 501 1214 imber
517 1139 728 1237 grandinem
743 1141 919 1216 incutiens
937 1143 1105 1214 torrentis
1128 1139 1237 1214 modo
1259 1143 1465 1241 effimditun

223 1251 278 1324 Ac
304 1251 418 1349 primo
446 1251 588 1349 quidem
614 1252 721 1325 armis
748 1252 821 1325 suis
848 1254 933 1326 tecti
957 1263 1182 1352 exceperant,
1210 1252 1274 1326 sed
1300 1254 1371 1326 iam
1397 1280 1465 1328 nec

222 1363 376 1436 retinere
403 1388 502 1436 arma
527 1363 684 1438 lubricae
710 1372 747 1436 et
772 1363 928 1462 rigentes
954 1390 1081 1438 manus
1108 1374 1285 1463 poterant,
1312 1389 1378 1438 nec
1396 1366 1466 1463 ipsi

224 1474 412 1565 destinare,
439 1475 476 1546 in
494 1500 601 1571 quam
618 1475 800 1572 regionem
826 1477 1057 1550 obverterent
1075 1500 1235 1573 corpora,
1262 1500 1344 1549 cum
1361 1476 1464 1550 undi-

224 1609 293 1682 que
319 1587 541 1683 tempestatis
565 1587 735 1659 violentie
760 1588 882 1678 maior,
909 1613 1016 1684 quam
1033 1587 1225 1677 vitabatur,
1252 1601 1467 1663 occurreret

223 1696 321 1794 Ergo
348 1697 531 1772 ordinibus
559 1698 684 1772 solutis
709 1722 773 1795 per
790 1706 907 1771 totum
925 1698 1056 1771 saltum
1074 1695 1315 1771 errabundum
1333 1724 1465 1798 agmen
1486 1723 1502 1769 s

225 1808 406 1882 ferebatur
413 1836 422 1898 ;
448 1810 620 1907 multique
637 1809 735 1907 prius
753 1819 861 1900 metu,
888 1835 995 1906 quam
1020 1809 1143 1882 labore
1166 1808 1359 1906 defatigati,
1386 1837 1468 1908 pro·

227 1930 431 1994 straverant
462 1921 562 1993 humi
588 1945 756 2020 corpora,
801 1946 1015 2019 quamquam
1049 1921 1200 1993 imbrem
1235 1919 1289 1992 vis
1324 1921 1467 2020 fiigoris

226 2043 394 2106 concreto
419 2033 502 2130 gelu
528 2031 754 2105 astrinxerat.
808 2031 879 2104 Alii
901 2056 939 2104 se
961 2033 1141 2130 stipitibus
1160 2031 1329 2106 arborum
1346 2032 1469 2105 admo
1490 2054 1504 2099 ⁷

227 2153 374 2217 verant:
400 2141 439 2216 id
464 2142 624 2241 plurimis
650 2153 687 2216 et
714 2140 965 2216 adminiculum
992 2155 1029 2220 et
1054 2144 1246 2243 suffugium
1264 2153 1351 2215 erat.
1391 2141 1504 2216 Nece
1602 2133 1604 2138 ’

226 2254 373 2327 fallebat
404 2254 501 2351 ipsos
533 2255 640 2327 morti
671 2256 788 2327 locum
823 2254 967 2354 eligere,
1008 2281 1088 2329 oum
1117 2253 1316 2327 immobiles
1348 2254 1468 2328 vitalis

228 2367 324 2438 calor
349 2365 543 2460 linqueret:
581 2363 645 2437 sed
676 2375 780 2463 grata
806 2377 884 2439 erat
915 2367 1058 2466 pigritia
1083 2377 1272 2464 corporum
1298 2364 1469 2462 fatigatis,

226 2503 293 2550 nec
317 2477 532 2549 recusabant
558 2477 718 2574 extingui
745 2476 969 2573 quiescendo.
1023 2477 1162 2576 Quippe
1183 2503 1255 2549 non
1273 2477 1470 2550 vehemens

227 2587 351 2677 modo,
387 2586 451 2659 sed
483 2587 591 2659 etiam
622 2587 788 2685 pertinax
820 2587 875 2660 vis
909 2590 995 2662 mali
1025 2588 1232 2676 insistebam
1271 2590 1469 2685 lucemque,

226 2700 390 2774 naturale
417 2699 593 2789 solatium,
619 2708 761 2796 praeter
783 2708 1034 2797 tempestatem
1050 2699 1148 2773 haud
1166 2699 1345 2797 disparem
1361 2699 1470 2788 nocti,

228 2813 399 2886 silvarum
424 2836 565 2909 quoque
586 2810 714 2883 umbra
732 2822 988 2910 suppresserat.
1042 2811 1122 2885 Rex
1147 2835 1239 2884 unns
1266 2810 1358 2882 tanti
1383 2810 1506 2882 malis

226 2925 366 3022 patiens
393 2922 576 2996 circumire
602 2923 741 3013 milites,
767 2923 978 2996 contrahere
997 2921 1187 3022 dispersos,
1214 2921 1370 2995 allevare
1388 2945 1469 3019 pro

227 3146 269 3194 est
285 3148 426 3211 utrumque
443 3148 471 3194 et
488 3142 567 3194 arinis
579 3143 710 3194 etdomno
728 3139 829 3194 aVoss.
864 3139 926 3211 quia
942 3139 970 3194 in
988 3139 1124 3221 sigeberg.
1142 3140 1281 3194 invenerat
1298 3139 1414 3192 lubricae
1431 3139 1471 3191 η’-

229 3217 241 3262 1
262 3217 290 3262 et
311 3207 381 3262 Flor.
396 3212 435 3276 A,
462 3210 526 3264 item
548 3228 565 3263 s
586 3209 667 3262 Bern.
686 3210 711 3262 A
733 3209 780 3262 sed
802 3207 830 3261 in
863 3219 961 3279 pentes,
980 3208 1036 3262 sine
1053 3209 1245 3274 coniunctione,
1264 3205 1347 3262 edidit
1363 3224 1411 3260 nec
1428 3224 1471 3258 re·

227 3277 304 3331 huius
325 3277 443 3346 margine
463 3277 633 3344 adscribitur,
661 3277 689 3330 in
714 3275 831 3330 alosa
865 3279 947 3330 tinere
960 3296 1034 3351 ama
1048 3281 1149 3332 ludrica
1162 3280 1274 3359 rigentes
1288 3293 1384 3330 manus
1434 3285 1471 3328 te-

229 3353 316 3398 sutem
327 3354 468 3415 utrumque
478 3345 653 3416 coniungitur.
685 3344 831 3409 Quaecum
865 3355 934 3399 rant.
971 3347 1010 3401 Ut
1026 3345 1161 3416 in·Sigeb.
1178 3365 1216 3400 sic
1237 3345 1317 3399 ettam
1335 3344 1363 3398 in
1405 3343 1468 3398 all

227 3411 267 3465 ita
293 3412 355 3478 sint,
381 3413 481 3482 poterit
498 3415 639 3467 secuudum
665 3412 746 3466 libros
770 3431 830 3466 mss.
865 3412 979 3467 traditur
995 3429 1060 3482 esse,
1083 3425 1111 3468 et
1128 3417 1224 3469 lubrice
1241 3415 1355 3484 adpetitas
1378 3420 1420 3466 est
1442 3411 1471 3464 in

229 3487 275 3534 aut
291 3479 374 3549 princi
396 3499 440 3533 um
457 3481 602 3535 editionum
616 3481 743 3534 autMod.
753 3480 831 3535 lectio
865 3481 936 3536 Flor.
946 3482 996 3537 DI.

228 3547 348 3619 probari:
367 3499 432 3602 illud
444 3548 471 3603 in
484 3550 571 3620 priore
581 3547 697 3602 editione
710 3549 835 3614 feceram,
900 3555 924 3617 s.
944 3557 968 3604 t.
1004 3553 1151 3622 defatigata]
1187 3551 1322 3621 dffettpmi
1346 3549 1374 3602 in
1395 3547 1470 3602 Flor.

228 3633 298 3669 nunc
314 3615 432 3670 Modiam
450 3634 555 3688 sequor,
579 3625 607 3671 et
624 3634 728 3672 omnem
746 3616 831 3670 diver·
865 3618 991 3686 (Heinsii)
1009 3621 1143 3674 etVoss.l
1165 3619 1302 3673 inventum
1315 3634 1372 3672 esse
1386 3635 1471 3672 euna

228 3684 336 3738 ritatem
346 3685 414 3757 ,inde
432 3694 520 3740 natam
537 3693 602 3757 puto
620 3686 692 3756 quod
710 3684 772 3739 olim
785 3703 831 3738 ex·
865 3695 907 3739 tat
933 3685 1162 3756 Suskenburgius:
1188 3687 1306 3757 mihique
1338 3684 1409 3740 idem
1436 3703 1470 3738 ex

229 3752 329 3806 cidarat
345 3757 424 3808 minis
446 3763 509 3826 post
530 3757 587 3808 sine
609 3763 638 3808 et
660 3753 831 3825 supplebatur
866 3755 946 3808 Bern.
960 3758 985 3809 A
1004 3765 1032 3810 et
1049 3757 1074 3809 h.
1083 3757 1100 3810 l.
1118 3765 1147 3810 et
1162 3772 1208 3822 rx,
1228 3764 1258 3822 t,
1280 3763 1309 3808 11
1335 3761 1469 3808 enotatur.

229 3821 331 3876 adiecto
354 3824 436 3878 verbo
463 3827 565 3878 domno.
601 3823 727 3878 Ceterum
749 3841 831 3893 proe-
865 3823 1058 3878 EFlorentiuis
1076 3833 1163 3878 temen
1182 3823 1276 3879 nihils
1352 3822 1393 3876 ari
1406 3822 1471 3876 scri·

230 3893 289 3945 terit
306 3890 378 3944 Flor.
397 3891 492 3946 BFGI.
865 3901 944 3963 ptura
966 3893 1097 3947 diversum
1119 3894 1241 3960 affertur,
1269 3891 1318 3946 nisi
1355 3891 1470 3945 .Lesse

264 3963 288 4024 S.
298 3965 322 4012 4.
345 3962 491 4014 cadentium
490 3961 657 4080 ffuminum]
681 3962 831 4014 adeuntium
859 3961 975 4030 fatigati
992 3962 1020 4015 in
1037 3961 1095 4016 BG.
1463 4026 1469 4039 Ι

228 4027 309 4081 Bern.
319 4031 367 4080 AB
383 4026 488 4082 Flend
516 4028 565 4082 CH
574 4027 830 4082 Leidvosatedd.
900 4033 924 4094 5.
939 4035 963 4082 8.
998 4032 1148 4098 insmobiles]
1183 4029 1311 4084 Veterem
1327 4026 1470 4084 accusativi

229 4096 830 4235 lrirdndddiiidldid’minii-'³⁸53'
864 4097 981 4219 {llllllt
993 4097 1469 4236 ‘idibddrdiiriidcirdffiid

230 4231 301 4286 rexit
325 4231 438 4286 Aldinus
463 4231 559 4286 editor.
600 4231 670 4284 Tum
696 4235 830 4287 considere
865 4207 989 4288 montleis’
997 4235 1088 4288 Iunius
1106 4234 1188 4301 dedit,
1205 4235 1342 4306 vulgarem
1359 4205 1471 4288 for'mm

232 4301 292 4355 edd.
303 4309 405 4353 veteres
415 4311 444 4353 et
453 4301 527 4354 codd.
541 4300 624 4354 nostri
638 4317 727 4354 omnes
737 4301 830 4368 (Snalr.
864 4302 979 4358 Modius.

231 4369 326 4424 silente
343 4370 376 4422 de
397 4369 461 4434 suis)
488 4371 722 4423 semicremata
743 4387 830 4425 emen·
899 4373 992 4426 ambra
1008 4373 1202 4443 suppresserat]
1225 4368 1397 4426 manuscr
1415 4389 1471 4424 am-

232 4437 306 4492 dsvit
323 4437 463 4492 Acidaliae.
865 4440 928 4493 brae
945 4450 1152 4512 suppresserant,
1174 4439 1248 4512 quod
1264 4438 1372 4494 Medius
1390 4455 1471 4512 prae-

267 4512 291 4578 s.
310 4512 334 4562 5.
369 4507 484 4562 lancae
514 4516 537 4562 et
567 4507 690 4578 rigentes]
725 4505 832 4562 Modius
865 4506 936 4562 tulit.
