<?xml version="1.0" encoding="UTF-8"?>
<!DOCTYPE html PUBLIC "-//W3C//DTD XHTML 1.0 Transitional//EN"
    "http://www.w3.org/TR/xhtml1/DTD/xhtml1-transitional.dtd">
<html xmlns="http://www.w3.org/1999/xhtml" xml:lang="en" lang="en">
 <head>
  <title>
</title>
<meta http-equiv="Content-Type" content="text/html;charset=utf-8" />
  <meta name='ocr-system' content='tesseract 3.04.00' />
  <meta name='ocr-capabilities' content='ocr_page ocr_carea ocr_par ocr_line ocrx_word'/>
</head>
<body>
  <div class='ocr_page' id='page_1' title='image "./qcurtiirufidege00zumpgoog_0071.png"; bbox 0 0 3214 5288; ppageno 0'>
   <div class='ocr_carea' id='block_1_1' title="bbox 232 372 998 450">
    <p class='ocr_par' dir='ltr' id='par_1_1' title="bbox 232 372 998 450">
     <span class='ocr_line' id='line_1_1' title="bbox 232 372 998 450; baseline -0.005 -8"><span class='ocrx_word' id='word_1_1' title='bbox 232 372 280 442; x_wconf 81' lang='lat'>42</span> <span class='ocrx_word' id='word_1_2' title='bbox 701 386 735 450; x_wconf 88' lang='lat' dir='ltr'>o.</span> <span class='ocrx_word' id='word_1_3' title='bbox 764 386 888 439; x_wconf 80' lang='lat' dir='ltr'>suurn</span> <span class='ocrx_word' id='word_1_4' title='bbox 913 387 998 440; x_wconf 83' lang='lat' dir='ltr'>nun</span> 
     </span>
    </p>
   </div>
   <div class='ocr_carea' id='block_1_2' title="bbox 181 563 1548 2537">
    <p class='ocr_par' dir='ltr' id='par_1_2' title="bbox 229 563 1529 1772">
     <span class='ocr_line' id='line_1_2' title="bbox 230 563 1471 666; baseline -0.003 -20"><span class='ocrx_word' id='word_1_5' title='bbox 230 571 462 661; x_wconf 88' lang='lat' dir='ltr'>admonebat,</span> <span class='ocrx_word' id='word_1_6' title='bbox 501 563 558 656; x_wconf 63' lang='lat' dir='ltr'>ab„</span> <span class='ocrx_word' id='word_1_7' title='bbox 588 570 644 643; x_wconf 93' lang='lat' dir='ltr'>his</span> <span class='ocrx_word' id='word_1_8' title='bbox 678 569 844 666; x_wconf 85' lang='lat' dir='ltr'>gentibus</span> <span class='ocrx_word' id='word_1_9' title='bbox 885 569 986 643; x_wconf 86' lang='lat' dir='ltr'>illata</span> <span class='ocrx_word' id='word_1_10' title='bbox 1021 565 1193 645; x_wconf 82' lang='lat' dir='ltr'>Graeciae</span> <span class='ocrx_word' id='word_1_11' title='bbox 1233 568 1329 644; x_wconf 88' lang='lat' dir='ltr'>bella</span> <span class='ocrx_word' id='word_1_12' title='bbox 1359 565 1471 643; x_wconf 88' lang='lat' dir='ltr'>Darei</span> 
     </span>
     <span class='ocr_line' id='line_1_3' title="bbox 230 677 1470 781; baseline -0.001 -26"><span class='ocrx_word' id='word_1_13' title='bbox 230 684 338 781; x_wconf 92' lang='lat' dir='ltr'>prius,</span> <span class='ocrx_word' id='word_1_14' title='bbox 366 679 494 754; x_wconf 90' lang='lat' dir='ltr'>deinde</span> <span class='ocrx_word' id='word_1_15' title='bbox 519 677 651 754; x_wconf 82' lang='lat' dir='ltr'><strong>Xerxis</strong></span> <span class='ocrx_word' id='word_1_16' title='bbox 678 679 875 770; x_wconf 75' lang='lat' dir='ltr'>insolentia,</span> <span class='ocrx_word' id='word_1_17' title='bbox 900 704 1030 778; x_wconf 89' lang='lat' dir='ltr'>aquam</span> <span class='ocrx_word' id='word_1_18' title='bbox 1055 680 1152 778; x_wconf 90' lang='lat' dir='ltr'>ipsos</span> <span class='ocrx_word' id='word_1_19' title='bbox 1178 691 1381 777; x_wconf 87' lang='lat' dir='ltr'>terramque</span> <span class='ocrx_word' id='word_1_20' title='bbox 1406 706 1470 778; x_wconf 93' lang='lat' dir='ltr'>po·</span> 
     </span>
     <span class='ocr_line' id='line_1_4' title="bbox 229 789 1471 886; baseline -0.002 -20"><span class='ocrx_word' id='word_1_21' title='bbox 229 792 423 866; x_wconf 81' lang='lat' dir='ltr'>scentiam:</span> <span class='ocrx_word' id='word_1_22' title='bbox 458 801 500 864; x_wconf 88' lang='lat' dir='ltr'>ut</span> <span class='ocrx_word' id='word_1_23' title='bbox 530 815 645 886; x_wconf 92' lang='lat' dir='ltr'>neque</span> <span class='ocrx_word' id='word_1_24' title='bbox 676 791 830 863; x_wconf 86' lang='lat' dir='ltr'>fontium</span> <span class='ocrx_word' id='word_1_25' title='bbox 854 791 1024 864; x_wconf 90' lang='lat' dir='ltr'>haustum</span> <span class='ocrx_word' id='word_1_26' title='bbox 1048 815 1116 864; x_wconf 88' lang='lat' dir='ltr'>nec</span> <span class='ocrx_word' id='word_1_27' title='bbox 1142 791 1265 865; x_wconf 90' lang='lat' dir='ltr'>solitos</span> <span class='ocrx_word' id='word_1_28' title='bbox 1293 789 1390 864; x_wconf 89' lang='lat' dir='ltr'>cibos</span> <span class='ocrx_word' id='word_1_29' title='bbox 1416 815 1471 864; x_wconf 85' lang='lat' dir='ltr'>re-</span> 
     </span>
     <span class='ocr_line' id='line_1_5' title="bbox 229 899 1506 1000; baseline -0.005 -24"><span class='ocrx_word' id='word_1_30' title='bbox 229 904 431 1000; x_wconf 77' lang='lat' dir='ltr'>linquerent</span> <span class='ocrx_word' id='word_1_31' title='bbox 462 899 601 977; x_wconf 89' lang='lat' dir='ltr'>deditis.</span> <span class='ocrx_word' id='word_1_32' title='bbox 652 899 712 975; x_wconf 87' lang='lat' dir='ltr'>Ab</span> <span class='ocrx_word' id='word_1_33' title='bbox 745 901 801 974; x_wconf 90' lang='lat' dir='ltr'>his</span> <span class='ocrx_word' id='word_1_34' title='bbox 834 901 969 997; x_wconf 82' lang='lat' dir='ltr'>templa</span> <span class='ocrx_word' id='word_1_35' title='bbox 999 901 1110 974; x_wconf 89' lang='lat' dir='ltr'>ruinis</span> <span class='ocrx_word' id='word_1_36' title='bbox 1147 911 1184 977; x_wconf 92' lang='lat' dir='ltr'>et</span> <span class='ocrx_word' id='word_1_37' title='bbox 1215 900 1356 998; x_wconf 86' lang='lat' dir='ltr'>ignibus</span> <span class='ocrx_word' id='word_1_38' title='bbox 1390 921 1506 976; x_wconf 87' lang='lat' dir='ltr'>esses</span> 
     </span>
     <span class='ocr_line' id='line_1_6' title="bbox 230 1009 1473 1110; baseline 0.003 -26"><span class='ocrx_word' id='word_1_39' title='bbox 230 1010 367 1102; x_wconf 90' lang='lat' dir='ltr'>deleta,</span> <span class='ocrx_word' id='word_1_40' title='bbox 394 1012 501 1085; x_wconf 92' lang='lat' dir='ltr'>urbes</span> <span class='ocrx_word' id='word_1_41' title='bbox 529 1035 653 1084; x_wconf 91' lang='lat' dir='ltr'>eorum</span> <span class='ocrx_word' id='word_1_42' title='bbox 679 1019 921 1110; x_wconf 80' lang='lat' dir='ltr'>expugnatas,</span> <span class='ocrx_word' id='word_1_43' title='bbox 947 1009 1094 1086; x_wconf 83' lang='lat' dir='ltr'>foedera</span> <span class='ocrx_word' id='word_1_44' title='bbox 1119 1009 1230 1086; x_wconf 86' lang='lat' dir='ltr'>divini</span> <span class='ocrx_word' id='word_1_45' title='bbox 1255 1011 1473 1109; x_wconf 89' lang='lat' dir='ltr'>humanique</span> 
     </span>
     <span class='ocr_line' id='line_1_7' title="bbox 230 1121 1473 1222; baseline 0.001 -27"><span class='ocrx_word' id='word_1_46' title='bbox 230 1122 316 1196; x_wconf 88' lang='lat' dir='ltr'>iuris</span> <span class='ocrx_word' id='word_1_47' title='bbox 342 1123 487 1214; x_wconf 86' lang='lat' dir='ltr'>violata,</span> <span class='ocrx_word' id='word_1_48' title='bbox 512 1122 700 1196; x_wconf 88' lang='lat' dir='ltr'>referebat.</span> <span class='ocrx_word' id='word_1_49' title='bbox 752 1121 892 1222; x_wconf 82' lang='lat' dir='ltr'>Illyrios</span> <span class='ocrx_word' id='word_1_50' title='bbox 918 1145 1006 1196; x_wconf 89' lang='lat' dir='ltr'>vero</span> <span class='ocrx_word' id='word_1_51' title='bbox 1032 1133 1069 1196; x_wconf 88' lang='lat' dir='ltr'>et</span> <span class='ocrx_word' id='word_1_52' title='bbox 1094 1122 1263 1214; x_wconf 87' lang='lat' dir='ltr'>Thracas,</span> <span class='ocrx_word' id='word_1_53' title='bbox 1289 1130 1395 1219; x_wconf 85' lang='lat' dir='ltr'>rapto</span> <span class='ocrx_word' id='word_1_54' title='bbox 1420 1123 1473 1196; x_wconf 90' lang='lat' dir='ltr'>vi·</span> 
     </span>
     <span class='ocr_line' id='line_1_8' title="bbox 229 1231 1474 1331; baseline 0.001 -24"><span class='ocrx_word' id='word_1_55' title='bbox 229 1258 316 1307; x_wconf 87' lang='lat' dir='ltr'>vere</span> <span class='ocrx_word' id='word_1_56' title='bbox 342 1243 521 1322; x_wconf 87' lang='lat' dir='ltr'>assuetos,</span> <span class='ocrx_word' id='word_1_57' title='bbox 560 1231 672 1304; x_wconf 86' lang='lat' dir='ltr'>aciem</span> <span class='ocrx_word' id='word_1_58' title='bbox 703 1231 862 1306; x_wconf 90' lang='lat' dir='ltr'>hostium</span> <span class='ocrx_word' id='word_1_59' title='bbox 895 1257 983 1306; x_wconf 89' lang='lat' dir='ltr'>auro</span> <span class='ocrx_word' id='word_1_60' title='bbox 1017 1257 1246 1331; x_wconf 80' lang='lat' dir='ltr'>purpuraque</span> <span class='ocrx_word' id='word_1_61' title='bbox 1276 1232 1474 1329; x_wconf 86' lang='lat' dir='ltr'>fulgentem</span> 
     </span>
     <span class='ocr_line' id='line_1_9' title="bbox 232 1340 1529 1440; baseline -0.002 -25"><span class='ocrx_word' id='word_1_62' title='bbox 232 1343 362 1416; x_wconf 89' lang='lat' dir='ltr'>intueri</span> <span class='ocrx_word' id='word_1_63' title='bbox 386 1343 547 1434; x_wconf 88' lang='lat' dir='ltr'>iubebat,</span> <span class='ocrx_word' id='word_1_64' title='bbox 573 1341 762 1440; x_wconf 86' lang='lat' dir='ltr'>praedam,</span> <span class='ocrx_word' id='word_1_65' title='bbox 794 1368 868 1417; x_wconf 92' lang='lat' dir='ltr'>non</span> <span class='ocrx_word' id='word_1_66' title='bbox 893 1367 993 1416; x_wconf 89' lang='lat' dir='ltr'>arma</span> <span class='ocrx_word' id='word_1_67' title='bbox 1017 1352 1230 1440; x_wconf 80' lang='lat' dir='ltr'>gestantem.</span> <span class='ocrx_word' id='word_1_68' title='bbox 1288 1340 1404 1433; x_wconf 88' lang='lat' dir='ltr'>Irent,</span> <span class='ocrx_word' id='word_1_69' title='bbox 1435 1353 1474 1417; x_wconf 92' lang='lat' dir='ltr'>et</span> <span class='ocrx_word' id='word_1_70' title='bbox 1493 1363 1529 1413; x_wconf 95' lang='lat' dir='ltr'>1o</span> 
     </span>
     <span class='ocr_line' id='line_1_10' title="bbox 230 1451 1475 1552; baseline 0.002 -27"><span class='ocrx_word' id='word_1_71' title='bbox 230 1453 430 1528; x_wconf 81' lang='lat' dir='ltr'>imbellibus</span> <span class='ocrx_word' id='word_1_72' title='bbox 456 1453 595 1528; x_wconf 86' lang='lat' dir='ltr'>feminis</span> <span class='ocrx_word' id='word_1_73' title='bbox 622 1477 749 1527; x_wconf 92' lang='lat' dir='ltr'>aurum</span> <span class='ocrx_word' id='word_1_74' title='bbox 780 1453 849 1526; x_wconf 87' lang='lat' dir='ltr'>viri</span> <span class='ocrx_word' id='word_1_75' title='bbox 874 1455 1062 1552; x_wconf 77' lang='lat' dir='ltr'>eriperent.</span> <span class='ocrx_word' id='word_1_76' title='bbox 1123 1451 1265 1552; x_wconf 87' lang='lat' dir='ltr'>Aspera</span> <span class='ocrx_word' id='word_1_77' title='bbox 1296 1453 1475 1528; x_wconf 92' lang='lat' dir='ltr'>montium</span> 
     </span>
     <span class='ocr_line' id='line_1_11' title="bbox 230 1561 1474 1663; baseline 0.002 -27"><span class='ocrx_word' id='word_1_78' title='bbox 230 1588 378 1637; x_wconf 91' lang='lat' dir='ltr'>suorum</span> <span class='ocrx_word' id='word_1_79' title='bbox 402 1562 502 1662; x_wconf 87' lang='lat' dir='ltr'>iuga,</span> <span class='ocrx_word' id='word_1_80' title='bbox 534 1561 721 1660; x_wconf 85' lang='lat' dir='ltr'>nudasque</span> <span class='ocrx_word' id='word_1_81' title='bbox 753 1564 875 1654; x_wconf 88' lang='lat' dir='ltr'>calles,</span> <span class='ocrx_word' id='word_1_82' title='bbox 911 1574 950 1637; x_wconf 88' lang='lat' dir='ltr'>et</span> <span class='ocrx_word' id='word_1_83' title='bbox 978 1573 1153 1663; x_wconf 90' lang='lat' dir='ltr'>perpetuo</span> <span class='ocrx_word' id='word_1_84' title='bbox 1188 1565 1346 1662; x_wconf 82' lang='lat' dir='ltr'>rigentes</span> <span class='ocrx_word' id='word_1_85' title='bbox 1379 1567 1474 1663; x_wconf 89' lang='lat' dir='ltr'>gelu,</span> 
     </span>
     <span class='ocr_line' id='line_1_12' title="bbox 231 1671 1149 1772; baseline -0.001 -25"><span class='ocrx_word' id='word_1_86' title='bbox 231 1671 364 1749; x_wconf 89' lang='lat' dir='ltr'>ditibus</span> <span class='ocrx_word' id='word_1_87' title='bbox 389 1671 582 1748; x_wconf 86' lang='lat' dir='ltr'>Persarum</span> <span class='ocrx_word' id='word_1_88' title='bbox 608 1674 741 1772; x_wconf 90' lang='lat' dir='ltr'>campis</span> <span class='ocrx_word' id='word_1_89' title='bbox 768 1675 933 1772; x_wconf 82' lang='lat' dir='ltr'>agrisque</span> <span class='ocrx_word' id='word_1_90' title='bbox 957 1684 1149 1749; x_wconf 87' lang='lat' dir='ltr'>mutarent.</span> 
     </span>
    </p>

    <p class='ocr_par' dir='ltr' id='par_1_3' title="bbox 181 1782 1548 2537">
     <span class='ocr_line' id='line_1_13' title="bbox 181 1782 1529 1883; baseline 0.002 -26"><span class='ocrx_word' id='word_1_91' title='bbox 181 1785 228 1857; x_wconf 80' lang='lat'>26</span> <span class='ocrx_word' id='word_1_92' title='bbox 333 1783 410 1859; x_wconf 90' lang='lat' dir='ltr'>Iam</span> <span class='ocrx_word' id='word_1_93' title='bbox 435 1782 484 1858; x_wconf 86' lang='lat' dir='ltr'>ad·</span> <span class='ocrx_word' id='word_1_94' title='bbox 508 1785 571 1859; x_wconf 87' lang='lat' dir='ltr'>teli</span> <span class='ocrx_word' id='word_1_95' title='bbox 595 1784 730 1858; x_wconf 88' lang='lat' dir='ltr'>iactum</span> <span class='ocrx_word' id='word_1_96' title='bbox 755 1795 1005 1883; x_wconf 89' lang='lat' dir='ltr'>pervenerant,</span> <span class='ocrx_word' id='word_1_97' title='bbox 1031 1811 1114 1858; x_wconf 89' lang='lat' dir='ltr'>cum</span> <span class='ocrx_word' id='word_1_98' title='bbox 1124 1784 1317 1860; x_wconf 88' lang='lat' dir='ltr'>Persarum</span> <span class='ocrx_word' id='word_1_99' title='bbox 1335 1785 1474 1882; x_wconf 88' lang='lat' dir='ltr'>equites</span> <span class='ocrx_word' id='word_1_100' title='bbox 1482 1803 1529 1853; x_wconf 79' lang='lat' dir='ltr'>xl.</span> 
     </span>
     <span class='ocr_line' id='line_1_14' title="bbox 230 1894 1475 1994; baseline 0 -26"><span class='ocrx_word' id='word_1_101' title='bbox 230 1896 396 1971; x_wconf 89' lang='lat' dir='ltr'>ferociter</span> <span class='ocrx_word' id='word_1_102' title='bbox 420 1897 457 1968; x_wconf 92' lang='lat' dir='ltr'>in</span> <span class='ocrx_word' id='word_1_103' title='bbox 483 1897 626 1970; x_wconf 87' lang='lat' dir='ltr'>laevum</span> <span class='ocrx_word' id='word_1_104' title='bbox 652 1920 764 1968; x_wconf 89' lang='lat' dir='ltr'>cornu</span> <span class='ocrx_word' id='word_1_105' title='bbox 790 1895 947 1970; x_wconf 88' lang='lat' dir='ltr'>hostium</span> <span class='ocrx_word' id='word_1_106' title='bbox 972 1895 1103 1970; x_wconf 86' lang='lat' dir='ltr'>invecti</span> <span class='ocrx_word' id='word_1_107' title='bbox 1129 1906 1233 1970; x_wconf 77' lang='lat' dir='ltr'>suntt</span> <span class='ocrx_word' id='word_1_108' title='bbox 1260 1894 1475 1994; x_wconf 91' lang='lat' dir='ltr'>quippeDa·</span> 
     </span>
     <span class='ocr_line' id='line_1_15' title="bbox 230 2005 1548 2106; baseline -0.002 -26"><span class='ocrx_word' id='word_1_109' title='bbox 230 2031 313 2081; x_wconf 87' lang='lat' dir='ltr'>reus</span> <span class='ocrx_word' id='word_1_110' title='bbox 340 2008 495 2104; x_wconf 88' lang='lat' dir='ltr'>equestri</span> <span class='ocrx_word' id='word_1_111' title='bbox 512 2009 647 2106; x_wconf 89' lang='lat' dir='ltr'>proelio</span> <span class='ocrx_word' id='word_1_112' title='bbox 674 2005 867 2081; x_wconf 84' lang='lat' dir='ltr'>decernere</span> <span class='ocrx_word' id='word_1_113' title='bbox 891 2006 1051 2105; x_wconf 90' lang='lat' dir='ltr'>optabat,</span> <span class='ocrx_word' id='word_1_114' title='bbox 1075 2006 1291 2104; x_wconf 85' lang='lat' dir='ltr'>phalangem</span> <span class='ocrx_word' id='word_1_115' title='bbox 1310 2005 1476 2081; x_wconf 88' lang='lat' dir='ltr'>Macedo·</span> <span class='ocrx_word' id='word_1_116' title='bbox 1543 2067 1548 2078; x_wconf 94' lang='lat'>.</span> 
     </span>
     <span class='ocr_line' id='line_1_16' title="bbox 233 2113 1477 2214; baseline 0.001 -26"><span class='ocrx_word' id='word_1_117' title='bbox 233 2117 303 2188; x_wconf 91' lang='lat' dir='ltr'>nici</span> <span class='ocrx_word' id='word_1_118' title='bbox 330 2119 508 2190; x_wconf 83' lang='lat' dir='ltr'>exercitus</span> <span class='ocrx_word' id='word_1_119' title='bbox 541 2117 653 2191; x_wconf 91' lang='lat' dir='ltr'>robur</span> <span class='ocrx_word' id='word_1_120' title='bbox 687 2141 766 2190; x_wconf 89' lang='lat' dir='ltr'>esse</span> <span class='ocrx_word' id='word_1_121' title='bbox 798 2115 1009 2190; x_wconf 87' lang='lat' dir='ltr'>coniectans.</span> <span class='ocrx_word' id='word_1_122' title='bbox 1067 2115 1213 2214; x_wconf 88' lang='lat' dir='ltr'>Iamque</span> <span class='ocrx_word' id='word_1_123' title='bbox 1246 2118 1355 2191; x_wconf 89' lang='lat' dir='ltr'>etiam</span> <span class='ocrx_word' id='word_1_124' title='bbox 1388 2113 1477 2190; x_wconf 86' lang='lat' dir='ltr'>dex·</span> 
     </span>
     <span class='ocr_line' id='line_1_17' title="bbox 234 2225 1508 2316; baseline 0 -20"><span class='ocrx_word' id='word_1_125' title='bbox 234 2242 333 2296; x_wconf 87' lang='lat' dir='ltr'>trmn</span> <span class='ocrx_word' id='word_1_126' title='bbox 364 2225 562 2302; x_wconf 80' lang='lat' dir='ltr'>Alexandri</span> <span class='ocrx_word' id='word_1_127' title='bbox 601 2253 714 2300; x_wconf 91' lang='lat' dir='ltr'>cornu</span> <span class='ocrx_word' id='word_1_128' title='bbox 752 2226 1012 2301; x_wconf 84' lang='lat' dir='ltr'>circumibatur.</span> <span class='ocrx_word' id='word_1_129' title='bbox 1079 2225 1185 2316; x_wconf 84' lang='lat' dir='ltr'>Quod</span> <span class='ocrx_word' id='word_1_130' title='bbox 1224 2228 1287 2302; x_wconf 91' lang='lat' dir='ltr'>ubi</span> <span class='ocrx_word' id='word_1_131' title='bbox 1324 2226 1508 2304; x_wconf 78' lang='lat' dir='ltr'>Macedon</span> 
     </span>
     <span class='ocr_line' id='line_1_18' title="bbox 235 2333 1476 2435; baseline 0.002 -27"><span class='ocrx_word' id='word_1_132' title='bbox 235 2337 432 2433; x_wconf 88' lang='lat' dir='ltr'>conspexit,</span> <span class='ocrx_word' id='word_1_133' title='bbox 459 2333 598 2408; x_wconf 89' lang='lat' dir='ltr'>duabus</span> <span class='ocrx_word' id='word_1_134' title='bbox 613 2337 677 2410; x_wconf 91' lang='lat' dir='ltr'>alis</span> <span class='ocrx_word' id='word_1_135' title='bbox 698 2337 858 2434; x_wconf 91' lang='lat' dir='ltr'>equitum</span> <span class='ocrx_word' id='word_1_136' title='bbox 883 2336 930 2410; x_wconf 87' lang='lat' dir='ltr'>ad</span> <span class='ocrx_word' id='word_1_137' title='bbox 956 2338 1079 2435; x_wconf 82' lang='lat' dir='ltr'>iugmn</span> <span class='ocrx_word' id='word_1_138' title='bbox 1104 2338 1236 2411; x_wconf 91' lang='lat' dir='ltr'>montis</span> <span class='ocrx_word' id='word_1_139' title='bbox 1261 2338 1366 2411; x_wconf 90' lang='lat' dir='ltr'>iussis</span> <span class='ocrx_word' id='word_1_140' title='bbox 1393 2336 1476 2410; x_wconf 89' lang='lat' dir='ltr'>sub·</span> 
     </span>
     <span class='ocr_line' id='line_1_19' title="bbox 236 2445 1473 2537; baseline 0 -18"><span class='ocrx_word' id='word_1_141' title='bbox 236 2445 371 2537; x_wconf 86' lang='lat' dir='ltr'>sistere,</span> <span class='ocrx_word' id='word_1_142' title='bbox 397 2455 535 2519; x_wconf 85' lang='lat' dir='ltr'>ceteros</span> <span class='ocrx_word' id='word_1_143' title='bbox 561 2446 597 2518; x_wconf 92' lang='lat' dir='ltr'>in</span> <span class='ocrx_word' id='word_1_144' title='bbox 623 2446 782 2520; x_wconf 91' lang='lat' dir='ltr'>medium</span> <span class='ocrx_word' id='word_1_145' title='bbox 801 2446 885 2520; x_wconf 92' lang='lat' dir='ltr'>belli</span> <span class='ocrx_word' id='word_1_146' title='bbox 906 2445 1094 2522; x_wconf 89' lang='lat' dir='ltr'>discrimen</span> <span class='ocrx_word' id='word_1_147' title='bbox 1120 2457 1266 2522; x_wconf 88' lang='lat' dir='ltr'>strenue</span> <span class='ocrx_word' id='word_1_148' title='bbox 1292 2449 1473 2522; x_wconf 82' lang='lat' dir='ltr'>transfert</span> 
     </span>
    </p>
   </div>
   <div class='ocr_carea' id='block_1_3' title="bbox 231 2627 1481 4538">
    <p class='ocr_par' dir='ltr' id='par_1_4' title="bbox 231 2627 1481 4538">
     <span class='ocr_line' id='line_1_20' title="bbox 235 2627 1475 2710; baseline 0.002 -30"><span class='ocrx_word' id='word_1_149' title='bbox 235 2627 364 2698; x_wconf 85' lang='lat' dir='ltr'>scriptura</span> <span class='ocrx_word' id='word_1_150' title='bbox 383 2628 546 2708; x_wconf 76' lang='lat' dir='ltr'>(insolentia)</span> <span class='ocrx_word' id='word_1_151' title='bbox 571 2627 702 2708; x_wconf 62' lang='lat' dir='ltr'>disemum</span> <span class='ocrx_word' id='word_1_152' title='bbox 719 2635 836 2710; x_wconf 71' lang='lat' dir='ltr'>notatqn</span> <span class='ocrx_word' id='word_1_153' title='bbox 871 2629 986 2710; x_wconf 78' lang='lat' dir='ltr'>iectura,</span> <span class='ocrx_word' id='word_1_154' title='bbox 1013 2647 1074 2683; x_wconf 87' lang='lat' dir='ltr'>nam</span> <span class='ocrx_word' id='word_1_155' title='bbox 1095 2629 1196 2684; x_wconf 87' lang='lat' dir='ltr'>codices</span> <span class='ocrx_word' id='word_1_156' title='bbox 1207 2630 1319 2710; x_wconf 36' lang='lat' dir='ltr'>&#39;quidem</span> <span class='ocrx_word' id='word_1_157' title='bbox 1336 2645 1427 2684; x_wconf 87' lang='lat' dir='ltr'>omnes</span> <span class='ocrx_word' id='word_1_158' title='bbox 1444 2635 1475 2682; x_wconf 88' lang='lat' dir='ltr'>et</span> 
     </span>
     <span class='ocr_line' id='line_1_21' title="bbox 236 2695 1474 2774; baseline 0.002 -27"><span class='ocrx_word' id='word_1_159' title='bbox 236 2696 282 2774; x_wconf 76' lang='lat' dir='ltr'>sed</span> <span class='ocrx_word' id='word_1_160' title='bbox 308 2697 379 2765; x_wconf 90' lang='lat' dir='ltr'>quod</span> <span class='ocrx_word' id='word_1_161' title='bbox 403 2696 439 2748; x_wconf 86' lang='lat' dir='ltr'>ad</span> <span class='ocrx_word' id='word_1_162' title='bbox 465 2695 540 2749; x_wconf 86' lang='lat' dir='ltr'>rllum</span> <span class='ocrx_word' id='word_1_163' title='bbox 571 2697 677 2766; x_wconf 88' lang='lat' dir='ltr'>qmdem</span> <span class='ocrx_word' id='word_1_164' title='bbox 711 2706 766 2750; x_wconf 79' lang='lat' dir='ltr'>anti</span> <span class='ocrx_word' id='word_1_165' title='bbox 787 2714 837 2750; x_wconf 84' lang='lat' dir='ltr'>urs-</span> <span class='ocrx_word' id='word_1_166' title='bbox 872 2699 935 2751; x_wconf 80' lang='lat' dir='ltr'>edit</span> <span class='ocrx_word' id='word_1_167' title='bbox 954 2717 992 2769; x_wconf 85' lang='lat' dir='ltr'>pr.</span> <span class='ocrx_word' id='word_1_168' title='bbox 1011 2701 1186 2768; x_wconf 81' lang='lat' dir='ltr'>relinquerent</span> <span class='ocrx_word' id='word_1_169' title='bbox 1212 2699 1273 2763; x_wconf 80' lang='lat' dir='ltr'>(vel</span> <span class='ocrx_word' id='word_1_170' title='bbox 1290 2701 1474 2767; x_wconf 82' lang='lat' dir='ltr'>relinqueret).</span> 
     </span>
     <span class='ocr_line' id='line_1_22' title="bbox 234 2763 1475 2846; baseline 0.002 -30"><span class='ocrx_word' id='word_1_171' title='bbox 234 2781 329 2816; x_wconf 76' lang='lat' dir='ltr'>simum</span> <span class='ocrx_word' id='word_1_172' title='bbox 368 2763 464 2818; x_wconf 86' lang='lat' dir='ltr'>librum</span> <span class='ocrx_word' id='word_1_173' title='bbox 493 2763 608 2832; x_wconf 84' lang='lat' dir='ltr'>attinet,</span> <span class='ocrx_word' id='word_1_174' title='bbox 652 2767 743 2819; x_wconf 84' lang='lat' dir='ltr'>obstat</span> <span class='ocrx_word' id='word_1_175' title='bbox 796 2765 838 2819; x_wconf 87' lang='lat' dir='ltr'>uic</span> <span class='ocrx_word' id='word_1_176' title='bbox 873 2768 1122 2846; x_wconf 80' lang='lat' dir='ltr'>deditueisternpto.</span> <span class='ocrx_word' id='word_1_177' title='bbox 1145 2766 1225 2831; x_wconf 84' lang='lat' dir='ltr'>Quod</span> <span class='ocrx_word' id='word_1_178' title='bbox 1243 2784 1303 2821; x_wconf 89' lang='lat' dir='ltr'>cum</span> <span class='ocrx_word' id='word_1_179' title='bbox 1321 2774 1475 2838; x_wconf 87' lang='lat' dir='ltr'>corruptum</span> 
     </span>
     <span class='ocr_line' id='line_1_23' title="bbox 235 2831 1473 2904; baseline 0.002 -20"><span class='ocrx_word' id='word_1_180' title='bbox 235 2831 340 2885; x_wconf 90' lang='lat' dir='ltr'>silentio</span> <span class='ocrx_word' id='word_1_181' title='bbox 366 2831 481 2886; x_wconf 89' lang='lat' dir='ltr'>eiusdem</span> <span class='ocrx_word' id='word_1_182' title='bbox 507 2831 601 2887; x_wconf 87' lang='lat' dir='ltr'>codicis</span> <span class='ocrx_word' id='word_1_183' title='bbox 627 2834 698 2888; x_wconf 84' lang='lat' dir='ltr'>saeta</span> <span class='ocrx_word' id='word_1_184' title='bbox 723 2833 756 2886; x_wconf 84' lang='lat' dir='ltr'>ab</span> <span class='ocrx_word' id='word_1_185' title='bbox 777 2831 838 2887; x_wconf 87' lang='lat' dir='ltr'>Nic.</span> <span class='ocrx_word' id='word_1_186' title='bbox 872 2851 928 2888; x_wconf 90' lang='lat' dir='ltr'>esse</span> <span class='ocrx_word' id='word_1_187' title='bbox 953 2832 1143 2902; x_wconf 82' lang='lat' dir='ltr'>intellernsset,</span> <span class='ocrx_word' id='word_1_188' title='bbox 1178 2834 1263 2888; x_wconf 89' lang='lat' dir='ltr'>Aldus</span> <span class='ocrx_word' id='word_1_189' title='bbox 1289 2838 1473 2904; x_wconf 80' lang='lat' dir='ltr'>relinquerent.</span> 
     </span>
     <span class='ocr_line' id='line_1_24' title="bbox 234 2899 1475 2983; baseline 0.002 -31"><span class='ocrx_word' id='word_1_190' title='bbox 234 2899 346 2954; x_wconf 87' lang='lat' dir='ltr'>Heinsio</span> <span class='ocrx_word' id='word_1_191' title='bbox 372 2901 484 2982; x_wconf 81' lang='lat' dir='ltr'>collutiq.</span> <span class='ocrx_word' id='word_1_192' title='bbox 545 2901 625 2954; x_wconf 86' lang='lat' dir='ltr'>Bern.</span> <span class='ocrx_word' id='word_1_193' title='bbox 651 2903 676 2956; x_wconf 92' lang='lat' dir='ltr'><strong>B</strong></span> <span class='ocrx_word' id='word_1_194' title='bbox 703 2902 730 2955; x_wconf 91' lang='lat' dir='ltr'>in</span> <span class='ocrx_word' id='word_1_195' title='bbox 765 2900 838 2981; x_wconf 79' lang='lat' dir='ltr'>nium</span> <span class='ocrx_word' id='word_1_196' title='bbox 871 2904 943 2983; x_wconf 77' lang='lat' dir='ltr'>Dein</span> <span class='ocrx_word' id='word_1_197' title='bbox 961 2906 1034 2956; x_wconf 86' lang='lat' dir='ltr'>deum</span> <span class='ocrx_word' id='word_1_198' title='bbox 1045 2905 1138 2972; x_wconf 82' lang='lat' dir='ltr'>templa</span> <span class='ocrx_word' id='word_1_199' title='bbox 1156 2910 1219 2982; x_wconf 79' lang='lat' dir='ltr'>apte</span> <span class='ocrx_word' id='word_1_200' title='bbox 1235 2903 1349 2983; x_wconf 77' lang='lat' dir='ltr'>quidem,</span> <span class='ocrx_word' id='word_1_201' title='bbox 1368 2904 1415 2956; x_wconf 85' lang='lat' dir='ltr'>sed</span> <span class='ocrx_word' id='word_1_202' title='bbox 1431 2917 1475 2954; x_wconf 87' lang='lat' dir='ltr'>re·</span> 
     </span>
     <span class='ocr_line' id='line_1_25' title="bbox 235 2917 1475 3091; baseline -0.002 -67"><span class='ocrx_word' id='word_1_203' title='bbox 235 2985 361 3039; x_wconf 83' lang='lat' dir='ltr'>agnoscas</span> <span class='ocrx_word' id='word_1_204' title='bbox 375 2971 448 3091; x_wconf 69' lang='lat' dir='ltr'>quod</span> <span class='ocrx_word' id='word_1_205' title='bbox 465 2972 605 3024; x_wconf 72' lang='lat' dir='ltr'>ansolenter</span> <span class='ocrx_word' id='word_1_206' title='bbox 622 2971 711 3024; x_wconf 87' lang='lat' dir='ltr'>habet.</span> <span class='ocrx_word' id='word_1_207' title='bbox 731 2917 838 3024; x_wconf 56' lang='lat' dir='ltr'>betrus</span> <span class='ocrx_word' id='word_1_208' title='bbox 871 2979 968 3026; x_wconf 82' lang='lat' dir='ltr'>monus</span> <span class='ocrx_word' id='word_1_209' title='bbox 985 2987 1001 3023; x_wconf 90' lang='lat' dir='ltr'>a</span> <span class='ocrx_word' id='word_1_210' title='bbox 1018 2971 1091 3024; x_wconf 89' lang='lat' dir='ltr'>codd.</span> <span class='ocrx_word' id='word_1_211' title='bbox 1109 2970 1223 3024; x_wconf 77' lang='lat' dir='ltr'>lectione</span> <span class='ocrx_word' id='word_1_212' title='bbox 1245 2971 1296 3024; x_wconf 81' lang='lat' dir='ltr'>scri</span> <span class='ocrx_word' id='word_1_213' title='bbox 1337 2980 1362 3036; x_wconf 89' lang='lat' dir='ltr'>t,</span> <span class='ocrx_word' id='word_1_214' title='bbox 1389 2985 1475 3040; x_wconf 84' lang='lat' dir='ltr'>eaque</span> 
     </span>
     <span class='ocr_line' id='line_1_26' title="bbox 235 3038 1476 3110; baseline 0.001 -19"><span class='ocrx_word' id='word_1_215' title='bbox 235 3054 325 3091; x_wconf 90' lang='lat' dir='ltr'>omnes</span> <span class='ocrx_word' id='word_1_216' title='bbox 343 3055 374 3092; x_wconf 89' lang='lat' dir='ltr'>oo</span> <span class='ocrx_word' id='word_1_217' title='bbox 393 3040 417 3091; x_wconf 83' lang='lat' dir='ltr'>d.</span> <span class='ocrx_word' id='word_1_218' title='bbox 436 3057 533 3108; x_wconf 80' lang='lat' dir='ltr'>uquam</span> <span class='ocrx_word' id='word_1_219' title='bbox 550 3041 622 3109; x_wconf 74' lang='lat' dir='ltr'>apros</span> <span class='ocrx_word' id='word_1_220' title='bbox 633 3050 778 3108; x_wconf 83' lang='lat' dir='ltr'>terramque</span> <span class='ocrx_word' id='word_1_221' title='bbox 788 3055 837 3109; x_wconf 88' lang='lat' dir='ltr'>po-</span> <span class='ocrx_word' id='word_1_222' title='bbox 870 3039 980 3110; x_wconf 83' lang='lat' dir='ltr'>vulgata</span> <span class='ocrx_word' id='word_1_223' title='bbox 997 3038 1075 3093; x_wconf 86' lang='lat' dir='ltr'>lectio</span> <span class='ocrx_word' id='word_1_224' title='bbox 1100 3039 1170 3092; x_wconf 86' lang='lat' dir='ltr'>facta</span> <span class='ocrx_word' id='word_1_225' title='bbox 1195 3045 1244 3092; x_wconf 87' lang='lat' dir='ltr'>est.</span> <span class='ocrx_word' id='word_1_226' title='bbox 1310 3039 1386 3092; x_wconf 90' lang='lat' dir='ltr'>odius</span> <span class='ocrx_word' id='word_1_227' title='bbox 1403 3038 1476 3109; x_wconf 88' lang='lat' dir='ltr'>quod</span> 
     </span>
     <span class='ocr_line' id='line_1_27' title="bbox 235 3105 1476 3188; baseline 0.002 -30"><span class='ocrx_word' id='word_1_228' title='bbox 235 3107 360 3159; x_wconf 78' lang='lat' dir='ltr'>scentiam</span> <span class='ocrx_word' id='word_1_229' title='bbox 378 3115 483 3177; x_wconf 82' lang='lat' dir='ltr'>praeter</span> <span class='ocrx_word' id='word_1_230' title='bbox 499 3107 570 3161; x_wconf 89' lang='lat' dir='ltr'>Flor.</span> <span class='ocrx_word' id='word_1_231' title='bbox 584 3108 610 3160; x_wconf 81' lang='lat' dir='ltr'>A</span> <span class='ocrx_word' id='word_1_232' title='bbox 628 3109 688 3161; x_wconf 89' lang='lat' dir='ltr'>etB</span> <span class='ocrx_word' id='word_1_233' title='bbox 706 3116 735 3161; x_wconf 90' lang='lat' dir='ltr'>et</span> <span class='ocrx_word' id='word_1_234' title='bbox 751 3107 837 3161; x_wconf 87' lang='lat' dir='ltr'>Medii</span> <span class='ocrx_word' id='word_1_235' title='bbox 870 3107 924 3161; x_wconf 90' lang='lat' dir='ltr'>iam</span> <span class='ocrx_word' id='word_1_236' title='bbox 939 3107 1078 3178; x_wconf 80' lang='lat' dir='ltr'>legebatur</span> <span class='ocrx_word' id='word_1_237' title='bbox 1104 3107 1131 3159; x_wconf 92' lang='lat' dir='ltr'>in</span> <span class='ocrx_word' id='word_1_238' title='bbox 1156 3107 1274 3188; x_wconf 77' lang='lat' dir='ltr'>margine</span> <span class='ocrx_word' id='word_1_239' title='bbox 1291 3105 1418 3160; x_wconf 83' lang='lat' dir='ltr'>lunianae</span> <span class='ocrx_word' id='word_1_240' title='bbox 1434 3123 1476 3160; x_wconf 86' lang='lat' dir='ltr'>re-</span> 
     </span>
     <span class='ocr_line' id='line_1_28' title="bbox 236 3174 1474 3252; baseline 0 -25"><span class='ocrx_word' id='word_1_241' title='bbox 236 3174 479 3252; x_wconf 82' lang='lat' dir='ltr'>Sicgebcrgensem,</span> <span class='ocrx_word' id='word_1_242' title='bbox 505 3175 550 3244; x_wconf 91' lang='lat' dir='ltr'>qui</span> <span class='ocrx_word' id='word_1_243' title='bbox 567 3175 628 3229; x_wconf 89' lang='lat' dir='ltr'>libri</span> <span class='ocrx_word' id='word_1_244' title='bbox 646 3178 740 3245; x_wconf 75' lang='lat' dir='ltr'>speum,</span> <span class='ocrx_word' id='word_1_245' title='bbox 767 3176 838 3245; x_wconf 89' lang='lat' dir='ltr'>quod</span> <span class='ocrx_word' id='word_1_246' title='bbox 872 3177 1025 3244; x_wconf 78' lang='lat' dir='ltr'>linquerent.</span> <span class='ocrx_word' id='word_1_247' title='bbox 1063 3175 1151 3228; x_wconf 79' lang='lat' dir='ltr'>dedita</span> <span class='ocrx_word' id='word_1_248' title='bbox 1179 3178 1235 3228; x_wconf 78' lang='lat' dir='ltr'>ders</span> <span class='ocrx_word' id='word_1_249' title='bbox 1261 3177 1356 3245; x_wconf 84' lang='lat' dir='ltr'>templa</span> <span class='ocrx_word' id='word_1_250' title='bbox 1389 3174 1474 3240; x_wconf 86' lang='lat' dir='ltr'>dedit,</span> 
     </span>
     <span class='ocr_line' id='line_1_29' title="bbox 235 3240 1474 3314; baseline 0.002 -22"><span class='ocrx_word' id='word_1_251' title='bbox 235 3241 297 3292; x_wconf 90' lang='lat' dir='ltr'>inde</span> <span class='ocrx_word' id='word_1_252' title='bbox 311 3240 478 3293; x_wconf 78' lang='lat' dir='ltr'>evindelino</span> <span class='ocrx_word' id='word_1_253' title='bbox 486 3249 639 3295; x_wconf 73' lang='lat' dir='ltr'>mactantes</span> <span class='ocrx_word' id='word_1_254' title='bbox 647 3243 743 3308; x_wconf 87' lang='lat' dir='ltr'>editur,</span> <span class='ocrx_word' id='word_1_255' title='bbox 781 3259 837 3295; x_wconf 84' lang='lat' dir='ltr'>rae-</span> <span class='ocrx_word' id='word_1_256' title='bbox 890 3245 943 3296; x_wconf 88' lang='lat' dir='ltr'>uod</span> <span class='ocrx_word' id='word_1_257' title='bbox 968 3251 1038 3297; x_wconf 88' lang='lat' dir='ltr'>esset</span> <span class='ocrx_word' id='word_1_258' title='bbox 1063 3259 1111 3314; x_wconf 88' lang='lat' dir='ltr'>pro</span> <span class='ocrx_word' id='word_1_259' title='bbox 1137 3258 1169 3296; x_wconf 90' lang='lat' dir='ltr'>eo</span> <span class='ocrx_word' id='word_1_260' title='bbox 1186 3244 1257 3314; x_wconf 90' lang='lat' dir='ltr'>quod</span> <span class='ocrx_word' id='word_1_261' title='bbox 1283 3251 1325 3298; x_wconf 87' lang='lat' dir='ltr'>est</span> <span class='ocrx_word' id='word_1_262' title='bbox 1342 3245 1474 3296; x_wconf 79' lang='lat' dir='ltr'>dedicata.</span> 
     </span>
     <span class='ocr_line' id='line_1_30' title="bbox 236 3261 1476 3426; baseline 0.004 -67"><span class='ocrx_word' id='word_1_263' title='bbox 236 3306 455 3426; x_wconf 53' lang='lat' dir='ltr'>curameque.</span> <span class='ocrx_word' id='word_1_264' title='bbox 487 3307 540 3360; x_wconf 84' lang='lat' dir='ltr'>Sed</span> <span class='ocrx_word' id='word_1_265' title='bbox 558 3307 637 3360; x_wconf 71' lang='lat' dir='ltr'>edam</span> <span class='ocrx_word' id='word_1_266' title='bbox 654 3310 681 3361; x_wconf 92' lang='lat' dir='ltr'>h.</span> <span class='ocrx_word' id='word_1_267' title='bbox 698 3308 716 3362; x_wconf 94' lang='lat' dir='ltr'>l.</span> <span class='ocrx_word' id='word_1_268' title='bbox 763 3309 837 3389; x_wconf 72' lang='lat' dir='ltr'>einsii</span> <span class='ocrx_word' id='word_1_269' title='bbox 871 3261 1003 3390; x_wconf 48' lang='lat' dir='ltr'>{quidem</span> <span class='ocrx_word' id='word_1_270' title='bbox 1021 3313 1054 3391; x_wconf 75' lang='lat' dir='ltr'>qb</span> <span class='ocrx_word' id='word_1_271' title='bbox 1072 3313 1122 3376; x_wconf 80' lang='lat' dir='ltr'>bis,</span> <span class='ocrx_word' id='word_1_272' title='bbox 1140 3311 1255 3364; x_wconf 77' lang='lat' dir='ltr'>oratorie</span> <span class='ocrx_word' id='word_1_273' title='bbox 1272 3311 1395 3390; x_wconf 76' lang='lat' dir='ltr'>positum,</span> <span class='ocrx_word' id='word_1_274' title='bbox 1414 3327 1476 3364; x_wconf 88' lang='lat' dir='ltr'>cum</span> 
     </span>
     <span class='ocr_line' id='line_1_31' title="bbox 235 3374 1475 3527; baseline 0.003 -33"><span class='ocrx_word' id='word_1_275' title='bbox 235 3374 357 3522; x_wconf 48' lang='lat' dir='ltr'>iiiiii,</span> <span class='ocrx_word' id='word_1_276' title='bbox 383 3374 432 3495; x_wconf 68' lang='lat' dir='ltr'>ll}</span> <span class='ocrx_word' id='word_1_277' title='bbox 449 3375 476 3426; x_wconf 70' lang='lat' dir='ltr'>n</span> <span class='ocrx_word' id='word_1_278' title='bbox 493 3392 562 3496; x_wconf 69' lang='lat' dir='ltr'>tlt</span> <span class='ocrx_word' id='word_1_279' title='bbox 583 3384 838 3524; x_wconf 53' lang='lat' dir='ltr'>tractat:</span> <span class='ocrx_word' id='word_1_280' title='bbox 871 3379 1475 3527; x_wconf 55' lang='lat' dir='ltr'>P‘tttttnttttbttttwtttttt</span> 
     </span>
     <span class='ocr_line' id='line_1_32' title="bbox 235 3512 1477 3658; baseline 0.006 -29"><span class='ocrx_word' id='word_1_281' title='bbox 235 3512 788 3658; x_wconf 50' lang='lat' dir='ltr'>{ffinalili‘mf&#39;lldffl</span> <span class='ocrx_word' id='word_1_282' title='bbox 799 3515 838 3634; x_wconf 73' lang='lat' dir='ltr'>ll</span> <span class='ocrx_word' id='word_1_283' title='bbox 872 3513 1477 3638; x_wconf 54' lang='lat' dir='ltr'>tttttbtlttttttgntttttt</span> 
     </span>
     <span class='ocr_line' id='line_1_33' title="bbox 236 3645 1475 3732; baseline 0.003 -33"><span class='ocrx_word' id='word_1_284' title='bbox 236 3647 312 3700; x_wconf 80' lang='lat' dir='ltr'>cendi</span> <span class='ocrx_word' id='word_1_285' title='bbox 330 3655 427 3699; x_wconf 83' lang='lat' dir='ltr'>ratrom</span> <span class='ocrx_word' id='word_1_286' title='bbox 445 3648 535 3700; x_wconf 81' lang='grc' dir='ltr'><strong><em>αἰτεῖν</em></strong></span> <span class='ocrx_word' id='word_1_287' title='bbox 545 3665 562 3700; x_wconf 81' lang='grc' dir='ltr'><em>τ</em></span> <span class='ocrx_word' id='word_1_288' title='bbox 567 3669 625 3728; x_wconf 46' lang='grc' dir='ltr'>ἕνα</span> <span class='ocrx_word' id='word_1_289' title='bbox 642 3645 718 3729; x_wconf 71' lang='lat' dir='ltr'>ddwp</span> <span class='ocrx_word' id='word_1_290' title='bbox 729 3656 776 3702; x_wconf 78' lang='grc' dir='ltr'>καὶ</span> <span class='ocrx_word' id='word_1_291' title='bbox 784 3657 838 3730; x_wconf 65' lang='grc' dir='ltr'>γῆν</span> <span class='ocrx_word' id='word_1_292' title='bbox 872 3653 1004 3732; x_wconf 64' lang='lat' dir='ltr'>divinique</span> <span class='ocrx_word' id='word_1_293' title='bbox 1022 3652 1098 3704; x_wconf 82' lang='lat' dir='ltr'>iuris.</span> <span class='ocrx_word' id='word_1_294' title='bbox 1129 3650 1229 3705; x_wconf 85' lang='lat' dir='ltr'>Merito</span> <span class='ocrx_word' id='word_1_295' title='bbox 1246 3651 1316 3732; x_wconf 74' lang='lat' dir='ltr'>enim</span> <span class='ocrx_word' id='word_1_296' title='bbox 1335 3650 1371 3704; x_wconf 89' lang='lat' dir='ltr'>dii</span> <span class='ocrx_word' id='word_1_297' title='bbox 1388 3650 1475 3704; x_wconf 91' lang='lat' dir='ltr'>homi-</span> 
     </span>
     <span class='ocr_line' id='line_1_34' title="bbox 237 3714 1476 3784; baseline 0.006 -20"><span class='ocrx_word' id='word_1_298' title='bbox 237 3714 292 3782; x_wconf 90' lang='lat' dir='ltr'>(ex.</span> <span class='ocrx_word' id='word_1_299' title='bbox 315 3731 354 3783; x_wconf 87' lang='lat' dir='ltr'>gr.</span> <span class='ocrx_word' id='word_1_300' title='bbox 383 3715 454 3767; x_wconf 86' lang='lat' dir='ltr'>aud</span> <span class='ocrx_word' id='word_1_301' title='bbox 480 3716 636 3770; x_wconf 76' lang='lat' dir='ltr'>Aeschinem</span> <span class='ocrx_word' id='word_1_302' title='bbox 663 3735 692 3770; x_wconf 89' lang='lat' dir='ltr'>m</span> <span class='ocrx_word' id='word_1_303' title='bbox 718 3717 792 3772; x_wconf 79' lang='lat' dir='ltr'>Ctesi</span> <span class='ocrx_word' id='word_1_304' title='bbox 811 3719 837 3770; x_wconf 93' lang='lat' dir='ltr'>h.</span> <span class='ocrx_word' id='word_1_305' title='bbox 871 3721 948 3773; x_wconf 88' lang='lat' dir='ltr'>mbus</span> <span class='ocrx_word' id='word_1_306' title='bbox 970 3719 1139 3784; x_wconf 88' lang='lat' dir='ltr'>antecedunt,</span> <span class='ocrx_word' id='word_1_307' title='bbox 1163 3735 1212 3772; x_wconf 90' lang='lat' dir='ltr'>neo</span> <span class='ocrx_word' id='word_1_308' title='bbox 1229 3721 1307 3773; x_wconf 83' lang='lat' dir='ltr'>ahter</span> <span class='ocrx_word' id='word_1_309' title='bbox 1324 3719 1412 3774; x_wconf 88' lang='lat' dir='ltr'>solent</span> <span class='ocrx_word' id='word_1_310' title='bbox 1427 3735 1476 3773; x_wconf 82' lang='lat' dir='ltr'>ve-</span> 
     </span>
     <span class='ocr_line' id='line_1_35' title="bbox 237 3737 1236 3856; baseline 0.007 -22"><span class='ocrx_word' id='word_1_311' title='bbox 237 3785 328 3849; x_wconf 78' lang='lat'>§.132</span> <span class='ocrx_word' id='word_1_312' title='bbox 354 3782 395 3836; x_wconf 85' lang='lat' dir='ltr'>Ba</span> <span class='ocrx_word' id='word_1_313' title='bbox 447 3788 458 3850; x_wconf 84' lang='lat'><em>)</em></span> <span class='ocrx_word' id='word_1_314' title='bbox 484 3785 632 3854; x_wconf 82' lang='lat' dir='ltr'>respondet.</span> <span class='ocrx_word' id='word_1_315' title='bbox 668 3785 731 3839; x_wconf 82' lang='lat' dir='ltr'>Siue</span> <span class='ocrx_word' id='word_1_316' title='bbox 757 3737 838 3840; x_wconf 75' lang='lat' dir='ltr'>dubio</span> <span class='ocrx_word' id='word_1_317' title='bbox 871 3795 942 3840; x_wconf 89' lang='lat' dir='ltr'>teres</span> <span class='ocrx_word' id='word_1_318' title='bbox 959 3785 1098 3856; x_wconf 83' lang='lat' dir='ltr'>scriptores</span> <span class='ocrx_word' id='word_1_319' title='bbox 1115 3785 1236 3840; x_wconf 82' lang='lat' dir='ltr'>Romani.</span> 
     </span>
     <span class='ocr_line' id='line_1_36' title="bbox 237 3852 1474 3934; baseline 0.006 -33"><span class='ocrx_word' id='word_1_320' title='bbox 237 3857 326 3928; x_wconf 72' lang='lat' dir='ltr'>autem</span> <span class='ocrx_word' id='word_1_321' title='bbox 356 3852 518 3920; x_wconf 80' lang='lat' dir='ltr'>poscentium</span> <span class='ocrx_word' id='word_1_322' title='bbox 552 3853 746 3908; x_wconf 89' lang='lat' dir='ltr'>restituendum</span> <span class='ocrx_word' id='word_1_323' title='bbox 780 3864 837 3921; x_wconf 85' lang='lat' dir='ltr'>est,</span> <span class='ocrx_word' id='word_1_324' title='bbox 906 3857 928 3934; x_wconf 66' lang='grc' dir='ltr'>ς.</span> <span class='ocrx_word' id='word_1_325' title='bbox 949 3861 988 3908; x_wconf 86' lang='grc'>10.</span> <span class='ocrx_word' id='word_1_326' title='bbox 1006 3857 1143 3924; x_wconf 83' lang='lat' dir='ltr'>nudusque</span> <span class='ocrx_word' id='word_1_327' title='bbox 1161 3858 1251 3925; x_wconf 69' lang='lat' dir='ltr'>eadm]</span> <span class='ocrx_word' id='word_1_328' title='bbox 1279 3855 1324 3910; x_wconf 88' lang='lat' dir='ltr'>Sic</span> <span class='ocrx_word' id='word_1_329' title='bbox 1341 3853 1474 3910; x_wconf 59' lang='lat' dir='ltr'>Florae</span> 
     </span>
     <span class='ocr_line' id='line_1_37' title="bbox 238 3917 1476 3994; baseline 0.006 -26"><span class='ocrx_word' id='word_1_330' title='bbox 238 3917 495 3988; x_wconf 86' lang='lat' dir='ltr'>qurppeinsolentiae</span> <span class='ocrx_word' id='word_1_331' title='bbox 503 3921 585 3990; x_wconf 79' lang='lat' dir='ltr'>magis</span> <span class='ocrx_word' id='word_1_332' title='bbox 594 3921 838 3994; x_wconf 78' lang='lat' dir='ltr'>conveniensquam</span> <span class='ocrx_word' id='word_1_333' title='bbox 870 3921 944 3976; x_wconf 88' lang='lat' dir='ltr'>Lerd.</span> <span class='ocrx_word' id='word_1_334' title='bbox 962 3923 1063 3976; x_wconf 89' lang='lat' dir='ltr'>Voss.1</span> <span class='ocrx_word' id='word_1_335' title='bbox 1083 3923 1146 3977; x_wconf 86' lang='lat' dir='ltr'>edit.</span> <span class='ocrx_word' id='word_1_336' title='bbox 1164 3923 1303 3990; x_wconf 77' lang='lat' dir='ltr'>Modians3</span> <span class='ocrx_word' id='word_1_337' title='bbox 1321 3941 1393 3991; x_wconf 78' lang='lat' dir='ltr'>rere,</span> <span class='ocrx_word' id='word_1_338' title='bbox 1412 3941 1476 3976; x_wconf 84' lang='lat' dir='ltr'>nam</span> 
     </span>
     <span class='ocr_line' id='line_1_38' title="bbox 232 3988 1476 4061; baseline 0.005 -24"><span class='ocrx_word' id='word_1_339' title='bbox 232 3989 441 4054; x_wconf 79' lang='lat' dir='ltr'>postulantium,</span> <span class='ocrx_word' id='word_1_340' title='bbox 468 3988 540 4057; x_wconf 88' lang='lat' dir='ltr'>quod</span> <span class='ocrx_word' id='word_1_341' title='bbox 562 3989 642 4059; x_wconf 83' lang='lat' dir='ltr'>vulgo</span> <span class='ocrx_word' id='word_1_342' title='bbox 660 3991 748 4044; x_wconf 88' lang='lat' dir='ltr'>editur</span> <span class='ocrx_word' id='word_1_343' title='bbox 764 3999 837 4061; x_wconf 88' lang='lat' dir='ltr'>post·</span> <span class='ocrx_word' id='word_1_344' title='bbox 871 3990 1027 4044; x_wconf 82' lang='lat' dir='ltr'>vocabulum</span> <span class='ocrx_word' id='word_1_345' title='bbox 1044 3992 1095 4045; x_wconf 86' lang='lat' dir='ltr'>boc</span> <span class='ocrx_word' id='word_1_346' title='bbox 1111 4008 1165 4044; x_wconf 93' lang='lat' dir='ltr'>non</span> <span class='ocrx_word' id='word_1_347' title='bbox 1182 3993 1263 4045; x_wconf 89' lang='lat' dir='ltr'>semel</span> <span class='ocrx_word' id='word_1_348' title='bbox 1280 3991 1382 4046; x_wconf 84' lang='lat' dir='ltr'>aLivio</span> <span class='ocrx_word' id='word_1_349' title='bbox 1400 3992 1476 4044; x_wconf 84' lang='lat' dir='ltr'>femi·</span> 
     </span>
     <span class='ocr_line' id='line_1_39' title="bbox 237 4053 1476 4138; baseline 0.006 -34"><span class='ocrx_word' id='word_1_350' title='bbox 237 4069 316 4124; x_wconf 81' lang='lat' dir='ltr'>qusm</span> <span class='ocrx_word' id='word_1_351' title='bbox 325 4053 410 4108; x_wconf 82' lang='lat' dir='ltr'>Aldus</span> <span class='ocrx_word' id='word_1_352' title='bbox 428 4054 465 4108; x_wconf 88' lang='lat' dir='ltr'>sic</span> <span class='ocrx_word' id='word_1_353' title='bbox 481 4055 545 4108; x_wconf 88' lang='lat' dir='ltr'>edit.</span> <span class='ocrx_word' id='word_1_354' title='bbox 562 4074 602 4126; x_wconf 91' lang='lat' dir='ltr'>pr.</span> <span class='ocrx_word' id='word_1_355' title='bbox 621 4057 776 4128; x_wconf 86' lang='lat' dir='ltr'>scripturam</span> <span class='ocrx_word' id='word_1_356' title='bbox 785 4077 837 4138; x_wconf 75' lang='lat' dir='ltr'>po-</span> <span class='ocrx_word' id='word_1_357' title='bbox 871 4058 933 4112; x_wconf 89' lang='lat' dir='ltr'>nino</span> <span class='ocrx_word' id='word_1_358' title='bbox 960 4075 1057 4129; x_wconf 83' lang='lat' dir='ltr'>genere</span> <span class='ocrx_word' id='word_1_359' title='bbox 1083 4059 1145 4130; x_wconf 90' lang='lat' dir='ltr'>poni</span> <span class='ocrx_word' id='word_1_360' title='bbox 1171 4059 1261 4114; x_wconf 87' lang='lat' dir='ltr'>docuit</span> <span class='ocrx_word' id='word_1_361' title='bbox 1283 4060 1421 4113; x_wconf 85' lang='lat' dir='ltr'>Drakenb.</span> <span class='ocrx_word' id='word_1_362' title='bbox 1440 4059 1476 4112; x_wconf 82' lang='lat' dir='ltr'>ad</span> 
     </span>
     <span class='ocr_line' id='line_1_40' title="bbox 231 4123 1477 4205; baseline 0.006 -32"><span class='ocrx_word' id='word_1_363' title='bbox 231 4123 383 4203; x_wconf 79' lang='lat' dir='ltr'>palantium</span> <span class='ocrx_word' id='word_1_364' title='bbox 417 4123 538 4202; x_wconf 56' lang='lat' dir='ltr'>porrexit:</span> <span class='ocrx_word' id='word_1_365' title='bbox 581 4126 672 4195; x_wconf 84' lang='lat' dir='ltr'>Atque</span> <span class='ocrx_word' id='word_1_366' title='bbox 706 4127 838 4205; x_wconf 72' lang='lat' dir='ltr'>invenitur</span> <span class='ocrx_word' id='word_1_367' title='bbox 871 4141 943 4191; x_wconf 79' lang='lat' dir='ltr'>mr,</span> <span class='ocrx_word' id='word_1_368' title='bbox 963 4134 995 4180; x_wconf 88' lang='grc'>14</span> <span class='ocrx_word' id='word_1_369' title='bbox 1012 4126 1095 4194; x_wconf 78' lang='lat' dir='ltr'>med,</span> <span class='ocrx_word' id='word_1_370' title='bbox 1114 4133 1142 4179; x_wconf 87' lang='lat' dir='ltr'>et</span> <span class='ocrx_word' id='word_1_371' title='bbox 1159 4129 1230 4198; x_wconf 87' lang='lat' dir='ltr'>apud</span> <span class='ocrx_word' id='word_1_372' title='bbox 1248 4127 1371 4182; x_wconf 82' lang='lat' dir='ltr'>Curtium</span> <span class='ocrx_word' id='word_1_373' title='bbox 1388 4127 1477 4198; x_wconf 86' lang='lat' dir='ltr'>ipsum</span> 
     </span>
     <span class='ocr_line' id='line_1_41' title="bbox 232 4192 1476 4314; baseline 0.006 -74"><span class='ocrx_word' id='word_1_374' title='bbox 232 4201 395 4258; x_wconf 74' lang='lat' dir='ltr'>poscentium</span> <span class='ocrx_word' id='word_1_375' title='bbox 417 4207 444 4243; x_wconf 85' lang='lat' dir='ltr'>rn</span> <span class='ocrx_word' id='word_1_376' title='bbox 467 4192 586 4272; x_wconf 77' lang='lat' dir='ltr'>omnibus</span> <span class='ocrx_word' id='word_1_377' title='bbox 608 4211 668 4246; x_wconf 86' lang='lat' dir='ltr'>mss.</span> <span class='ocrx_word' id='word_1_378' title='bbox 686 4193 736 4246; x_wconf 88' lang='lat' dir='ltr'>rusi</span> <span class='ocrx_word' id='word_1_379' title='bbox 753 4212 774 4248; x_wconf 77' lang='grc' dir='ltr'>ει</span> <span class='ocrx_word' id='word_1_380' title='bbox 792 4194 838 4314; x_wconf 71' lang='lat' dir='ltr'>qui</span> <span class='ocrx_word' id='word_1_381' title='bbox 871 4197 964 4249; x_wconf 88' lang='lat' dir='ltr'>eodem</span> <span class='ocrx_word' id='word_1_382' title='bbox 987 4196 1066 4249; x_wconf 92' lang='lat' dir='ltr'>modo</span> <span class='ocrx_word' id='word_1_383' title='bbox 1092 4194 1190 4265; x_wconf 83' lang='lat' dir='ltr'>legitur</span> <span class='ocrx_word' id='word_1_384' title='bbox 1213 4211 1253 4265; x_wconf 84' lang='lat' dir='ltr'>rv,</span> <span class='ocrx_word' id='word_1_385' title='bbox 1273 4203 1306 4250; x_wconf 74' lang='lat'>55</span> <span class='ocrx_word' id='word_1_386' title='bbox 1329 4204 1358 4249; x_wconf 86' lang='lat' dir='ltr'>et</span> <span class='ocrx_word' id='word_1_387' title='bbox 1381 4210 1411 4262; x_wconf 90' lang='lat' dir='ltr'>v,</span> <span class='ocrx_word' id='word_1_388' title='bbox 1433 4203 1476 4263; x_wconf 86' lang='grc'>14,</span> 
     </span>
     <span class='ocr_line' id='line_1_42' title="bbox 232 4260 1093 4328; baseline 0.009 -20"><span class='ocrx_word' id='word_1_389' title='bbox 232 4269 379 4326; x_wconf 79' lang='lat' dir='ltr'>poscentes,</span> <span class='ocrx_word' id='word_1_390' title='bbox 399 4260 470 4328; x_wconf 92' lang='lat' dir='ltr'>quod</span> <span class='ocrx_word' id='word_1_391' title='bbox 488 4260 539 4311; x_wconf 81' lang='lat' dir='ltr'>adr</span> <span class='ocrx_word' id='word_1_392' title='bbox 559 4277 603 4314; x_wconf 80' lang='lat' dir='ltr'>soe</span> <span class='ocrx_word' id='word_1_393' title='bbox 620 4263 772 4328; x_wconf 77' lang='lat' dir='ltr'>referretur,</span> <span class='ocrx_word' id='word_1_394' title='bbox 810 4279 837 4314; x_wconf 88' lang='lat' dir='ltr'>e·</span> <span class='ocrx_word' id='word_1_395' title='bbox 870 4264 916 4318; x_wconf 92' lang='lat' dir='ltr'>ubi</span> <span class='ocrx_word' id='word_1_396' title='bbox 933 4263 992 4316; x_wconf 86' lang='lat' dir='ltr'>vide</span> <span class='ocrx_word' id='word_1_397' title='bbox 1011 4273 1093 4317; x_wconf 83' lang='lat' dir='ltr'>notas.</span> 
     </span>
     <span class='ocr_line' id='line_1_43' title="bbox 237 4278 1480 4410; baseline 0.008 -34"><span class='ocrx_word' id='word_1_398' title='bbox 237 4325 342 4392; x_wconf 86' lang='lat' dir='ltr'>derunt,</span> <span class='ocrx_word' id='word_1_399' title='bbox 360 4325 432 4406; x_wconf 61' lang='lat' dir='ltr'>Flor.</span> <span class='ocrx_word' id='word_1_400' title='bbox 450 4278 558 4380; x_wconf 44' lang='lat' dir='ltr'>REGI?</span> <span class='ocrx_word' id='word_1_401' title='bbox 638 4397 664 4408; x_wconf 88' lang='lat'>..</span> <span class='ocrx_word' id='word_1_402' title='bbox 907 4333 1004 4386; x_wconf 80' lang='lat' dir='ltr'>ditibus</span> <span class='ocrx_word' id='word_1_403' title='bbox 1022 4333 1166 4410; x_wconf 75' lang='lat' dir='ltr'>Persqrum</span> <span class='ocrx_word' id='word_1_404' title='bbox 1184 4335 1295 4402; x_wconf 79' lang='lat' dir='ltr'>rumpis]</span> <span class='ocrx_word' id='word_1_405' title='bbox 1332 4330 1408 4386; x_wconf 85' lang='lat' dir='ltr'>Solet</span> <span class='ocrx_word' id='word_1_406' title='bbox 1424 4331 1480 4386; x_wconf 70' lang='lat' dir='ltr'>hnc</span> 
     </span>
     <span class='ocr_line' id='line_1_44' title="bbox 272 4395 1480 4474; baseline 0.004 -27"><span class='ocrx_word' id='word_1_407' title='bbox 272 4395 295 4460; x_wconf 61' lang='grc' dir='ltr'>ᾖ.</span> <span class='ocrx_word' id='word_1_408' title='bbox 315 4401 338 4448; x_wconf 88' lang='grc'>9.</span> <span class='ocrx_word' id='word_1_409' title='bbox 382 4397 555 4474; x_wconf 73' lang='lat' dir='ltr'>retorquerent</span> <span class='ocrx_word' id='word_1_410' title='bbox 581 4398 685 4474; x_wconf 70' lang='lat' dir='ltr'>dedens.</span> <span class='ocrx_word' id='word_1_411' title='bbox 731 4399 772 4450; x_wconf 78' lang='lat' dir='ltr'>Ab</span> <span class='ocrx_word' id='word_1_412' title='bbox 796 4401 837 4452; x_wconf 83' lang='lat' dir='ltr'>lu&#39;e</span> <span class='ocrx_word' id='word_1_413' title='bbox 873 4399 1052 4454; x_wconf 83' lang='lat' dir='ltr'>contractione</span> <span class='ocrx_word' id='word_1_414' title='bbox 1070 4407 1109 4452; x_wconf 89' lang='lat' dir='ltr'>utr</span> <span class='ocrx_word' id='word_1_415' title='bbox 1124 4399 1233 4454; x_wconf 85' lang='lat' dir='ltr'>Curtius</span> <span class='ocrx_word' id='word_1_416' title='bbox 1250 4401 1278 4452; x_wconf 90' lang='lat' dir='ltr'>in</span> <span class='ocrx_word' id='word_1_417' title='bbox 1295 4417 1373 4453; x_wconf 87' lang='lat' dir='ltr'>sensu</span> <span class='ocrx_word' id='word_1_418' title='bbox 1390 4407 1480 4452; x_wconf 82' lang='lat' dir='ltr'>metu-</span> 
     </span>
     <span class='ocr_line' id='line_1_45' title="bbox 238 4461 1481 4538; baseline 0.006 -24"><span class='ocrx_word' id='word_1_419' title='bbox 238 4463 332 4530; x_wconf 85' lang='lat' dir='ltr'>templo</span> <span class='ocrx_word' id='word_1_420' title='bbox 350 4493 383 4502; x_wconf 87' lang='lat'>-</span> <span class='ocrx_word' id='word_1_421' title='bbox 402 4464 496 4529; x_wconf 82' lang='lat' dir='ltr'>deletu]</span> <span class='ocrx_word' id='word_1_422' title='bbox 528 4461 572 4518; x_wconf 76' lang='lat' dir='ltr'>Sic</span> <span class='ocrx_word' id='word_1_423' title='bbox 590 4464 707 4518; x_wconf 77' lang='lat' dir='ltr'>dedimus</span> <span class='ocrx_word' id='word_1_424' title='bbox 725 4466 759 4518; x_wconf 89' lang='lat' dir='ltr'>de</span> <span class='ocrx_word' id='word_1_425' title='bbox 776 4484 837 4520; x_wconf 86' lang='lat' dir='ltr'>con-</span> <span class='ocrx_word' id='word_1_426' title='bbox 873 4468 986 4538; x_wconf 88' lang='lat' dir='ltr'>phorico.</span> <span class='ocrx_word' id='word_1_427' title='bbox 1005 4465 1050 4520; x_wconf 81' lang='lat' dir='ltr'>ste</span> <span class='ocrx_word' id='word_1_428' title='bbox 1063 4474 1127 4521; x_wconf 83' lang='lat' dir='ltr'>c28</span> <span class='ocrx_word' id='word_1_429' title='bbox 1146 4479 1235 4522; x_wconf 80' lang='lat' dir='ltr'>rostra</span> <span class='ocrx_word' id='word_1_430' title='bbox 1254 4470 1325 4536; x_wconf 83' lang='lat' dir='ltr'>ornnr&#39;</span> <span class='ocrx_word' id='word_1_431' title='bbox 1342 4470 1481 4538; x_wconf 62' lang='lat' dir='ltr'>opulentia</span> 
     </span>
    </p>
   </div>
   <div class='ocr_carea' id='block_1_4' title="bbox 0 0 1619 5288">
    <p class='ocr_par' dir='ltr' id='par_1_5' title="bbox 0 0 1619 5288">
     <span class='ocr_line' id='line_1_46' title="bbox 0 0 1619 5288; baseline 0 0"><span class='ocrx_word' id='word_1_432' title='bbox 0 0 1619 5288; x_wconf 95' lang='lat' dir='ltr'> </span> 
     </span>
    </p>
   </div>
  </div>
 </body>
</html>
