3268 5286
238 343 313 416 264
582 407 583 412 .
723 365 757 428 o.
781 365 905 418 curru
928 365 1013 417 eurr

238 547 355 622 diceas
382 558 419 622 et
443 547 658 624 Leonnatus.
711 547 782 622 Per
806 549 873 624 hos
899 551 1135 648 imperatum,
1148 561 1189 625 ut
1214 552 1275 650 qui
1300 550 1348 624 ad
1374 575 1476 648 prae·

237 660 369 734 torium
395 660 637 752 excubabant,
669 663 797 734 armati
827 662 1026 761 vigilarent.
1078 661 1154 736 Iam
1179 662 1226 736 ad
1252 687 1375 738 omnes
1402 660 1475 736 edi-
1498 681 1531 730 18

238 781 296 844 tus
332 770 493 870 dispositi
526 782 629 846 erant
663 773 818 869 equites,
854 773 981 846 itinera
1012 797 1153 870 quoque
1188 767 1353 848 obsidere
1378 773 1475 862 iussi,

238 883 388 981 nequis
424 885 471 956 ad
497 882 786 975 Parmenionem,
819 885 879 982 qui
912 893 990 956 turn
1015 881 1153 958 Mediae
1182 885 1392 984 magnisque
1418 908 1475 956 co·

237 995 304 1093 piis
331 1005 505 1092 praeerat,
532 995 692 1068 occultus
719 993 898 1070 evaderet.
937 993 1124 1068 Atharrias
1151 1005 1272 1068 autern
1297 1021 1379 1070 cum
1405 1005 1529 1069 tre-19
1621 1081 1622 1084 Ἴ

240 1105 351 1178 centis
378 1105 522 1180 armatis
548 1106 747 1180 intraverat
770 1107 920 1204 regiam:
947 1105 1029 1178 huic
1056 1104 1178 1178 decem
1205 1093 1376 1182 satellites
1402 1117 1474 1180 tra·
1621 1109 1622 1134 ³

240 1215 389 1306 duntur,
425 1240 577 1313 quorum
608 1217 766 1314 singulos
803 1217 885 1292 deni
922 1217 1087 1314 armigeri
1123 1218 1373 1315 sequebantur.
1426 1216 1475 1290 lli
1494 1236 1532 1288 so

240 1326 287 1399 ad
313 1328 400 1400 alios
427 1327 629 1401 coniuratos
643 1326 995 1426 comprehendendos
1013 1326 1192 1401 distributi
1217 1339 1318 1402 sunt:
1343 1327 1477 1402 Athar·
1621 1315 1622 1320 ἵ

241 1438 330 1528 rias,
370 1463 451 1510 cum
491 1439 659 1512 trecentis
695 1438 742 1511 od
767 1437 946 1514 Philotam
976 1439 1116 1529 missus,
1147 1440 1307 1513 clausurn
1338 1439 1478 1514 aditum

242 1548 369 1622 domus
416 1549 645 1641 moliebatur,
692 1551 948 1648 quinquaginta
990 1550 1160 1624 iuvenum
1203 1551 1478 1649 promptissimis

241 1661 393 1758 stipatus
400 1687 409 1751 ;
441 1685 526 1734 nam
552 1672 689 1737 ceteros
716 1663 856 1760 cingere
882 1660 1039 1759 undique
1065 1661 1210 1735 domum
1235 1663 1405 1752 iusserat,
1430 1686 1478 1735 ne

241 1773 381 1846 occulto
416 1771 517 1846 aditu
542 1771 703 1848 Philotas
734 1783 857 1872 posset
888 1773 990 1848 elabi.
1042 1771 1155 1864 Illum,
1183 1772 1259 1847 sive
1284 1773 1530 1848 securitatem

241 1883 359 1975 animi,
373 1884 449 1958 sive
461 1884 670 1984 fatigatione
694 1887 902 1977 resolutum,
923 1909 1069 1958 somnus
1096 1895 1342 1983 oppresseret3
1369 1907 1479 1981 quem

241 1994 429 2070 Atharrias
464 2007 667 2094 torpentem
708 1995 825 2068 adhuc
860 2006 1020 2094 occupat
1085 1994 1246 2070 Tandem
1280 1995 1313 2068 ei
1347 2019 1479 2092 sopore
1499 2013 1534 2061 ae

243 2106 403 2180 discusso
435 2133 516 2180 cum
550 2107 777 2180 iniicerentur
812 2117 974 2197 catenae,
1009 2105 1115 2195 Vicit,
1140 2106 1271 2202 inquit,
1305 2106 1481 2180 bonitatem

245 2230 346 2310 tuam,
370 2245 439 2311 rec,
453 2218 663 2294 inimicorum
688 2243 836 2292 amoram
861 2219 1028 2294 mosbitas.
1067 2216 1142 2292 Nec
1167 2219 1271 2316 plura
1295 2217 1480 2291 elocutum

246 2328 361 2425 capite
388 2329 507 2402 velato
532 2329 570 2402 in
594 2330 730 2426 regiam
755 2327 947 2403 adducunt.

208 2496 211 2502 '
245 2493 337 2548 summi
350 2493 570 2573 praesectiuqussi
581 2494 728 2574 praetorio,
746 2501 847 2564 septam
878 2494 1074 2548 tirissetitinera
1084 2497 1195 2566 quoque)
1212 2493 1369 2574 inconcinne
1385 2493 1484 2548 omisso

245 2578 368 2629 numero,
395 2561 540 2682 dequibus
562 2563 623 2614 vide
643 2565 785 2616 Amanum
805 2577 845 2630 vr,
880 2563 962 2616 verbo
979 2573 1054 2616 erant
1069 2572 1098 2617 et
1115 2564 1217 2617 invecto
1233 2580 1302 2618 novo
1323 2571 1395 2618 mter
1412 2564 1484 2616 mili·

245 2636 286 2685 28.
321 2631 365 2684 Ab
385 2629 426 2683 his
467 2628 545 2683 iversi
568 2630 613 2699 qui
636 2631 778 2683 amicorum
800 2648 847 2684 no-
881 2641 918 2684 tes
936 2641 965 2684 et
983 2633 1078 2702 equites
1097 2630 1251 2685 discrimine.

239 2691 315 2752 *mine
332 2697 508 2768 appellantur,
526 2705 588 2751 sunt
605 2697 701 2769 reliqui
714 2698 846 2769 copiarum
915 2705 938 2766 §-
949 2706 989 2752 19.
1007 2700 1066 2752 laic
1084 2702 1168 2753 decem
1185 2701 1310 2752 satellites
1328 2699 1390 2769 oet]
1410 2697 1485 2751 Dum

246 2768 324 2820 duces
343 2768 386 2838 qui
409 2785 462 2821 non
487 2775 563 2821 eraut
584 2767 699 2838 corporis
717 2768 847 2834 custodes,
881 2767 985 2837 singule
1001 2767 1125 2821 describit
1137 2766 1245 2822 Curtius
1262 2785 1314 2821 non
1331 2766 1428 2821 mirum
1442 2777 1486 2820 est

246 2837 372 2890 Craterus
395 2845 423 2888 et
446 2834 550 2890 Coenus
576 2835 684 2905 singulis
701 2834 848 2906 legionibus
881 2835 979 2889 eumin
990 2833 1098 2890 Graecis
1115 2834 1260 2889 nominibus
1276 2834 1485 2906 interpretandis

247 2903 369 2973 (τάξεσι)
386 2903 506 2975 peditum
522 2903 764 2969 Macedonicorum,
787 2911 847 2957 τῶν
881 2903 985 2974 lapsum
1001 2919 1064 2958 esse.
1082 2903 1141 2958 Nec
1148 2904 1237 2958 decem
1246 2901 1373 2958 satellites
1381 2904 1485 2957 Ather-

247 2975 430 3046 πεζεταίρων,
449 2972 572 3043 praefecti
590 2973 663 3042 (vide
680 2987 719 3040 rv,
738 2979 771 3026 50
789 2991 848 3026 mm
881 2972 937 3026 riae
958 2973 1004 3038 (de
1021 2970 1150 3043 scripture
1166 2970 1277 3026 nominis
1303 2971 1335 3026 cf.
1353 2989 1436 3042 supr-e
1453 2986 1484 3051 v,

247 3040 345 3108 notis];
377 3040 428 3116 Eri
462 3039 501 3095 ‘us
526 3041 659 3122 equitibus
682 3039 848 3094 mercenariis
883 3044 912 3109 7)
930 3057 993 3095 vere
1009 3048 1119 3111 possunt
1135 3055 1191 3093 esse
1208 3038 1308 3105 traditi,
1326 3038 1426 3118 quippe
1438 3057 1486 3119 qur

247 3118 377 3230 lmaeffl'
396 3178 413 3230 s
430 3110 550 3231 Ψ
550 3128 576 3163 ¹⁰
598 3127 677 3230 qutun
700 3110 848 3230 mil
881 3108 985 3231 Ἢ
1001 3107 1486 3230 Ἢὲἔέἒὲἓῗῑὲίἒῗᾋῗὲἒί

247 3195 304 3232 rem
335 3196 379 3230 um
415 3195 467 3230 su
507 3197 542 3231 rr
581 3195 672 3230 oraur
743 3196 769 3231 vr
816 3196 849 3231 ur
881 3195 912 3231 ra
980 3195 1036 3231 com

248 3244 349 3298 nullum
378 3253 479 3298 certum
509 3195 595 3299 lachin
620 3217 741 3298 habbisse
766 3245 794 3298 in
819 3262 849 3298 re
882 3245 978 3316 ltaque
995 3195 1160 3298 illeptantum
1180 3261 1307 3296 summam
1330 3242 1370 3296 rei
1393 3260 1487 3296 curem

248 3311 356 3364 militari
383 3312 504 3383 quidem,
536 3313 659 3382 quoniam
689 3311 754 3366 nihil
779 3312 851 3366 eliud
885 3313 988 3366 videtur
1013 3312 1133 3366 habuisse
1158 3311 1300 3381 ceterisque
1332 3310 1487 3381 praefuisse.

249 3378 299 3431 nisi
315 3378 413 3432 amicus
470 3379 660 3451 issppellatur:
677 3379 850 3447 moxhahuit,
885 3381 982 3460 Neque
1003 3380 1067 3452 quid
1092 3379 1196 3434 intersit
1220 3378 1288 3432 inter
1312 3378 1440 3432 satellites
1459 3387 1488 3432 et

249 3454 278 3524 et
299 3395 509 3532 esperod-illisce
530 3456 563 3566 pt
587 3447 706 3534 eqqitum
727 3447 853 3502 Macedo·
886 3465 1027 3571 Ἥρωος
1059 3449 1091 3528 in
1117 3454 1239 3569 prgpquu
1257 3454 1315 3566 est.l
1330 3446 1488 3567 tAppellare

249 3518 853 3662 ffit‘z’tttttrtttthttt
886 3530 1488 3664 brdsl⁶didli.m..li‚⁵⁰qis⁰2⁰dsl.l

249 3657 395 3704 institutus.
886 3654 921 3707 ad
937 3661 1100 3723 praetorium
1121 3651 1262 3709 excubasse
1278 3649 1488 3706 venundasse.

284 3721 321 3772 ad
331 3721 506 3791 praetorium]
543 3718 627 3774 Codd.
645 3717 730 3774 nostri
746 3728 853 3790 praeter
886 3721 939 3775 Sed
961 3721 982 3774 si
1002 3721 1066 3790 quid
1086 3719 1268 3784 divinandum,
1294 3718 1420 3774 videntur
1440 3739 1488 3774 so-

249 3785 321 3840 Flor.
338 3786 366 3841 G
381 3787 508 3842 omittunt
529 3790 580 3856 ud,
607 3804 658 3841 nec
681 3787 852 3844 snakenbur-
885 3791 977 3844 tellites
994 3788 1074 3842 fuisse
1090 3788 1128 3842 llll
1144 3784 1284 3854 βασιλικοὶ
1300 3785 1487 3848 ὑπασπισταὶ,

250 3853 321 3924 giani
338 3856 436 3910 hebent
453 3856 502 3911 nisi
519 3857 589 3912 forte
606 3857 685 3912 Voss.
703 3865 715 3911 1
736 3857 782 3928 qni
798 3875 851 3912 non
886 3857 930 3928 qui
954 3859 987 3911 ab
1009 3856 1122 3910 Arriano
1147 3870 1180 3920 u,
1205 3862 1251 3920 lt,
1277 3863 1294 3907 4
1314 3854 1489 3926 appellantur

250 3932 476 3979 commemoratur.
518 3925 588 3980 Edd
618 3933 684 3980 vett
759 3943 793 3979 ue
818 3927 851 3980 sd
886 3943 965 3997 supra
981 3941 1074 3996 mama
1089 3929 1150 3976 τῶν
1166 3921 1359 3994 ὑπασπιστῶν,
1369 3931 1411 3989 ut,
1426 3941 1488 3978 cunr

251 3990 371 4070 Modiam
392 3995 467 4047 iusto
494 3993 693 4048 substituerunt.
711 3943 791 4048 wgod
816 3997 853 4050 od
886 4011 978 4064 agema
998 4010 1034 4046 ex
1058 3991 1158 4072 aliquot
1174 3988 1277 4044 milibus
1294 3990 1489 4072 armigprorum

251 4075 333 4129 magis
350 4075 385 4114 ex
401 4078 451 4114 usu
467 4061 607 4141 scriptoris.
886 4061 1055 4136 constiterit,
1070 4077 1154 4130 prims
1175 4059 1268 4113 cohors
1284 4060 1489 4140 probatissimo·-

285 4132 307 4194 ᾖ.
327 4133 367 4182 18.
402 4130 444 4182 dis
478 4131 523 4182 sita
541 4139 616 4182 eram
633 4131 738 4198 equites,
757 4133 852 4184 itinere
886 4149 944 4186 rum
961 4129 1072 4184 militum
1083 4125 1223 4194 βασιλικοὶ
1234 4124 1409 4180 ὑπασπισταὶ
1421 4128 1489 4182 droti

302 4212 350 4264 que
379 4195 424 4250 Sic
452 4195 501 4250 'bri
517 4196 592 4250 Leid.
609 4197 684 4252 Voss.
704 4205 716 4251 1
736 4197 852 4258 Bessan
886 4197 983 4252 fuerim
1000 4197 1054 4250 sire
1070 4212 1120 4276 pro
1138 4194 1176 4248 rie
1193 4195 1324 4248 satellites.

275 4263 322 4317 lor.
392 4263 451 4333 OG,
471 4263 553 4319 ceteri
571 4267 695 4334 dispositi
712 4276 787 4320 aunt
804 4269 851 4320 ms'-
919 4273 1002 4333 §.20.
1038 4265 1075 4317 Hs
1092 4281 1110 4316 o
1145 4264 1223 4329 elios]
1258 4261 1347 4331 Vulgo
1365 4264 1394 4315 ii.
1425 4263 1489 4333 Ego

251 4333 309 4384 lites
326 4334 436 4403 equites,
458 4333 528 4386 unde
544 4333 644 4388 tactum
660 4341 702 4388 est
719 4351 735 4388 a
751 4335 851 4404 Modio,
886 4351 1039 4390 consensum
1053 4330 1170 4385 codicum
1178 4347 1295 4384 meorum
1304 4337 1410 4384 secribus
1418 4348 1489 4386 sum.

253 4401 324 4471 quod
352 4399 433 4471 vulgo
466 4400 554 4455 editur
588 4404 710 4472 dispositi
746 4405 850 4472 milites,
920 4406 995 4472 §.22
1011 4401 1174 4454 inimicorum
1182 4399 1488 4468 meones-elocutum]

252 4471 349 4540 quites
366 4487 465 4541 petoque
482 4471 578 4525 itinero
596 4470 850 4540 (centumalus.
884 4473 1005 4528 Meorum
1023 4463 1294 4522 assumsisset}
1315 4464 1391 4520 Leid.
1408 4467 1492 4524 Voss.
