<?xml version="1.0" encoding="UTF-8"?>
<!DOCTYPE html PUBLIC "-//W3C//DTD XHTML 1.0 Transitional//EN"
    "http://www.w3.org/TR/xhtml1/DTD/xhtml1-transitional.dtd">
<html xmlns="http://www.w3.org/1999/xhtml" xml:lang="en" lang="en">
 <head>
  <title>
</title>
<meta http-equiv="Content-Type" content="text/html;charset=utf-8" />
  <meta name='ocr-system' content='tesseract 3.04.00' />
  <meta name='ocr-capabilities' content='ocr_page ocr_carea ocr_par ocr_line ocrx_word'/>
</head>
<body>
  <div class='ocr_page' id='page_1' title='image "./qcurtiirufidege00zumpgoog_0547.png"; bbox 0 0 3158 5294; ppageno 0'>
   <div class='ocr_carea' id='block_1_1' title="bbox 255 289 1022 369">
    <p class='ocr_par' dir='ltr' id='par_1_1' title="bbox 255 289 1022 369">
     <span class='ocr_line' id='line_1_1' title="bbox 255 289 1022 369; baseline -0.001 -8"><span class='ocrx_word' id='word_1_1' title='bbox 255 289 327 362; x_wconf 84' lang='grc'>518</span> <span class='ocrx_word' id='word_1_2' title='bbox 724 307 758 369; x_wconf 83' lang='lat' dir='ltr'>o.</span> <span class='ocrx_word' id='word_1_3' title='bbox 787 303 911 358; x_wconf 84' lang='lat' dir='ltr'>cnsrrr</span> <span class='ocrx_word' id='word_1_4' title='bbox 935 305 1022 360; x_wconf 79' lang='lat' dir='ltr'>surr</span> 
     </span>
    </p>
   </div>
   <div class='ocr_carea' id='block_1_2' title="bbox 198 492 1533 2484">
    <p class='ocr_par' dir='ltr' id='par_1_2' title="bbox 198 492 1533 2484">
     <span class='ocr_line' id='line_1_2' title="bbox 198 492 1532 596; baseline 0.001 -28"><span class='ocrx_word' id='word_1_5' title='bbox 198 496 245 568; x_wconf 82' lang='lat'>25</span> <span class='ocrx_word' id='word_1_6' title='bbox 349 493 401 569; x_wconf 89' lang='lat' dir='ltr'>At</span> <span class='ocrx_word' id='word_1_7' title='bbox 426 493 605 593; x_wconf 79' lang='lat' dir='ltr'>Meleager</span> <span class='ocrx_word' id='word_1_8' title='bbox 637 515 758 590; x_wconf 90' lang='lat' dir='ltr'>regem</span> <span class='ocrx_word' id='word_1_9' title='bbox 790 515 935 564; x_wconf 90' lang='lat' dir='ltr'>monere</span> <span class='ocrx_word' id='word_1_10' title='bbox 966 515 1040 566; x_wconf 91' lang='lat' dir='ltr'>non</span> <span class='ocrx_word' id='word_1_11' title='bbox 1075 492 1226 585; x_wconf 74' lang='lat' dir='ltr'><strong>destitit,</strong></span> <span class='ocrx_word' id='word_1_12' title='bbox 1260 495 1320 569; x_wconf 92' lang='lat' dir='ltr'>ius</span> <span class='ocrx_word' id='word_1_13' title='bbox 1354 497 1493 596; x_wconf 88' lang='lat' dir='ltr'>imperii</span> <span class='ocrx_word' id='word_1_14' title='bbox 1528 492 1532 550; x_wconf 72' lang='lat'>²⁷</span> 
     </span>
     <span class='ocr_line' id='line_1_3' title="bbox 247 555 1530 706; baseline 0.003 -28"><span class='ocrx_word' id='word_1_15' title='bbox 247 604 438 681; x_wconf 74' lang='lat' dir='ltr'>Perdiccae</span> <span class='ocrx_word' id='word_1_16' title='bbox 470 615 587 680; x_wconf 88' lang='lat' dir='ltr'>morte</span> <span class='ocrx_word' id='word_1_17' title='bbox 619 600 850 679; x_wconf 87' lang='lat' dir='ltr'>senciendum</span> <span class='ocrx_word' id='word_1_18' title='bbox 882 626 979 696; x_wconf 85' lang='lat' dir='ltr'>esse:</span> <span class='ocrx_word' id='word_1_19' title='bbox 1011 605 1049 676; x_wconf 93' lang='lat' dir='ltr'>ni</span> <span class='ocrx_word' id='word_1_20' title='bbox 1081 615 1277 702; x_wconf 82' lang='lat' dir='ltr'>occupetur</span> <span class='ocrx_word' id='word_1_21' title='bbox 1310 607 1495 706; x_wconf 76' lang='lat' dir='ltr'>impotens</span> <span class='ocrx_word' id='word_1_22' title='bbox 1528 555 1530 686; x_wconf 88' lang='lat' dir='ltr'>l</span> 
     </span>
     <span class='ocr_line' id='line_1_4' title="bbox 247 713 1494 818; baseline 0.002 -29"><span class='ocrx_word' id='word_1_23' title='bbox 247 717 403 808; x_wconf 88' lang='lat' dir='ltr'>animus,</span> <span class='ocrx_word' id='word_1_24' title='bbox 429 741 487 790; x_wconf 92' lang='lat' dir='ltr'>res</span> <span class='ocrx_word' id='word_1_25' title='bbox 513 727 746 789; x_wconf 88' lang='lat' dir='ltr'>novaturum:</span> <span class='ocrx_word' id='word_1_26' title='bbox 779 713 981 814; x_wconf 81' lang='lat' dir='ltr'>meminisse</span> <span class='ocrx_word' id='word_1_27' title='bbox 1008 740 1091 788; x_wconf 91' lang='lat' dir='ltr'>eum</span> <span class='ocrx_word' id='word_1_28' title='bbox 1117 715 1203 812; x_wconf 91' lang='lat' dir='ltr'>qnid</span> <span class='ocrx_word' id='word_1_29' title='bbox 1227 716 1275 790; x_wconf 92' lang='lat' dir='ltr'>de</span> <span class='ocrx_word' id='word_1_30' title='bbox 1301 744 1400 818; x_wconf 86' lang='lat' dir='ltr'>rege</span> <span class='ocrx_word' id='word_1_31' title='bbox 1429 746 1494 792; x_wconf 87' lang='lat' dir='ltr'>me·</span> 
     </span>
     <span class='ocr_line' id='line_1_5' title="bbox 246 823 1495 926; baseline 0.002 -26"><span class='ocrx_word' id='word_1_32' title='bbox 246 827 392 918; x_wconf 85' lang='lat' dir='ltr'>ruisset,</span> <span class='ocrx_word' id='word_1_33' title='bbox 423 827 601 900; x_wconf 90' lang='lat' dir='ltr'>neminem</span> <span class='ocrx_word' id='word_1_34' title='bbox 627 835 747 900; x_wconf 90' lang='lat' dir='ltr'>autem</span> <span class='ocrx_word' id='word_1_35' title='bbox 773 825 806 896; x_wconf 91' lang='lat' dir='ltr'>ei</span> <span class='ocrx_word' id='word_1_36' title='bbox 832 825 918 923; x_wconf 71' lang='lat' dir='ltr'>satis</span> <span class='ocrx_word' id='word_1_37' title='bbox 944 823 1056 898; x_wconf 89' lang='lat' dir='ltr'>fidum</span> <span class='ocrx_word' id='word_1_38' title='bbox 1082 852 1178 918; x_wconf 87' lang='lat' dir='ltr'>esse,</span> <span class='ocrx_word' id='word_1_39' title='bbox 1205 853 1315 926; x_wconf 90' lang='lat' dir='ltr'>quem</span> <span class='ocrx_word' id='word_1_40' title='bbox 1344 845 1495 904; x_wconf 88' lang='lat' dir='ltr'>metuat</span> 
     </span>
     <span class='ocr_line' id='line_1_6' title="bbox 248 937 1515 1038; baseline 0.002 -26"><span class='ocrx_word' id='word_1_41' title='bbox 248 937 329 1012; x_wconf 84' lang='lat' dir='ltr'>Rex</span> <span class='ocrx_word' id='word_1_42' title='bbox 360 940 564 1038; x_wconf 86' lang='lat' dir='ltr'>patiebatur</span> <span class='ocrx_word' id='word_1_43' title='bbox 594 937 723 1036; x_wconf 88' lang='lat' dir='ltr'>magis,</span> <span class='ocrx_word' id='word_1_44' title='bbox 759 960 866 1033; x_wconf 90' lang='lat' dir='ltr'>quam</span> <span class='ocrx_word' id='word_1_45' title='bbox 893 937 1163 1012; x_wconf 72' lang='lat' dir='ltr'>assentiebatur.</span> <span class='ocrx_word' id='word_1_46' title='bbox 1222 937 1355 1036; x_wconf 86' lang='lat' dir='ltr'>ltaque</span> <span class='ocrx_word' id='word_1_47' title='bbox 1391 939 1515 1014; x_wconf 67' lang='lat' dir='ltr'>Meter</span> 
     </span>
     <span class='ocr_line' id='line_1_7' title="bbox 247 1046 1495 1149; baseline 0.001 -26"><span class='ocrx_word' id='word_1_48' title='bbox 247 1075 333 1147; x_wconf 89' lang='lat' dir='ltr'>ager</span> <span class='ocrx_word' id='word_1_49' title='bbox 359 1050 537 1124; x_wconf 88' lang='lat' dir='ltr'>silentium</span> <span class='ocrx_word' id='word_1_50' title='bbox 568 1075 634 1147; x_wconf 92' lang='lat' dir='ltr'>pro</span> <span class='ocrx_word' id='word_1_51' title='bbox 661 1047 808 1145; x_wconf 88' lang='lat' dir='ltr'>imperio</span> <span class='ocrx_word' id='word_1_52' title='bbox 840 1046 981 1136; x_wconf 90' lang='lat' dir='ltr'>hebuit,</span> <span class='ocrx_word' id='word_1_53' title='bbox 1013 1049 1178 1146; x_wconf 80' lang='lat' dir='ltr'>misitque</span> <span class='ocrx_word' id='word_1_54' title='bbox 1210 1051 1307 1149; x_wconf 87' lang='lat' dir='ltr'>regis</span> <span class='ocrx_word' id='word_1_55' title='bbox 1337 1054 1495 1139; x_wconf 76' lang='lat' dir='ltr'>nomine,</span> 
     </span>
     <span class='ocr_line' id='line_1_8' title="bbox 247 1155 1514 1259; baseline -0.005 -25"><span class='ocrx_word' id='word_1_56' title='bbox 247 1163 307 1259; x_wconf 93' lang='lat' dir='ltr'>qui</span> <span class='ocrx_word' id='word_1_57' title='bbox 334 1161 540 1237; x_wconf 83' lang='lat' dir='ltr'>Perdiccam</span> <span class='ocrx_word' id='word_1_58' title='bbox 572 1167 804 1232; x_wconf 85' lang='lat' dir='ltr'>accerserent</span> <span class='ocrx_word' id='word_1_59' title='bbox 861 1155 993 1230; x_wconf 90' lang='lat' dir='ltr'>lisdem</span> <span class='ocrx_word' id='word_1_60' title='bbox 1017 1159 1242 1251; x_wconf 88' lang='lat' dir='ltr'>mandatum,</span> <span class='ocrx_word' id='word_1_61' title='bbox 1277 1175 1322 1234; x_wconf 92' lang='lat' dir='ltr'>ut</span> <span class='ocrx_word' id='word_1_62' title='bbox 1359 1162 1514 1236; x_wconf 80' lang='lat' dir='ltr'>occider</span> 
     </span>
     <span class='ocr_line' id='line_1_9' title="bbox 247 1267 1495 1364; baseline 0.001 -18"><span class='ocrx_word' id='word_1_63' title='bbox 247 1283 338 1364; x_wconf 90' lang='lat' dir='ltr'>rent,</span> <span class='ocrx_word' id='word_1_64' title='bbox 366 1274 395 1346; x_wconf 91' lang='lat' dir='ltr'>si</span> <span class='ocrx_word' id='word_1_65' title='bbox 421 1272 543 1346; x_wconf 87' lang='lat' dir='ltr'>venire</span> <span class='ocrx_word' id='word_1_66' title='bbox 570 1269 760 1345; x_wconf 89' lang='lat' dir='ltr'>dubitaret.</span> <span class='ocrx_word' id='word_1_67' title='bbox 805 1267 985 1359; x_wconf 88' lang='lat' dir='ltr'>Perdicca,</span> <span class='ocrx_word' id='word_1_68' title='bbox 1012 1272 1176 1346; x_wconf 89' lang='lat' dir='ltr'>nuntiato</span> <span class='ocrx_word' id='word_1_69' title='bbox 1203 1272 1415 1347; x_wconf 87' lang='lat' dir='ltr'>satellitum</span> <span class='ocrx_word' id='word_1_70' title='bbox 1442 1273 1495 1346; x_wconf 87' lang='lat' dir='ltr'>ad·</span> 
     </span>
     <span class='ocr_line' id='line_1_10' title="bbox 247 1380 1495 1478; baseline 0.002 -20"><span class='ocrx_word' id='word_1_71' title='bbox 247 1393 379 1474; x_wconf 86' lang='lat' dir='ltr'>ventu,</span> <span class='ocrx_word' id='word_1_72' title='bbox 413 1381 595 1456; x_wconf 82' lang='lat' dir='ltr'>sexdecim</span> <span class='ocrx_word' id='word_1_73' title='bbox 626 1381 770 1454; x_wconf 91' lang='lat' dir='ltr'>omnino</span> <span class='ocrx_word' id='word_1_74' title='bbox 802 1380 922 1478; x_wconf 89' lang='lat' dir='ltr'>pueris</span> <span class='ocrx_word' id='word_1_75' title='bbox 953 1381 1072 1478; x_wconf 85' lang='lat' dir='ltr'>regiae</span> <span class='ocrx_word' id='word_1_76' title='bbox 1105 1382 1259 1455; x_wconf 87' lang='lat' dir='ltr'>cohortis</span> <span class='ocrx_word' id='word_1_77' title='bbox 1295 1388 1495 1460; x_wconf 77' lang='lat' dir='ltr'>comitam</span> 
     </span>
     <span class='ocr_line' id='line_1_11' title="bbox 247 1491 1494 1594; baseline 0.003 -27"><span class='ocrx_word' id='word_1_78' title='bbox 247 1496 284 1567; x_wconf 90' lang='lat' dir='ltr'>in</span> <span class='ocrx_word' id='word_1_79' title='bbox 310 1495 429 1567; x_wconf 88' lang='lat' dir='ltr'>limine</span> <span class='ocrx_word' id='word_1_80' title='bbox 455 1491 582 1565; x_wconf 88' lang='lat' dir='ltr'>domus</span> <span class='ocrx_word' id='word_1_81' title='bbox 615 1517 702 1566; x_wconf 88' lang='lat' dir='ltr'>suae</span> <span class='ocrx_word' id='word_1_82' title='bbox 728 1491 902 1581; x_wconf 85' lang='lat' dir='ltr'>constitit,</span> <span class='ocrx_word' id='word_1_83' title='bbox 936 1492 1218 1590; x_wconf 81' lang='lat' dir='ltr'>castigatosque,</span> <span class='ocrx_word' id='word_1_84' title='bbox 1249 1505 1290 1566; x_wconf 86' lang='lat' dir='ltr'>et</span> <span class='ocrx_word' id='word_1_85' title='bbox 1315 1493 1494 1594; x_wconf 79' lang='lat' dir='ltr'>Meleagri</span> 
     </span>
     <span class='ocr_line' id='line_1_12' title="bbox 247 1602 1494 1703; baseline 0.002 -26"><span class='ocrx_word' id='word_1_86' title='bbox 247 1605 422 1703; x_wconf 86' lang='lat' dir='ltr'>mancipia</span> <span class='ocrx_word' id='word_1_87' title='bbox 448 1603 642 1678; x_wconf 87' lang='lat' dir='ltr'>identidem</span> <span class='ocrx_word' id='word_1_88' title='bbox 668 1603 867 1701; x_wconf 88' lang='lat' dir='ltr'>appellans,</span> <span class='ocrx_word' id='word_1_89' title='bbox 894 1602 943 1674; x_wconf 89' lang='lat' dir='ltr'>sic</span> <span class='ocrx_word' id='word_1_90' title='bbox 970 1603 1077 1676; x_wconf 90' lang='lat' dir='ltr'>animi</span> <span class='ocrx_word' id='word_1_91' title='bbox 1103 1605 1296 1702; x_wconf 90' lang='lat' dir='ltr'>vultusque</span> <span class='ocrx_word' id='word_1_92' title='bbox 1323 1619 1494 1682; x_wconf 85' lang='lat' dir='ltr'>constan·</span> 
     </span>
     <span class='ocr_line' id='line_1_13' title="bbox 247 1714 1514 1814; baseline 0.001 -25"><span class='ocrx_word' id='word_1_93' title='bbox 247 1716 298 1789; x_wconf 89' lang='lat' dir='ltr'>tia</span> <span class='ocrx_word' id='word_1_94' title='bbox 329 1719 471 1807; x_wconf 90' lang='lat' dir='ltr'>terruit,</span> <span class='ocrx_word' id='word_1_95' title='bbox 509 1725 550 1788; x_wconf 93' lang='lat' dir='ltr'>ut</span> <span class='ocrx_word' id='word_1_96' title='bbox 588 1715 652 1788; x_wconf 90' lang='lat' dir='ltr'>vix</span> <span class='ocrx_word' id='word_1_97' title='bbox 689 1714 817 1786; x_wconf 88' lang='lat' dir='ltr'>mentis</span> <span class='ocrx_word' id='word_1_98' title='bbox 856 1725 1039 1812; x_wconf 89' lang='lat' dir='ltr'>compotes</span> <span class='ocrx_word' id='word_1_99' title='bbox 1073 1717 1246 1814; x_wconf 89' lang='lat' dir='ltr'>fugerent.</span> <span class='ocrx_word' id='word_1_100' title='bbox 1314 1715 1514 1792; x_wconf 65' lang='lat' dir='ltr'>Perdices*</span> 
     </span>
     <span class='ocr_line' id='line_1_14' title="bbox 247 1821 1494 1927; baseline 0.001 -26"><span class='ocrx_word' id='word_1_101' title='bbox 247 1853 377 1926; x_wconf 89' lang='lat' dir='ltr'>pueros</span> <span class='ocrx_word' id='word_1_102' title='bbox 404 1853 514 1927; x_wconf 90' lang='lat' dir='ltr'>equos</span> <span class='ocrx_word' id='word_1_103' title='bbox 546 1827 650 1900; x_wconf 88' lang='lat' dir='ltr'>iussit</span> <span class='ocrx_word' id='word_1_104' title='bbox 676 1821 933 1913; x_wconf 86' lang='lat' dir='ltr'>conscendere,</span> <span class='ocrx_word' id='word_1_105' title='bbox 952 1835 1003 1902; x_wconf 90' lang='lat' dir='ltr'>.et</span> <span class='ocrx_word' id='word_1_106' title='bbox 1028 1850 1110 1899; x_wconf 91' lang='lat' dir='ltr'>cum</span> <span class='ocrx_word' id='word_1_107' title='bbox 1141 1827 1262 1925; x_wconf 88' lang='lat' dir='ltr'>paucis</span> <span class='ocrx_word' id='word_1_108' title='bbox 1289 1829 1494 1902; x_wconf 87' lang='lat' dir='ltr'>amicorum</span> 
     </span>
     <span class='ocr_line' id='line_1_15' title="bbox 247 1935 1493 2038; baseline -0.002 -25"><span class='ocrx_word' id='word_1_109' title='bbox 247 1939 294 2013; x_wconf 92' lang='lat' dir='ltr'>ad</span> <span class='ocrx_word' id='word_1_110' title='bbox 312 1938 537 2013; x_wconf 86' lang='lat' dir='ltr'>Leonnatum</span> <span class='ocrx_word' id='word_1_111' title='bbox 562 1937 737 2036; x_wconf 88' lang='lat' dir='ltr'>pervenit,</span> <span class='ocrx_word' id='word_1_112' title='bbox 762 1935 833 2008; x_wconf 90' lang='lat' dir='ltr'>iam</span> <span class='ocrx_word' id='word_1_113' title='bbox 858 1936 1014 2009; x_wconf 86' lang='lat' dir='ltr'>firmiore</span> <span class='ocrx_word' id='word_1_114' title='bbox 1039 1935 1215 2035; x_wconf 87' lang='lat' dir='ltr'>praesidio</span> <span class='ocrx_word' id='word_1_115' title='bbox 1241 1938 1318 2010; x_wconf 75' lang='lat' dir='ltr'>rim</span> <span class='ocrx_word' id='word_1_116' title='bbox 1345 1940 1493 2038; x_wconf 90' lang='lat' dir='ltr'>propul-</span> 
     </span>
     <span class='ocr_line' id='line_1_16' title="bbox 247 2039 1533 2147; baseline -0.002 -23"><span class='ocrx_word' id='word_1_117' title='bbox 247 2062 406 2141; x_wconf 87' lang='lat' dir='ltr'>saturus,</span> <span class='ocrx_word' id='word_1_118' title='bbox 434 2051 464 2124; x_wconf 87' lang='lat' dir='ltr'>si</span> <span class='ocrx_word' id='word_1_119' title='bbox 490 2049 568 2147; x_wconf 93' lang='lat' dir='ltr'>quis</span> <span class='ocrx_word' id='word_1_120' title='bbox 594 2049 750 2122; x_wconf 81' lang='lat' dir='ltr'>inferret.</span> <span class='ocrx_word' id='word_1_121' title='bbox 802 2045 954 2119; x_wconf 87' lang='lat' dir='ltr'>Postera</span> <span class='ocrx_word' id='word_1_122' title='bbox 981 2045 1037 2120; x_wconf 90' lang='lat' dir='ltr'>die</span> <span class='ocrx_word' id='word_1_123' title='bbox 1062 2047 1209 2145; x_wconf 87' lang='lat' dir='ltr'>indigna</span> <span class='ocrx_word' id='word_1_124' title='bbox 1234 2072 1292 2122; x_wconf 90' lang='lat' dir='ltr'>res</span> <span class='ocrx_word' id='word_1_125' title='bbox 1321 2039 1533 2125; x_wconf 54' lang='lat' dir='ltr'>Macedo³1</span> 
     </span>
     <span class='ocr_line' id='line_1_17' title="bbox 246 2155 1492 2257; baseline 0.001 -22"><span class='ocrx_word' id='word_1_126' title='bbox 246 2163 352 2235; x_wconf 90' lang='lat' dir='ltr'>nibus</span> <span class='ocrx_word' id='word_1_127' title='bbox 379 2160 580 2251; x_wconf 87' lang='lat' dir='ltr'>videbatur,</span> <span class='ocrx_word' id='word_1_128' title='bbox 606 2158 813 2234; x_wconf 86' lang='lat' dir='ltr'>Perdiccam</span> <span class='ocrx_word' id='word_1_129' title='bbox 838 2155 886 2230; x_wconf 91' lang='lat' dir='ltr'>ad</span> <span class='ocrx_word' id='word_1_130' title='bbox 910 2159 1035 2230; x_wconf 89' lang='lat' dir='ltr'>mortis</span> <span class='ocrx_word' id='word_1_131' title='bbox 1062 2160 1258 2257; x_wconf 90' lang='lat' dir='ltr'>periculum</span> <span class='ocrx_word' id='word_1_132' title='bbox 1277 2159 1492 2249; x_wconf 81' lang='lat' dir='ltr'>adductum,</span> 
     </span>
     <span class='ocr_line' id='line_1_18' title="bbox 248 2267 1514 2369; baseline 0.001 -24"><span class='ocrx_word' id='word_1_133' title='bbox 248 2283 285 2345; x_wconf 90' lang='lat' dir='ltr'>et</span> <span class='ocrx_word' id='word_1_134' title='bbox 309 2271 478 2369; x_wconf 88' lang='lat' dir='ltr'>Meleagri</span> <span class='ocrx_word' id='word_1_135' title='bbox 504 2271 742 2344; x_wconf 88' lang='lat' dir='ltr'>temeritatem</span> <span class='ocrx_word' id='word_1_136' title='bbox 767 2267 873 2341; x_wconf 88' lang='lat' dir='ltr'>armis</span> <span class='ocrx_word' id='word_1_137' title='bbox 905 2269 1021 2342; x_wconf 90' lang='lat' dir='ltr'>ultum</span> <span class='ocrx_word' id='word_1_138' title='bbox 1046 2270 1098 2343; x_wconf 90' lang='lat' dir='ltr'>ire</span> <span class='ocrx_word' id='word_1_139' title='bbox 1125 2269 1376 2346; x_wconf 86' lang='lat' dir='ltr'>decreverant.</span> <span class='ocrx_word' id='word_1_140' title='bbox 1436 2275 1514 2346; x_wconf 56' lang='lat' dir='ltr'>Ata</span> 
     </span>
     <span class='ocr_line' id='line_1_19' title="bbox 249 2379 1533 2484; baseline 0.005 -30"><span class='ocrx_word' id='word_1_141' title='bbox 249 2407 318 2480; x_wconf 90' lang='lat' dir='ltr'>que</span> <span class='ocrx_word' id='word_1_142' title='bbox 343 2383 402 2455; x_wconf 91' lang='lat' dir='ltr'>ille</span> <span class='ocrx_word' id='word_1_143' title='bbox 428 2380 602 2455; x_wconf 88' lang='lat' dir='ltr'>seditione</span> <span class='ocrx_word' id='word_1_144' title='bbox 627 2380 787 2479; x_wconf 88' lang='lat' dir='ltr'>provisa,</span> <span class='ocrx_word' id='word_1_145' title='bbox 821 2403 902 2452; x_wconf 91' lang='lat' dir='ltr'>cum</span> <span class='ocrx_word' id='word_1_146' title='bbox 927 2405 1049 2479; x_wconf 90' lang='lat' dir='ltr'>regem</span> <span class='ocrx_word' id='word_1_147' title='bbox 1081 2379 1230 2472; x_wconf 85' lang='lat' dir='ltr'>adisset,</span> <span class='ocrx_word' id='word_1_148' title='bbox 1263 2383 1491 2484; x_wconf 79' lang='lat' dir='ltr'>interrogare</span> <span class='ocrx_word' id='word_1_149' title='bbox 1532 2389 1533 2420; x_wconf 57' lang='lat' dir='ltr'>l</span> 
     </span>
    </p>
   </div>
   <div class='ocr_carea' id='block_1_3' title="bbox 283 2630 1493 2755">
    <p class='ocr_par' dir='ltr' id='par_1_3' title="bbox 283 2630 1493 2755">
     <span class='ocr_line' id='line_1_20' title="bbox 283 2630 1493 2755; baseline 0.002 -68"><span class='ocrx_word' id='word_1_150' title='bbox 283 2631 348 2704; x_wconf 86' lang='lat' dir='ltr'>Cap.</span> <span class='ocrx_word' id='word_1_151' title='bbox 367 2638 409 2700; x_wconf 73' lang='lat'>25,</span> <span class='ocrx_word' id='word_1_152' title='bbox 428 2637 452 2700; x_wconf 68' lang='grc' dir='ltr'>ς.</span> <span class='ocrx_word' id='word_1_153' title='bbox 472 2639 495 2686; x_wconf 87' lang='lat'>1.</span> <span class='ocrx_word' id='word_1_154' title='bbox 527 2635 567 2686; x_wconf 85' lang='lat' dir='ltr'>ius</span> <span class='ocrx_word' id='word_1_155' title='bbox 585 2631 710 2755; x_wconf 39' lang='lat' dir='ltr'>impet-iffi</span> <span class='ocrx_word' id='word_1_156' title='bbox 725 2630 850 2714; x_wconf 83' lang='lat' dir='ltr'>Plerique</span> <span class='ocrx_word' id='word_1_157' title='bbox 884 2637 948 2685; x_wconf 88' lang='lat' dir='ltr'>anta</span> <span class='ocrx_word' id='word_1_158' title='bbox 964 2631 1084 2686; x_wconf 86' lang='lat' dir='ltr'>Medium</span> <span class='ocrx_word' id='word_1_159' title='bbox 1106 2633 1275 2703; x_wconf 84' lang='lat' dir='ltr'>confirmare,</span> <span class='ocrx_word' id='word_1_160' title='bbox 1299 2637 1352 2690; x_wconf 85' lang='lat' dir='ltr'>sed</span> <span class='ocrx_word' id='word_1_161' title='bbox 1376 2638 1444 2692; x_wconf 81' lang='lat' dir='ltr'>vide</span> <span class='ocrx_word' id='word_1_162' title='bbox 1464 2635 1493 2689; x_wconf 78' lang='lat' dir='ltr'>ecl</span> 
     </span>
    </p>
   </div>
   <div class='ocr_carea' id='block_1_4' title="bbox 241 2699 1494 4488">
    <p class='ocr_par' dir='ltr' id='par_1_4' title="bbox 241 2699 1494 4488">
     <span class='ocr_line' id='line_1_21' title="bbox 247 2699 1081 2773; baseline -0.002 -15"><span class='ocrx_word' id='word_1_163' title='bbox 247 2702 322 2758; x_wconf 86' lang='lat' dir='ltr'>codd.</span> <span class='ocrx_word' id='word_1_164' title='bbox 341 2704 382 2756; x_wconf 80' lang='lat' dir='ltr'>ine</span> <span class='ocrx_word' id='word_1_165' title='bbox 400 2703 551 2773; x_wconf 64' lang='lat' dir='ltr'>imperium,</span> <span class='ocrx_word' id='word_1_166' title='bbox 574 2701 646 2756; x_wconf 87' lang='lat' dir='ltr'>Flor.</span> <span class='ocrx_word' id='word_1_167' title='bbox 662 2701 687 2754; x_wconf 86' lang='lat' dir='ltr'><strong>E</strong></span> <span class='ocrx_word' id='word_1_168' title='bbox 711 2701 783 2754; x_wconf 77' lang='lat' dir='ltr'>Irus</span> <span class='ocrx_word' id='word_1_169' title='bbox 802 2719 851 2752; x_wconf 81' lang='lat' dir='ltr'>rm·</span> <span class='ocrx_word' id='word_1_170' title='bbox 883 2699 929 2752; x_wconf 93' lang='lat' dir='ltr'>lib.</span> <span class='ocrx_word' id='word_1_171' title='bbox 946 2715 976 2766; x_wconf 86' lang='lat' dir='ltr'>v,</span> <span class='ocrx_word' id='word_1_172' title='bbox 994 2708 1037 2767; x_wconf 77' lang='lat'>20,</span> <span class='ocrx_word' id='word_1_173' title='bbox 1057 2707 1081 2756; x_wconf 82' lang='lat'>8.</span> 
     </span>
     <span class='ocr_line' id='line_1_22' title="bbox 241 2769 1492 2842; baseline 0.002 -17"><span class='ocrx_word' id='word_1_174' title='bbox 241 2774 408 2842; x_wconf 75' lang='lat' dir='ltr'>pariamque,</span> <span class='ocrx_word' id='word_1_175' title='bbox 435 2789 502 2824; x_wconf 87' lang='lat' dir='ltr'>unus</span> <span class='ocrx_word' id='word_1_176' title='bbox 524 2769 595 2824; x_wconf 85' lang='lat' dir='ltr'>Flcr.</span> <span class='ocrx_word' id='word_1_177' title='bbox 621 2769 647 2824; x_wconf 86' lang='lat' dir='ltr'>G</span> <span class='ocrx_word' id='word_1_178' title='bbox 672 2772 713 2824; x_wconf 80' lang='lat' dir='ltr'>iar</span> <span class='ocrx_word' id='word_1_179' title='bbox 735 2770 848 2838; x_wconf 68' lang='lat' dir='ltr'>imperii,</span> <span class='ocrx_word' id='word_1_180' title='bbox 918 2775 940 2837; x_wconf 63' lang='grc' dir='ltr'>ξ.</span> <span class='ocrx_word' id='word_1_181' title='bbox 963 2773 986 2821; x_wconf 86' lang='grc'>5.</span> <span class='ocrx_word' id='word_1_182' title='bbox 1019 2769 1131 2824; x_wconf 83' lang='lat' dir='ltr'>Postera</span> <span class='ocrx_word' id='word_1_183' title='bbox 1158 2773 1198 2824; x_wconf 82' lang='lat' dir='ltr'>die</span> <span class='ocrx_word' id='word_1_184' title='bbox 1225 2789 1318 2826; x_wconf 90' lang='lat' dir='ltr'>omnes</span> <span class='ocrx_word' id='word_1_185' title='bbox 1347 2775 1387 2828; x_wconf 88' lang='lat' dir='ltr'>ad</span> <span class='ocrx_word' id='word_1_186' title='bbox 1420 2792 1492 2830; x_wconf 87' lang='lat' dir='ltr'>unum</span> 
     </span>
     <span class='ocr_line' id='line_1_23' title="bbox 248 2837 1492 2911; baseline 0.003 -17"><span class='ocrx_word' id='word_1_187' title='bbox 248 2841 319 2911; x_wconf 91' lang='lat' dir='ltr'>quod</span> <span class='ocrx_word' id='word_1_188' title='bbox 336 2839 387 2893; x_wconf 85' lang='lat' dir='ltr'>ianr</span> <span class='ocrx_word' id='word_1_189' title='bbox 404 2839 524 2911; x_wconf 88' lang='lat' dir='ltr'>princeps</span> <span class='ocrx_word' id='word_1_190' title='bbox 542 2839 630 2893; x_wconf 89' lang='lat' dir='ltr'>editor·</span> <span class='ocrx_word' id='word_1_191' title='bbox 646 2837 732 2906; x_wconf 88' lang='lat' dir='ltr'>dedit,</span> <span class='ocrx_word' id='word_1_192' title='bbox 755 2853 787 2890; x_wconf 81' lang='lat' dir='ltr'>ac</span> <span class='ocrx_word' id='word_1_193' title='bbox 804 2853 850 2891; x_wconf 85' lang='lat' dir='ltr'>ne-</span> <span class='ocrx_word' id='word_1_194' title='bbox 883 2855 958 2904; x_wconf 89' lang='lat' dir='ltr'>mss.,</span> <span class='ocrx_word' id='word_1_195' title='bbox 1005 2837 1120 2894; x_wconf 83' lang='lat' dir='ltr'>editores</span> <span class='ocrx_word' id='word_1_196' title='bbox 1160 2839 1260 2894; x_wconf 79' lang='lat' dir='ltr'>Aldum</span> <span class='ocrx_word' id='word_1_197' title='bbox 1304 2843 1401 2898; x_wconf 72' lang='lat' dir='ltr'>semei</span> <span class='ocrx_word' id='word_1_198' title='bbox 1474 2861 1492 2888; x_wconf 58' lang='lat' dir='ltr'>a</span> 
     </span>
     <span class='ocr_line' id='line_1_24' title="bbox 247 2863 1491 2980; baseline 0.002 -17"><span class='ocrx_word' id='word_1_199' title='bbox 247 2925 318 2963; x_wconf 86' lang='lat' dir='ltr'>cesse</span> <span class='ocrx_word' id='word_1_200' title='bbox 344 2917 392 2962; x_wconf 87' lang='lat' dir='ltr'>est.</span> <span class='ocrx_word' id='word_1_201' title='bbox 436 2908 481 2963; x_wconf 83' lang='lat' dir='ltr'>Sic</span> <span class='ocrx_word' id='word_1_202' title='bbox 506 2908 576 2961; x_wconf 79' lang='lat' dir='ltr'>infra</span> <span class='ocrx_word' id='word_1_203' title='bbox 591 2925 612 2961; x_wconf 85' lang='lat' dir='ltr'>c</span> <span class='ocrx_word' id='word_1_204' title='bbox 632 2914 678 2974; x_wconf 78' lang='lat'>30,</span> <span class='ocrx_word' id='word_1_205' title='bbox 706 2914 722 2960; x_wconf 81' lang='lat'><strong>4</strong></span> <span class='ocrx_word' id='word_1_206' title='bbox 748 2907 783 2958; x_wconf 84' lang='lat' dir='ltr'>im</span> <span class='ocrx_word' id='word_1_207' title='bbox 802 2907 850 2958; x_wconf 78' lang='lat' dir='ltr'>en‘i</span> <span class='ocrx_word' id='word_1_208' title='bbox 883 2916 952 2959; x_wconf 77' lang='lat' dir='ltr'>atero</span> <span class='ocrx_word' id='word_1_209' title='bbox 975 2907 1069 2960; x_wconf 90' lang='lat' dir='ltr'>eodem</span> <span class='ocrx_word' id='word_1_210' title='bbox 1087 2923 1215 2962; x_wconf 88' lang='lat' dir='ltr'>consensu</span> <span class='ocrx_word' id='word_1_211' title='bbox 1237 2911 1402 2980; x_wconf 81' lang='lat' dir='ltr'>probanmt.</span> <span class='ocrx_word' id='word_1_212' title='bbox 1446 2863 1491 2965; x_wconf 51' lang='lat' dir='ltr'>§a</span> 
     </span>
     <span class='ocr_line' id='line_1_25' title="bbox 247 2925 1491 3054; baseline -0.002 -24"><span class='ocrx_word' id='word_1_213' title='bbox 247 2981 290 3032; x_wconf 79' lang='lat' dir='ltr'>iae</span> <span class='ocrx_word' id='word_1_214' title='bbox 313 2978 432 3032; x_wconf 81' lang='lat' dir='ltr'>obtinere.</span> <span class='ocrx_word' id='word_1_215' title='bbox 467 2976 536 3030; x_wconf 89' lang='lat' dir='ltr'>Item</span> <span class='ocrx_word' id='word_1_216' title='bbox 563 2984 624 3048; x_wconf 84' lang='lat' dir='ltr'>post</span> <span class='ocrx_word' id='word_1_217' title='bbox 648 2974 767 3046; x_wconf 88' lang='lat' dir='ltr'>plerique</span> <span class='ocrx_word' id='word_1_218' title='bbox 777 2925 849 3054; x_wconf 67' lang='lat' dir='ltr'>libri</span> <span class='ocrx_word' id='word_1_219' title='bbox 879 2975 1176 3044; x_wconf 80' lang='lat' dir='ltr'>posterodieetiam1v‚</span> <span class='ocrx_word' id='word_1_220' title='bbox 1189 2983 1220 3030; x_wconf 79' lang='lat'>14</span> <span class='ocrx_word' id='word_1_221' title='bbox 1257 2997 1279 3032; x_wconf 88' lang='lat' dir='ltr'>r.</span> <span class='ocrx_word' id='word_1_222' title='bbox 1297 2987 1328 3032; x_wconf 87' lang='lat' dir='ltr'>et</span> <span class='ocrx_word' id='word_1_223' title='bbox 1346 2987 1491 3048; x_wconf 59' lang='lat' dir='ltr'>matta.</span> 
     </span>
     <span class='ocr_line' id='line_1_26' title="bbox 247 2995 1491 3166; baseline 0.001 -66"><span class='ocrx_word' id='word_1_224' title='bbox 247 3065 279 3100; x_wconf 83' lang='lat' dir='ltr'>ae</span> <span class='ocrx_word' id='word_1_225' title='bbox 297 3064 394 3117; x_wconf 66' lang='lat' dir='ltr'>occup,</span> <span class='ocrx_word' id='word_1_226' title='bbox 412 3054 469 3098; x_wconf 91' lang='lat' dir='ltr'>tum</span> <span class='ocrx_word' id='word_1_227' title='bbox 485 3063 534 3117; x_wconf 84' lang='lat' dir='ltr'>pro</span> <span class='ocrx_word' id='word_1_228' title='bbox 551 3063 593 3098; x_wconf 81' lang='lat' dir='ltr'>ree</span> <span class='ocrx_word' id='word_1_229' title='bbox 611 3054 764 3098; x_wconf 76' lang='lat' dir='ltr'>conaturum</span> <span class='ocrx_word' id='word_1_230' title='bbox 781 3050 849 3096; x_wconf 83' lang='lat' dir='ltr'>rute·</span> <span class='ocrx_word' id='word_1_231' title='bbox 885 3110 891 3123; x_wconf 37' lang='grc'>1</span> <span class='ocrx_word' id='word_1_232' title='bbox 918 3046 942 3109; x_wconf 73' lang='lat' dir='ltr'>S.</span> <span class='ocrx_word' id='word_1_233' title='bbox 962 3049 994 3122; x_wconf 71' lang='grc' dir='ltr'>ι6.</span> <span class='ocrx_word' id='word_1_234' title='bbox 1038 3045 1123 3114; x_wconf 78' lang='lat' dir='ltr'>Atque</span> <span class='ocrx_word' id='word_1_235' title='bbox 1147 3047 1214 3166; x_wconf 49' lang='lat' dir='ltr'>illel,</span> <span class='ocrx_word' id='word_1_236' title='bbox 1237 2995 1304 3100; x_wconf 65' lang='lat' dir='ltr'>PMel</span> <span class='ocrx_word' id='word_1_237' title='bbox 1450 3047 1491 3101; x_wconf 84' lang='lat' dir='ltr'>din&#39;</span> 
     </span>
     <span class='ocr_line' id='line_1_27' title="bbox 247 3109 1491 3190; baseline 0 -21"><span class='ocrx_word' id='word_1_238' title='bbox 247 3115 346 3185; x_wconf 83' lang='lat' dir='ltr'>griores</span> <span class='ocrx_word' id='word_1_239' title='bbox 359 3133 402 3168; x_wconf 84' lang='lat' dir='ltr'>ree</span> <span class='ocrx_word' id='word_1_240' title='bbox 419 3125 579 3180; x_wconf 73' lang='lat' dir='ltr'>novatorem,</span> <span class='ocrx_word' id='word_1_241' title='bbox 597 3111 751 3184; x_wconf 85' lang='lat' dir='ltr'>interpolati</span> <span class='ocrx_word' id='word_1_242' title='bbox 762 3129 849 3164; x_wconf 82' lang='lat' dir='ltr'>rerum</span> <span class='ocrx_word' id='word_1_243' title='bbox 883 3109 969 3164; x_wconf 88' lang='lat' dir='ltr'>rutcllr</span> <span class='ocrx_word' id='word_1_244' title='bbox 989 3109 1019 3179; x_wconf 78' lang='lat' dir='ltr'>‘s,</span> <span class='ocrx_word' id='word_1_245' title='bbox 1033 3113 1079 3164; x_wconf 91' lang='lat' dir='ltr'>sed</span> <span class='ocrx_word' id='word_1_246' title='bbox 1089 3113 1113 3166; x_wconf 90' lang='lat' dir='ltr'>ei</span> <span class='ocrx_word' id='word_1_247' title='bbox 1126 3111 1165 3166; x_wconf 86' lang='lat' dir='ltr'>rei</span> <span class='ocrx_word' id='word_1_248' title='bbox 1179 3132 1195 3166; x_wconf 96' lang='lat' dir='ltr'>o</span> <span class='ocrx_word' id='word_1_249' title='bbox 1215 3125 1287 3168; x_wconf 81' lang='lat' dir='ltr'>stare</span> <span class='ocrx_word' id='word_1_250' title='bbox 1301 3115 1328 3168; x_wconf 86' lang='lat' dir='ltr'>vi</span> <span class='ocrx_word' id='word_1_251' title='bbox 1350 3127 1420 3171; x_wconf 86' lang='lat' dir='ltr'>etur</span> <span class='ocrx_word' id='word_1_252' title='bbox 1430 3115 1491 3190; x_wconf 83' lang='lat' dir='ltr'>qued</span> 
     </span>
     <span class='ocr_line' id='line_1_28' title="bbox 247 3179 1491 3252; baseline -0.002 -16"><span class='ocrx_word' id='word_1_253' title='bbox 247 3200 384 3237; x_wconf 80' lang='lat' dir='ltr'>novarum:</span> <span class='ocrx_word' id='word_1_254' title='bbox 410 3183 546 3252; x_wconf 84' lang='lat' dir='ltr'>sicigitur</span> <span class='ocrx_word' id='word_1_255' title='bbox 562 3182 642 3235; x_wconf 88' lang='lat' dir='ltr'>etiam</span> <span class='ocrx_word' id='word_1_256' title='bbox 659 3180 788 3234; x_wconf 88' lang='lat' dir='ltr'>editiones</span> <span class='ocrx_word' id='word_1_257' title='bbox 804 3196 849 3232; x_wconf 86' lang='lat' dir='ltr'>ve·</span> <span class='ocrx_word' id='word_1_258' title='bbox 883 3187 945 3249; x_wconf 88' lang='lat' dir='ltr'>post</span> <span class='ocrx_word' id='word_1_259' title='bbox 980 3179 1068 3250; x_wconf 85' lang='lat' dir='ltr'>egitur</span> <span class='ocrx_word' id='word_1_260' title='bbox 1083 3182 1216 3252; x_wconf 64' lang='lat' dir='ltr'>Meleagri</span> <span class='ocrx_word' id='word_1_261' title='bbox 1238 3185 1368 3238; x_wconf 71' lang='lat' dir='ltr'>incuncta</span> <span class='ocrx_word' id='word_1_262' title='bbox 1396 3197 1430 3240; x_wconf 86' lang='lat' dir='ltr'>et</span> <span class='ocrx_word' id='word_1_263' title='bbox 1450 3203 1491 3238; x_wconf 75' lang='lat' dir='ltr'>aaa</span> 
     </span>
     <span class='ocr_line' id='line_1_29' title="bbox 247 3249 1493 3325; baseline 0 -21"><span class='ocrx_word' id='word_1_264' title='bbox 247 3259 327 3320; x_wconf 86' lang='lat' dir='ltr'>teres,</span> <span class='ocrx_word' id='word_1_265' title='bbox 344 3250 546 3305; x_wconf 89' lang='lat' dir='ltr'>donecModius</span> <span class='ocrx_word' id='word_1_266' title='bbox 563 3257 591 3303; x_wconf 86' lang='lat' dir='ltr'>et</span> <span class='ocrx_word' id='word_1_267' title='bbox 608 3253 636 3302; x_wconf 83' lang='lat' dir='ltr'>m&#39;</span> <span class='ocrx_word' id='word_1_268' title='bbox 653 3261 680 3302; x_wconf 88' lang='lat' dir='ltr'>et</span> <span class='ocrx_word' id='word_1_269' title='bbox 696 3257 849 3302; x_wconf 80' lang='lat' dir='ltr'>novaturum</span> <span class='ocrx_word' id='word_1_270' title='bbox 884 3249 974 3301; x_wconf 67' lang='lat' dir='ltr'>deboc</span> <span class='ocrx_word' id='word_1_271' title='bbox 996 3251 1148 3304; x_wconf 78' lang='lat' dir='ltr'>tumultuari</span> <span class='ocrx_word' id='word_1_272' title='bbox 1173 3267 1223 3304; x_wconf 84' lang='lat' dir='ltr'>eos.</span> <span class='ocrx_word' id='word_1_273' title='bbox 1261 3251 1326 3306; x_wconf 89' lang='lat' dir='ltr'>Hoo</span> <span class='ocrx_word' id='word_1_274' title='bbox 1351 3253 1444 3325; x_wconf 85' lang='lat' dir='ltr'>igitur</span> <span class='ocrx_word' id='word_1_275' title='bbox 1464 3253 1493 3306; x_wconf 77' lang='lat' dir='ltr'>sit</span> 
     </span>
     <span class='ocr_line' id='line_1_30' title="bbox 247 3315 1492 3390; baseline 0.002 -18"><span class='ocrx_word' id='word_1_276' title='bbox 247 3319 404 3374; x_wconf 82' lang='lat' dir='ltr'>emendavit.</span> <span class='ocrx_word' id='word_1_277' title='bbox 883 3315 1110 3386; x_wconf 83' lang='lat' dir='ltr'>interpretandum</span> <span class='ocrx_word' id='word_1_278' title='bbox 1126 3325 1157 3371; x_wconf 90' lang='lat' dir='ltr'>ut</span> <span class='ocrx_word' id='word_1_279' title='bbox 1174 3317 1311 3390; x_wconf 86' lang='lat' dir='ltr'>Meleager</span> <span class='ocrx_word' id='word_1_280' title='bbox 1334 3337 1437 3376; x_wconf 82' lang='lat' dir='ltr'>eoram</span> <span class='ocrx_word' id='word_1_281' title='bbox 1453 3321 1492 3376; x_wconf 87' lang='lat' dir='ltr'>rni-</span> 
     </span>
     <span class='ocr_line' id='line_1_31' title="bbox 282 3383 1493 3468; baseline 0.001 -27"><span class='ocrx_word' id='word_1_282' title='bbox 282 3391 305 3468; x_wconf 60' lang='grc' dir='ltr'>ᾗ.</span> <span class='ocrx_word' id='word_1_283' title='bbox 324 3395 349 3441; x_wconf 78' lang='lat'>8.</span> <span class='ocrx_word' id='word_1_284' title='bbox 376 3387 517 3456; x_wconf 77' lang='lat' dir='ltr'>sexdecim]</span> <span class='ocrx_word' id='word_1_285' title='bbox 544 3384 648 3438; x_wconf 84' lang='lat' dir='ltr'>EFlor.</span> <span class='ocrx_word' id='word_1_286' title='bbox 666 3383 730 3437; x_wconf 90' lang='lat' dir='ltr'>nihil</span> <span class='ocrx_word' id='word_1_287' title='bbox 749 3383 783 3437; x_wconf 88' lang='lat' dir='ltr'>ab</span> <span class='ocrx_word' id='word_1_288' title='bbox 800 3384 849 3437; x_wconf 87' lang='lat' dir='ltr'>hac</span> <span class='ocrx_word' id='word_1_289' title='bbox 884 3383 974 3438; x_wconf 87' lang='lat' dir='ltr'>litibus</span> <span class='ocrx_word' id='word_1_290' title='bbox 983 3401 1072 3455; x_wconf 87' lang='lat' dir='ltr'>regem</span> <span class='ocrx_word' id='word_1_291' title='bbox 1087 3385 1264 3458; x_wconf 86' lang='lat' dir='ltr'>intermgarit,</span> <span class='ocrx_word' id='word_1_292' title='bbox 1283 3406 1370 3458; x_wconf 83' lang='lat' dir='ltr'>quam</span> <span class='ocrx_word' id='word_1_293' title='bbox 1388 3393 1429 3446; x_wconf 86' lang='lat' dir='ltr'>ob</span> <span class='ocrx_word' id='word_1_294' title='bbox 1443 3409 1493 3446; x_wconf 74' lang='lat' dir='ltr'>esn-</span> 
     </span>
     <span class='ocr_line' id='line_1_32' title="bbox 246 3451 1491 3584; baseline 0.002 -8"><span class='ocrx_word' id='word_1_295' title='bbox 246 3451 850 3576; x_wconf 51' lang='lat' dir='ltr'>illl‘lldlldelfflidlmlltdllluP</span> <span class='ocrx_word' id='word_1_296' title='bbox 884 3453 1343 3584; x_wconf 57' lang='lat' dir='ltr'>ttdttttttltmrtltt</span> <span class='ocrx_word' id='word_1_297' title='bbox 1373 3461 1491 3583; x_wconf 50' lang='grc' dir='ltr'>Ἣ·</span> 
     </span>
     <span class='ocr_line' id='line_1_33' title="bbox 247 3539 1494 3671; baseline 0.002 -27"><span class='ocrx_word' id='word_1_298' title='bbox 247 3599 305 3658; x_wconf 90' lang='lat' dir='ltr'>tur;</span> <span class='ocrx_word' id='word_1_299' title='bbox 324 3599 352 3645; x_wconf 88' lang='lat' dir='ltr'>at</span> <span class='ocrx_word' id='word_1_300' title='bbox 368 3591 448 3644; x_wconf 89' lang='lat' dir='ltr'>Bem.</span> <span class='ocrx_word' id='word_1_301' title='bbox 467 3591 492 3643; x_wconf 86' lang='grc' dir='ltr'><strong>Α</strong></span> <span class='ocrx_word' id='word_1_302' title='bbox 510 3597 538 3644; x_wconf 90' lang='lat' dir='ltr'>et</span> <span class='ocrx_word' id='word_1_303' title='bbox 555 3539 639 3643; x_wconf 65' lang='lat' dir='ltr'>Leidi</span> <span class='ocrx_word' id='word_1_304' title='bbox 647 3589 723 3644; x_wconf 87' lang='lat' dir='ltr'>Voss.</span> <span class='ocrx_word' id='word_1_305' title='bbox 744 3597 756 3641; x_wconf 95' lang='lat'>1</span> <span class='ocrx_word' id='word_1_306' title='bbox 775 3605 804 3642; x_wconf 87' lang='lat' dir='ltr'>se</span> <span class='ocrx_word' id='word_1_307' title='bbox 823 3607 848 3641; x_wconf 81' lang='lat' dir='ltr'>a·</span> <span class='ocrx_word' id='word_1_308' title='bbox 883 3597 950 3656; x_wconf 84' lang='lat' dir='ltr'>ator,</span> <span class='ocrx_word' id='word_1_309' title='bbox 968 3588 995 3644; x_wconf 91' lang='lat' dir='ltr'>id</span> <span class='ocrx_word' id='word_1_310' title='bbox 1009 3543 1191 3671; x_wconf 73' lang='lat' dir='ltr'>perspicuitati</span> <span class='ocrx_word' id='word_1_311' title='bbox 1198 3594 1291 3645; x_wconf 86' lang='lat' dir='ltr'>datum</span> <span class='ocrx_word' id='word_1_312' title='bbox 1299 3545 1426 3662; x_wconf 44' lang='lat' dir='ltr'>memnii}</span> <span class='ocrx_word' id='word_1_313' title='bbox 1444 3547 1494 3652; x_wconf 69' lang='lat' dir='ltr'>elan</span> 
     </span>
     <span class='ocr_line' id='line_1_34' title="bbox 248 3657 1493 3730; baseline 0.002 -17"><span class='ocrx_word' id='word_1_314' title='bbox 248 3663 296 3713; x_wconf 82' lang='lat' dir='ltr'>rim</span> <span class='ocrx_word' id='word_1_315' title='bbox 313 3661 421 3728; x_wconf 89' lang='lat' dir='ltr'>habent,</span> <span class='ocrx_word' id='word_1_316' title='bbox 440 3668 470 3713; x_wconf 90' lang='lat' dir='ltr'>ut</span> <span class='ocrx_word' id='word_1_317' title='bbox 488 3658 607 3714; x_wconf 81' lang='lat' dir='ltr'>dubitem</span> <span class='ocrx_word' id='word_1_318' title='bbox 624 3675 658 3712; x_wconf 86' lang='lat' dir='ltr'>an</span> <span class='ocrx_word' id='word_1_319' title='bbox 675 3657 721 3730; x_wconf 89' lang='lat' dir='ltr'>qui</span> <span class='ocrx_word' id='word_1_320' title='bbox 737 3657 849 3711; x_wconf 84' lang='lat' dir='ltr'>Floren-</span> <span class='ocrx_word' id='word_1_321' title='bbox 884 3660 968 3727; x_wconf 72' lang='lat' dir='ltr'>ipsias</span> <span class='ocrx_word' id='word_1_322' title='bbox 995 3659 1119 3728; x_wconf 75' lang='lat' dir='ltr'>dixisset,</span> <span class='ocrx_word' id='word_1_323' title='bbox 1150 3661 1185 3714; x_wconf 87' lang='lat' dir='ltr'>ad</span> <span class='ocrx_word' id='word_1_324' title='bbox 1214 3660 1301 3714; x_wconf 88' lang='lat' dir='ltr'>isum</span> <span class='ocrx_word' id='word_1_325' title='bbox 1331 3663 1493 3720; x_wconf 78' lang='lat' dir='ltr'>referretur:</span> 
     </span>
     <span class='ocr_line' id='line_1_35' title="bbox 248 3677 1494 3804; baseline 0.001 -23"><span class='ocrx_word' id='word_1_326' title='bbox 248 3727 317 3782; x_wconf 90' lang='lat' dir='ltr'>tinos</span> <span class='ocrx_word' id='word_1_327' title='bbox 327 3728 406 3784; x_wconf 85' lang='lat' dir='ltr'>libros</span> <span class='ocrx_word' id='word_1_328' title='bbox 415 3729 528 3784; x_wconf 87' lang='lat' dir='ltr'>eontulit</span> <span class='ocrx_word' id='word_1_329' title='bbox 540 3745 597 3783; x_wconf 88' lang='lat' dir='ltr'>rem</span> <span class='ocrx_word' id='word_1_330' title='bbox 605 3734 740 3798; x_wconf 87' lang='lat' dir='ltr'>tamquam</span> <span class='ocrx_word' id='word_1_331' title='bbox 754 3724 849 3779; x_wconf 85' lang='lat' dir='ltr'>nullius</span> <span class='ocrx_word' id='word_1_332' title='bbox 884 3734 958 3780; x_wconf 82' lang='lat' dir='ltr'>certe</span> <span class='ocrx_word' id='word_1_333' title='bbox 974 3733 1030 3781; x_wconf 89' lang='lat' dir='ltr'>tum</span> <span class='ocrx_word' id='word_1_334' title='bbox 1048 3728 1198 3783; x_wconf 87' lang='lat' dir='ltr'>addendum</span> <span class='ocrx_word' id='word_1_335' title='bbox 1215 3677 1310 3784; x_wconf 65' lang='lat' dir='ltr'>liiimet</span> <span class='ocrx_word' id='word_1_336' title='bbox 1327 3733 1339 3782; x_wconf 79' lang='lat' dir='ltr'>i</span> <span class='ocrx_word' id='word_1_337' title='bbox 1361 3736 1439 3802; x_wconf 73' lang='lat' dir='ltr'>eiu,</span> <span class='ocrx_word' id='word_1_338' title='bbox 1457 3737 1494 3804; x_wconf 73' lang='lat' dir='ltr'>qai</span> 
     </span>
     <span class='ocr_line' id='line_1_36' title="bbox 247 3750 1492 3872; baseline -0.001 -21"><span class='ocrx_word' id='word_1_339' title='bbox 247 3797 375 3851; x_wconf 87' lang='lat' dir='ltr'>momenti</span> <span class='ocrx_word' id='word_1_340' title='bbox 398 3796 522 3851; x_wconf 87' lang='lat' dir='ltr'>omiserit.</span> <span class='ocrx_word' id='word_1_341' title='bbox 562 3796 713 3867; x_wconf 86' lang='lat' dir='ltr'>Utrumque</span> <span class='ocrx_word' id='word_1_342' title='bbox 735 3795 850 3865; x_wconf 90' lang='lat' dir='ltr'>probum</span> <span class='ocrx_word' id='word_1_343' title='bbox 884 3796 1064 3866; x_wconf 66' lang='lat' dir='ltr'>interrogaret.</span> <span class='ocrx_word' id='word_1_344' title='bbox 1091 3797 1205 3851; x_wconf 89' lang='lat' dir='ltr'>Temere</span> <span class='ocrx_word' id='word_1_345' title='bbox 1216 3797 1301 3867; x_wconf 88' lang='lat' dir='ltr'>igitur</span> <span class='ocrx_word' id='word_1_346' title='bbox 1309 3750 1428 3856; x_wconf 59' lang='lat' dir='ltr'>Mbdins</span> <span class='ocrx_word' id='word_1_347' title='bbox 1446 3801 1492 3872; x_wconf 73' lang='lat' dir='ltr'>egit</span> 
     </span>
     <span class='ocr_line' id='line_1_37' title="bbox 248 3862 1492 3940; baseline 0.002 -21"><span class='ocrx_word' id='word_1_348' title='bbox 248 3865 367 3932; x_wconf 87' lang='lat' dir='ltr'>videtur,</span> <span class='ocrx_word' id='word_1_349' title='bbox 398 3867 443 3919; x_wconf 87' lang='lat' dir='ltr'>sed</span> <span class='ocrx_word' id='word_1_350' title='bbox 474 3867 584 3919; x_wconf 78' lang='lat' dir='ltr'>sedecim</span> <span class='ocrx_word' id='word_1_351' title='bbox 610 3862 759 3918; x_wconf 77' lang='lat' dir='ltr'>Priscianus</span> <span class='ocrx_word' id='word_1_352' title='bbox 789 3879 848 3934; x_wconf 87' lang='lat' dir='ltr'>pag.</span> <span class='ocrx_word' id='word_1_353' title='bbox 903 3863 928 3916; x_wconf 94' lang='lat' dir='ltr'>ui</span> <span class='ocrx_word' id='word_1_354' title='bbox 954 3867 1037 3934; x_wconf 68' lang='lat' dir='ltr'>aptiae</span> <span class='ocrx_word' id='word_1_355' title='bbox 1063 3866 1207 3935; x_wconf 84' lang='lat' dir='ltr'>corrigeret</span> <span class='ocrx_word' id='word_1_356' title='bbox 1223 3884 1272 3936; x_wconf 91' lang='lat' dir='ltr'>pro</span> <span class='ocrx_word' id='word_1_357' title='bbox 1298 3883 1332 3922; x_wconf 83' lang='lat' dir='ltr'>eo</span> <span class='ocrx_word' id='word_1_358' title='bbox 1360 3873 1440 3940; x_wconf 91' lang='lat' dir='ltr'>quod</span> <span class='ocrx_word' id='word_1_359' title='bbox 1459 3883 1492 3922; x_wconf 73' lang='lat' dir='ltr'>ert</span> 
     </span>
     <span class='ocr_line' id='line_1_38' title="bbox 249 3881 1492 4017; baseline 0.003 -29"><span class='ocrx_word' id='word_1_360' title='bbox 249 3939 314 3991; x_wconf 79' lang='lat'>1351</span> <span class='ocrx_word' id='word_1_361' title='bbox 342 3942 371 3988; x_wconf 89' lang='lat' dir='ltr'>et</span> <span class='ocrx_word' id='word_1_362' title='bbox 396 3934 452 3986; x_wconf 85' lang='lat' dir='ltr'>fere</span> <span class='ocrx_word' id='word_1_363' title='bbox 474 3933 534 3987; x_wconf 89' lang='lat' dir='ltr'>libri</span> <span class='ocrx_word' id='word_1_364' title='bbox 560 3941 682 4012; x_wconf 78' lang='lat' dir='ltr'>accurate</span> <span class='ocrx_word' id='word_1_365' title='bbox 712 3931 776 3986; x_wconf 88' lang='lat' dir='ltr'>editi</span> <span class='ocrx_word' id='word_1_366' title='bbox 803 3947 849 4013; x_wconf 75' lang='lat' dir='ltr'>ex·</span> <span class='ocrx_word' id='word_1_367' title='bbox 884 3881 1025 4010; x_wconf 54' lang='lat' dir='ltr'>ligeoprt,</span> <span class='ocrx_word' id='word_1_368' title='bbox 1044 3941 1142 3987; x_wconf 88' lang='lat' dir='ltr'>temere</span> <span class='ocrx_word' id='word_1_369' title='bbox 1155 3934 1234 3988; x_wconf 87' lang='lat' dir='ltr'>etiam</span> <span class='ocrx_word' id='word_1_370' title='bbox 1248 3933 1286 3987; x_wconf 94' lang='lat' dir='ltr'>illi</span> <span class='ocrx_word' id='word_1_371' title='bbox 1301 3936 1350 4017; x_wconf 79' lang='lat' dir='ltr'>qni</span> <span class='ocrx_word' id='word_1_372' title='bbox 1367 3939 1492 4010; x_wconf 78' lang='lat' dir='ltr'>pluralem</span> 
     </span>
     <span class='ocr_line' id='line_1_39' title="bbox 248 4001 1492 4073; baseline 0 -15"><span class='ocrx_word' id='word_1_373' title='bbox 248 4003 348 4058; x_wconf 81' lang='lat' dir='ltr'>hibent</span> <span class='ocrx_word' id='word_1_374' title='bbox 375 4001 410 4056; x_wconf 92' lang='lat' dir='ltr'>H.</span> <span class='ocrx_word' id='word_1_375' title='bbox 419 4002 437 4055; x_wconf 94' lang='lat' dir='ltr'>l.</span> <span class='ocrx_word' id='word_1_376' title='bbox 455 4009 543 4056; x_wconf 83' lang='lat' dir='ltr'>tamen</span> <span class='ocrx_word' id='word_1_377' title='bbox 554 4020 606 4056; x_wconf 86' lang='lat' dir='ltr'>una</span> <span class='ocrx_word' id='word_1_378' title='bbox 614 4001 724 4055; x_wconf 84' lang='lat' dir='ltr'>Iunrana</span> <span class='ocrx_word' id='word_1_379' title='bbox 732 4003 850 4054; x_wconf 78' lang='lat' dir='ltr'>sederem.</span> <span class='ocrx_word' id='word_1_380' title='bbox 884 4017 1022 4054; x_wconf 90' lang='lat' dir='ltr'>numerum</span> <span class='ocrx_word' id='word_1_381' title='bbox 1039 4001 1173 4056; x_wconf 84' lang='lat' dir='ltr'>efficerent</span> <span class='ocrx_word' id='word_1_382' title='bbox 1199 4005 1284 4073; x_wconf 82' lang='lat' dir='ltr'>Atque</span> <span class='ocrx_word' id='word_1_383' title='bbox 1311 4007 1409 4058; x_wconf 71' lang='lat'><em>2112·-</em></span> <span class='ocrx_word' id='word_1_384' title='bbox 1428 4011 1492 4062; x_wconf 75' lang='lat' dir='ltr'>odir-</span> 
     </span>
     <span class='ocr_line' id='line_1_40' title="bbox 282 4065 1492 4191; baseline 0 -65"><span class='ocrx_word' id='word_1_385' title='bbox 282 4081 407 4142; x_wconf 81' lang='lat' dir='ltr'>ccmpotea</span> <span class='ocrx_word' id='word_1_386' title='bbox 422 4071 561 4191; x_wconf 52' lang='lat' dir='ltr'>{¹41⁶er</span> <span class='ocrx_word' id='word_1_387' title='bbox 601 4069 706 4124; x_wconf 91' lang='lat' dir='ltr'>Modius</span> <span class='ocrx_word' id='word_1_388' title='bbox 727 4067 861 4190; x_wconf 45' lang='lat' dir='ltr'>§noerius</span> <span class='ocrx_word' id='word_1_389' title='bbox 874 4065 940 4122; x_wconf 82' lang='lat' dir='ltr'>&#39;sent</span> <span class='ocrx_word' id='word_1_390' title='bbox 958 4101 992 4110; x_wconf 88' lang='lat'>--</span> <span class='ocrx_word' id='word_1_391' title='bbox 1009 4087 1126 4151; x_wconf 67' lang='lat' dir='ltr'>coepere,</span> <span class='ocrx_word' id='word_1_392' title='bbox 1149 4073 1324 4150; x_wconf 71' lang='lat' dir='ltr'>(quamquam</span> <span class='ocrx_word' id='word_1_393' title='bbox 1347 4074 1422 4132; x_wconf 73' lang='lat' dir='ltr'>haee</span> <span class='ocrx_word' id='word_1_394' title='bbox 1461 4075 1492 4126; x_wconf 86' lang='lat' dir='ltr'>ni·</span> 
     </span>
     <span class='ocr_line' id='line_1_41' title="bbox 248 4097 1492 4210; baseline -0.001 -16"><span class='ocrx_word' id='word_1_395' title='bbox 248 4140 344 4206; x_wconf 87' lang='lat' dir='ltr'>edidit,</span> <span class='ocrx_word' id='word_1_396' title='bbox 367 4156 420 4209; x_wconf 91' lang='lat' dir='ltr'>qno</span> <span class='ocrx_word' id='word_1_397' title='bbox 456 4146 498 4193; x_wconf 86' lang='lat' dir='ltr'>eet</span> <span class='ocrx_word' id='word_1_398' title='bbox 519 4157 546 4192; x_wconf 90' lang='lat' dir='ltr'>rn</span> <span class='ocrx_word' id='word_1_399' title='bbox 563 4139 635 4193; x_wconf 84' lang='lat' dir='ltr'>Flor.</span> <span class='ocrx_word' id='word_1_400' title='bbox 652 4137 705 4192; x_wconf 86' lang='lat' dir='ltr'>AG</span> <span class='ocrx_word' id='word_1_401' title='bbox 752 4153 807 4192; x_wconf 87' lang='lat' dir='ltr'>ern.</span> <span class='ocrx_word' id='word_1_402' title='bbox 825 4137 850 4189; x_wconf 81' lang='lat' dir='ltr'>A</span> <span class='ocrx_word' id='word_1_403' title='bbox 885 4137 944 4190; x_wconf 89' lang='lat' dir='ltr'>dem</span> <span class='ocrx_word' id='word_1_404' title='bbox 970 4147 1038 4192; x_wconf 88' lang='lat' dir='ltr'>ratro</span> <span class='ocrx_word' id='word_1_405' title='bbox 1062 4156 1115 4192; x_wconf 87' lang='lat' dir='ltr'>ram</span> <span class='ocrx_word' id='word_1_406' title='bbox 1131 4139 1194 4193; x_wconf 94' lang='lat' dir='ltr'>olrm</span> <span class='ocrx_word' id='word_1_407' title='bbox 1211 4149 1307 4210; x_wconf 83' lang='lat' dir='ltr'>coepta</span> <span class='ocrx_word' id='word_1_408' title='bbox 1324 4151 1370 4196; x_wconf 81' lang='lat' dir='ltr'>eet</span> <span class='ocrx_word' id='word_1_409' title='bbox 1390 4143 1421 4199; x_wconf 91' lang='lat' dir='ltr'>in</span> <span class='ocrx_word' id='word_1_410' title='bbox 1430 4097 1492 4198; x_wconf 63' lang='lat' dir='ltr'>Plan</span> 
     </span>
     <span class='ocr_line' id='line_1_42' title="bbox 247 4205 1492 4285; baseline 0.002 -22"><span class='ocrx_word' id='word_1_411' title='bbox 247 4225 298 4263; x_wconf 86' lang='lat' dir='ltr'>neo</span> <span class='ocrx_word' id='word_1_412' title='bbox 314 4217 404 4262; x_wconf 85' lang='lat' dir='ltr'>tamen</span> <span class='ocrx_word' id='word_1_413' title='bbox 421 4207 484 4262; x_wconf 86' lang='lat' dir='ltr'>satis</span> <span class='ocrx_word' id='word_1_414' title='bbox 501 4207 597 4278; x_wconf 83' lang='lat' dir='ltr'>placet.</span> <span class='ocrx_word' id='word_1_415' title='bbox 886 4205 912 4260; x_wconf 86' lang='lat' dir='ltr'>G</span> <span class='ocrx_word' id='word_1_416' title='bbox 928 4207 973 4278; x_wconf 91' lang='lat' dir='ltr'>qui</span> <span class='ocrx_word' id='word_1_417' title='bbox 986 4209 1102 4262; x_wconf 77' lang='lat' dir='ltr'>odissent</span> <span class='ocrx_word' id='word_1_418' title='bbox 1115 4215 1143 4262; x_wconf 84' lang='lat' dir='ltr'>et</span> <span class='ocrx_word' id='word_1_419' title='bbox 1153 4209 1404 4282; x_wconf 81' lang='lat' dir='ltr'>coeperaathabet)</span> <span class='ocrx_word' id='word_1_420' title='bbox 1422 4229 1492 4285; x_wconf 85' lang='lat' dir='ltr'>quarn</span> 
     </span>
     <span class='ocr_line' id='line_1_43' title="bbox 282 4275 1492 4357; baseline 0.001 -26"><span class='ocrx_word' id='word_1_421' title='bbox 282 4281 306 4347; x_wconf 60' lang='grc' dir='ltr'>ᾗ.</span> <span class='ocrx_word' id='word_1_422' title='bbox 324 4285 349 4331; x_wconf 83' lang='grc'>4.</span> <span class='ocrx_word' id='word_1_423' title='bbox 363 4293 462 4357; x_wconf 71' lang='lat' dir='ltr'>pueros</span> <span class='ocrx_word' id='word_1_424' title='bbox 480 4293 493 4329; x_wconf 85' lang='lat' dir='ltr'>e</span> <span class='ocrx_word' id='word_1_425' title='bbox 511 4293 557 4330; x_wconf 82' lang='lat' dir='ltr'>nos</span> <span class='ocrx_word' id='word_1_426' title='bbox 575 4275 652 4330; x_wconf 77' lang='lat' dir='ltr'>tuerit</span> <span class='ocrx_word' id='word_1_427' title='bbox 670 4276 850 4343; x_wconf 77' lang='lat' dir='ltr'>coascendere]</span> <span class='ocrx_word' id='word_1_428' title='bbox 885 4276 1075 4330; x_wconf 82' lang='lat' dir='ltr'>correctionem</span> <span class='ocrx_word' id='word_1_429' title='bbox 1101 4293 1171 4332; x_wconf 86' lang='lat' dir='ltr'>nova</span> <span class='ocrx_word' id='word_1_430' title='bbox 1195 4276 1349 4332; x_wconf 81' lang='lat' dir='ltr'>coniectura</span> <span class='ocrx_word' id='word_1_431' title='bbox 1373 4291 1410 4335; x_wconf 82' lang='lat' dir='ltr'>nt</span> <span class='ocrx_word' id='word_1_432' title='bbox 1431 4285 1492 4336; x_wconf 74' lang='lat' dir='ltr'>selt-</span> 
     </span>
     <span class='ocr_line' id='line_1_44' title="bbox 247 4295 1492 4420; baseline 0 -19"><span class='ocrx_word' id='word_1_433' title='bbox 247 4347 388 4401; x_wconf 85' lang='lat' dir='ltr'>Mirsberrs</span> <span class='ocrx_word' id='word_1_434' title='bbox 404 4295 520 4398; x_wconf 69' lang='lat' dir='ltr'>Berulr</span> <span class='ocrx_word' id='word_1_435' title='bbox 537 4345 607 4399; x_wconf 80' lang='lat' dir='ltr'>Flor.</span> <span class='ocrx_word' id='word_1_436' title='bbox 625 4343 674 4396; x_wconf 85' lang='lat' dir='ltr'>AB</span> <span class='ocrx_word' id='word_1_437' title='bbox 693 4341 851 4398; x_wconf 77' lang='lat' dir='ltr'>Leidvoss.</span> <span class='ocrx_word' id='word_1_438' title='bbox 886 4345 953 4397; x_wconf 83' lang='lat' dir='ltr'>tione</span> <span class='ocrx_word' id='word_1_439' title='bbox 970 4347 1095 4416; x_wconf 75' lang='lat' dir='ltr'>proferre</span> <span class='ocrx_word' id='word_1_440' title='bbox 1123 4345 1285 4399; x_wconf 79' lang='lat' dir='ltr'>scriberetur</span> <span class='ocrx_word' id='word_1_441' title='bbox 1311 4365 1362 4418; x_wconf 89' lang='lat' dir='ltr'>pro</span> <span class='ocrx_word' id='word_1_442' title='bbox 1383 4353 1492 4420; x_wconf 72' lang='lat' dir='ltr'>preciso</span> 
     </span>
     <span class='ocr_line' id='line_1_45' title="bbox 251 4410 1331 4488; baseline 0.001 -18"><span class='ocrx_word' id='word_1_443' title='bbox 251 4424 263 4470; x_wconf 93' lang='lat'>1</span> <span class='ocrx_word' id='word_1_444' title='bbox 280 4417 372 4488; x_wconf 79' lang='lat' dir='ltr'>pueris</span> <span class='ocrx_word' id='word_1_445' title='bbox 390 4413 548 4486; x_wconf 81' lang='lat' dir='ltr'>scripturam</span> <span class='ocrx_word' id='word_1_446' title='bbox 569 4421 690 4469; x_wconf 80' lang='lat' dir='ltr'>veterum</span> <span class='ocrx_word' id='word_1_447' title='bbox 706 4410 852 4468; x_wconf 85' lang='lat' dir='ltr'>editionum</span> <span class='ocrx_word' id='word_1_448' title='bbox 885 4412 1010 4470; x_wconf 81' lang='lat' dir='ltr'>adiuvare</span> <span class='ocrx_word' id='word_1_449' title='bbox 1027 4413 1168 4486; x_wconf 78' lang='lat' dir='ltr'>temptavit</span> <span class='ocrx_word' id='word_1_450' title='bbox 1184 4413 1331 4472; x_wconf 78' lang='lat' dir='ltr'>Acidaliae.</span> 
     </span>
    </p>
   </div>
   <div class='ocr_carea' id='block_1_5' title="bbox 0 0 1586 5294">
    <p class='ocr_par' dir='ltr' id='par_1_5' title="bbox 0 0 1586 5294">
     <span class='ocr_line' id='line_1_46' title="bbox 0 0 1586 5294; baseline 0 0"><span class='ocrx_word' id='word_1_451' title='bbox 0 0 1586 5294; x_wconf 95' lang='lat' dir='ltr'> </span> 
     </span>
    </p>
   </div>
  </div>
 </body>
</html>
