3268 5286
221 305 295 377 280
625 353 627 358 ,
709 325 743 388 o.
762 321 886 376 cunm
910 323 995 376 aum
1070 307 1073 311 ’

221 508 363 584 sceleris
395 509 563 608 impellat.
630 509 733 608 Ipsos
767 509 938 582 missuros
972 507 1019 581 ad
1054 507 1253 600 oraculum,
1288 503 1367 582 non·
1397 509 1493 606 quit

220 622 343 696 Iovem
368 621 600 718 interrogent,
627 620 724 720 quod
750 647 796 695 cx
822 646 907 719 rege
933 621 1177 722 cognoveiint,
1204 619 1268 694 sed
1289 621 1354 716 ¹qui
1379 645 1459 717 gra-

222 735 290 809 tias
323 743 447 831 agant,
468 733 541 830 ‘qui
573 744 660 808 vota
685 759 751 832 pro
786 733 1029 806 incolumitate
1055 734 1149 833 regis
1175 732 1299 831 optimi
1326 733 1459 831 persol-

220 855 318 920 vant
358 843 451 918 Tum
478 870 564 919 vero
588 843 758 920 universa
782 845 902 918 contio
928 869 1079 921 accensa
1105 855 1169 936 est,
1188 854 1225 920 et
1251 869 1273 917 a
1299 844 1495 944 eorporiss

223 955 432 1030 custodibus
459 957 598 1030 initium
623 959 771 1048 factum,
799 957 1052 1050 clamantibus,
1079 952 1353 1054 discerpendum
1380 981 1461 1030 esse

223 1068 436 1169 parricidam
470 1069 634 1143 manibus
666 1093 799 1144 eorum.
851 1068 894 1142 Id
921 1068 1064 1167 quidem
1089 1068 1269 1160 Philotas,
1296 1068 1356 1166 qui
1382 1091 1462 1166 gra-

221 1182 324 1256 viora
350 1180 522 1280 supplicia
547 1192 732 1288 metueret,
749 1179 848 1254 haud
874 1204 960 1255 sane
986 1181 1107 1279 iniquo
1133 1180 1252 1254 animo
1279 1177 1459 1252 audiebat.

172 1297 220 1368 42
324 1293 405 1368 Rex
436 1293 473 1365 in
506 1293 708 1368 contionem
741 1317 923 1384 reversuS,
955 1293 1032 1367 sive
1058 1303 1099 1366 ut
1123 1291 1161 1364 in
1188 1289 1350 1364 custodia
1376 1309 1496 1388 quo-e

225 1432 293 1505 que
319 1413 513 1504 torqueret,
540 1405 616 1480 sive
642 1415 684 1478 ut
710 1404 912 1502 diligentius
939 1407 1068 1480 cuncta
1094 1412 1359 1503 cognosceret,
1379 1427 1461 1476 con·

224 1519 342 1592 cilium
373 1517 411 1589 in
442 1527 643 1614 posterum¹
661 1515 756 1591 diem
782 1515 934 1592 distulit:
970 1527 1007 1592 et
1033 1539 1249 1616 quamquam
1274 1515 1311 1586 in
1337 1539 1462 1612 vespe·

223 1655 302 1703 ram
339 1625 532 1702 inclinabat
563 1628 655 1720 dice,
696 1637 817 1702 tamen
852 1631 984 1704 amicos
1025 1626 1215 1703 convocari
1246 1626 1355 1702 iubet.
1414 1625 1464 1698 Et

225 1741 350 1816 ceteris
377 1739 520 1838 quidem
546 1742 720 1840 placebat,
746 1739 983 1816 Macedonum
1008 1765 1108 1814 more
1135 1737 1238 1812 obrui
1265 1738 1372 1830 saxis,
1391 1736 1463 1811 He·

227 1853 416 1952 phaestion
443 1863 564 1926 autem
590 1863 628 1929 et
641 1849 809 1927 Craterus
836 1865 873 1927 et
893 1851 1033 1927 Coenus
1060 1849 1246 1926 tormentis
1273 1850 1463 1924 unitatem
1482 1865 1517 1915 10

138 2035 140 2050 ,
226 1964 495 2064 exprimendam
521 1991 600 2040 csse
627 1966 805 2056 dixerunt,
828 1976 865 2041 et
889 1965 938 2038 illi
965 1991 1116 2064 quoque,
1137 1963 1197 2061 qui
1223 1960 1321 2036 aliud
1346 1985 1464 2036 suase·

224 2087 325 2169 rant,
359 2078 397 2149 in
427 2079 556 2152 horum
591 2079 804 2154 sententiam
844 2087 1041 2151 transeunt.
1104 2073 1277 2151 Consilio
1295 2099 1381 2172 ergo
1414 2072 1465 2145 di·
1485 2091 1516 2140 11

227 2190 354 2279 misso,
381 2187 626 2287 Hephaestion
653 2215 734 2264 cum
760 2188 909 2265 Cratero
936 2199 973 2263 et
999 2186 1120 2263 Coeno
1148 2187 1195 2260 ad
1221 2186 1467 2284 quaestionem

228 2301 273 2373 de
299 2298 442 2373 Philota
472 2299 677 2374 habendam
711 2311 941 2400 consurgunt.
993 2299 1073 2376 Rex
1100 2297 1249 2376 Cratero
1282 2297 1465 2390 accersito,
1486 2319 1517 2366 12

227 2421 265 2486 et
291 2434 454 2484 seimone
481 2409 614 2503 habito,
642 2412 741 2485 cuius
768 2438 908 2488 summa
933 2439 1005 2487 non
1032 2412 1129 2488 edita
1155 2423 1220 2503 est,
1241 2410 1279 2484 in
1302 2411 1467 2486 intimam

226 2521 413 2595 diversorii
446 2531 587 2620 partem
619 2524 780 2616 secessit,
817 2537 854 2600 et
887 2525 1033 2599 remotis
1066 2526 1208 2599 arbitris
1244 2525 1282 2597 in
1316 2523 1468 2596 multam

226 2644 370 2708 noctem
401 2633 618 2732 quaestionis
636 2636 861 2734 expectavit
893 2647 1072 2710 eventum.
1125 2636 1295 2711 Tortores
1322 2635 1359 2709 in
1385 2655 1518 2707 con-1³
1621 2659 1622 2682 .

228 2754 390 2843 spectum
402 2743 566 2820 Philotae
593 2749 714 2822 omnia
734 2747 961 2823 'crudelitatis
987 2748 1236 2824 instrumenta
1251 2756 1467 2848 proponunt.

227 2857 275 2929 Et
301 2857 359 2930 ille
386 2858 490 2950 ultro,
520 2855 613 2942 Quid
637 2860 779 2954 cessatis,
805 2860 934 2958 inquit,
960 2863 1048 2962 repis
1074 2862 1521 2962 inimicum,iateifecte14
1621 2907 1622 2914 κ

227 2995 312 3063 rem,
345 2971 543 3068 coeptantem
574 2971 741 3048 occidam?
773 2973 856 3074 quid
886 2973 1071 3073 quaestione
1105 3001 1189 3074 opus
1220 2973 1287 3049 est?
1321 2969 1471 3070 capitoni,

228 3081 327 3158 volui.
380 3079 550 3157 Craterus
577 3085 730 3183 exigere,
758 3095 807 3177 ut,
835 3111 926 3182 quae
953 3085 1193 3178 confiteretur,
1219 3085 1256 3158 in
1282 3081 1469 3158 tormentis

263 3357 286 3434 ᾖ.
306 3361 329 3406 7.
351 3371 404 3406 non
438 3353 467 3406 ai
485 3351 578 3406 Iovem.
605 3353 677 3407 Aldo
695 3361 832 3425 acceptum
867 3356 943 3410 codd
967 3349 1021 3410 nec
1037 3356 1090 3411 scio
1112 3356 1155 3410 cui
1176 3357 1255 3410 bono.
1296 3354 1350 3409 Sed
1372 3372 1406 3425 qu
1439 3371 1472 3408 ue

228 3425 347 3489 serimus,
372 3370 443 3492 quod
465 3438 518 3473 aon
535 3437 567 3474 eo
583 3419 642 3474 loco
695 3422 774 3476 situm
792 3432 833 3476 est
868 3425 991 3492 offendit,
1010 3434 1042 3478 ut
1058 3425 1116 3480 loco
1134 3443 1189 3478 non
1205 3443 1253 3479 suo
1270 3424 1400 3496 positum.
1443 3439 1471 3475 e·
1571 3431 1577 3446 ·

230 3509 283 3563 quo
309 3491 402 3557 debet,
429 3504 490 3541 nam
516 3489 591 3542 codd.
614 3489 660 3559 qui
678 3507 720 3543 em
743 3507 832 3544 omnes
867 3495 942 3546 beret
968 3493 1038 3547 enim
1063 3504 1192 3565 torqueret
1214 3511 1321 3564 quoque.
1356 3491 1410 3546 Sed
1436 3492 1470 3548 cf.

229 3567 334 3613 vetusto
363 3573 452 3612 errore
479 3564 540 3627 post
569 3559 727 3629 inemoyent
753 3559 833 3615 collo-
867 3579 948 3643 supra
964 3563 999 3615 ad
1016 3579 1071 3634 esp.
1090 3570 1133 3629 20,
1152 3568 1176 3615 5.

233 3637 303 3682 cant.
901 3650 931 3683 m
947 3646 1088 3700 vesperam.
1123 3631 1200 3686 Unus
1214 3629 1321 3684 blond
1339 3631 1367 3682 in
1385 3643 1473 3698 vespe·

125 3699 130 3712 '
266 3701 289 3766 ξ.
308 3701 332 3751 8.
367 3695 487 3748 manibus
506 3711 602 3748 eorum.
638 3695 744 3750 Medius
762 3698 833 3766 ι’ρεο-
867 3717 933 3752 ram.
959 3699 1030 3752 Tum
1046 3701 1190 3770 praeetio
1207 3709 1293 3752 autem
1311 3696 1474 3752 sinenfinali

230 3785 289 3819 rum
311 3783 364 3818 non
389 3763 471 3831 male,
495 3765 541 3817 sed
560 3763 635 3818 codd.
662 3783 715 3820 non
741 3767 834 3820 suffre-
868 3767 1474 3888 Voss.1.2etFlor.omnesproete1-Bet

230 3843 336 3906 gantur.
372 3833 466 3904 Neque
479 3832 530 3887 hoc
543 3850 603 3887 raro
616 3833 647 3886 fit
661 3852 677 3887 a
691 3835 833 3904 veteribus,
871 3836 910 3903 G,
937 3837 1096 3907 Hephaestio
1124 3837 1204 3890 etiam
1227 3835 1302 3889 Lei.
1336 3834 1473 3906 Asphatio

231 3913 262 3956 ut
279 3921 338 3956 cum
349 3901 658 3981 pronomenreflexivum
672 3904 837 3975 nonpossint
872 3905 978 3977 quidem
995 3906 1050 3959 fere
1067 3904 1198 3960 omittitur
1215 3903 1243 3958 in
1260 3904 1333 3958 libris
1350 3921 1410 3957 mss.

231 3971 358 4026 adhibere
385 3972 419 4025 ob
450 3969 563 4041 ahquam
590 3987 707 4039 causam,
742 3973 837 4026 malint
906 3977 928 4042 §-
954 3981 994 4028 13.
1033 3976 1063 4028 in
1088 3983 1250 4044 conspectam
1266 4005 1301 4014 -—
1313 3983 1474 4043 proponunt

232 4043 301 4124 eius,
317 4042 361 4122 ρι’,
384 4058 440 4094 eom
458 4046 501 4118 cet
518 4055 629 4108 ponere,
647 4058 724 4110 quam
742 4043 836 4122 ipsius,
870 4042 960 4124 Ynlgo
977 4045 1006 4096 in
1023 4053 1158 4124 conpectu
1177 4042 1248 4114 quod
1265 4060 1319 4096 non
1336 4049 1405 4096 esset
1416 4059 1474 4095 cor-

231 4107 836 4256 malacitanamutu
870 4113 1214 4236 uehemens
1228 4110 1474 4249 tenende.-

231 4249 321 4301 oddito
346 4255 414 4298 meta
436 4253 540 4310 morus,
567 4261 590 4296 ez
611 4261 639 4298 ee
661 4247 744 4300 oeulis
767 4248 836 4301 etue
870 4249 935 4302 nihil
952 4250 985 4302 ab
1003 4248 1065 4302 olim
1083 4249 1153 4320 vulg.
1172 4248 1304 4302 diversum
1326 4251 1474 4317 enotatur.)

233 4317 373 4370 obtulisset.
871 4319 926 4373 Cic.
944 4317 1052 4372 inRull.
1069 4325 1136 4372 orat.
1154 4325 1180 4387 2,
1199 4324 1214 4372 5
1233 4325 1301 4371 extr.
1320 4320 1361 4371 lex
1378 4319 1407 4369 in
1421 4335 1475 4386 pa-

269 4385 335 4454 Cap.
358 4389 405 4451 42,
453 4421 459 4434 .
483 4387 506 4436 9.
541 4382 570 4434 ia
592 4385 711 4436 untedio
738 4401 836 4456 quoque
871 4389 965 4440 blicam
986 4389 1162 4457 proponitur,
1197 4387 1242 4440 ubi
1270 4387 1361 4441 credes
1387 4385 1474 4440 Gara·
1619 4347 1622 4474 l

233 4463 369 4528 torqueret.
453 4449 529 4504 odius
558 4461 720 4524 torqueretur
745 4462 837 4510 contra
870 4455 954 4512 tonio.
1621 4483 1622 4556 p
