3270 5290
257 369 332 440 114
729 389 763 454 1.
791 389 915 444 curru
939 393 1026 445 1011

253 566 334 622 bitur.
370 571 428 635 (11)
445 566 489 621 Ibi
505 567 612 624 litterae
629 587 646 623 a
662 568 822 624 Naharuane
839 569 935 624 allatae
953 579 1022 636 sunt,
1040 569 1134 643 quihus
1152 585 1180 624 se
1197 567 1343 637 excusavit,
1361 568 1435 640 quod
1452 583 1504 620 11-

254 643 375 697 cessitate
394 651 499 698 coactus
522 654 616 700 101111
631 646 749 700 Dareum
767 645 957 714 comanerent,
985 663 1065 720 seque
1083 646 1212 701 deditioni
1229 655 1353 717 paratam
1369 644 1503 712 ostendit,

254 719 277 774 si
294 720 375 774 fidem
392 719 418 774 ei
435 736 484 774 rex
502 720 614 776 dederit.
640 723 679 778 Et
695 739 755 775 eam
774 722 882 793 quidem
900 723 975 778 dedit
990 723 1153 778 Alexander.
1181 728 1239 791 (11)
1249 722 1397 793 Hyrcania,
1416 738 1502 793 quam

253 806 310 851 turn
328 807 427 852 terram
444 796 566 866 intravit,
591 799 762 866 describitur,
785 799 958 870 pinguissima
980 799 1057 854 vallis
1079 801 1114 854 ad
1135 817 1208 854 mare
1227 799 1355 870 Caspium
1373 798 1501 852 demissa.

255 878 315 945 (13)
333 873 496 930 Procedenti
514 873 740 945 Phrataphernes,
759 875 945 947 Hyrcanorum
963 885 991 931 et
1007 875 1217 948 Parthyaeorum
1234 885 1351 947 satrapa,
1370 891 1431 928 sese
1450 875 1501 926 ds-

255 953 310 1020 dit,
333 959 363 1005 et
385 951 536 1006 Phradates
559 951 709 1021 praefectus
734 951 917 1022 Tapurorum,
945 959 1003 1022 (14)
1024 971 1106 1024 porro
1128 953 1278 1009 Artabazus
1301 969 1361 1007 cum
1383 949 1501 1006 Graecis

254 1027 383 1084 militibus
401 1029 436 1082 ad
453 1025 574 1081 ultimum
591 1027 681 1081 Dareo
699 1027 831 1083 fidelibus.
858 1030 895 1084 Et
911 1029 957 1082 ills
976 1031 1083 1101 quidem
1100 1029 1212 1086 comiter
1229 1033 1263 1084 ab
1273 1029 1431 1084 Alexandro
1450 1043 1502 1080 ex·

257 1105 367 1177 cipitur,
387 1107 447 1176 (15)
466 1104 515 1158 sed
532 1103 630 1160 Graeci
647 1104 720 1157 mille
738 1115 767 1160 et
784 1105 922 1178 quingenti
940 1114 1096 1161 cunctanter
1113 1123 1142 1160 ss
1159 1104 1231 1176 regis
1248 1104 1312 1160 fidei
1329 1104 1500 1176 permittam,

254 1199 306 1236 nec
323 1190 413 1236 111111
429 1189 537 1253 praeter
553 1179 827 1237 Lacedaemoniorum
844 1183 949 1254 legatos
968 1182 1109 1255 quicquam
1126 1183 1233 1254 gravius
1250 1180 1398 1255 patiuntur.
1436 1181 1500 1250 (11)

256 1261 327 1314 Tum
348 1267 458 1330 gentem
479 1258 564 1311 feram
580 1257 738 1312 Mardorum
759 1267 872 1330 propter
893 1259 1027 1332 singulare
1044 1257 1198 1314 munitionis
1216 1276 1302 1331 genus
1319 1275 1418 1329 magna
1438 1273 1501 1310 cum

254 1335 379 1391 molestia
401 1351 556 1406 aggressus,
583 1335 642 1405 (11)
661 1335 733 1407 capti
754 1335 835 1390 etiam
852 1337 1024 1408 Bucephalas
1047 1335 1142 1390 dolore
1163 1335 1283 1408 graviterc
1301 1341 1499 1400 commovetur,

254 1431 352 1485 equum
375 1419 463 1466 tamea
488 1410 596 1468 barbari
619 1413 750 1482 reddunt,
775 1421 804 1467 et
827 1421 912 1468 semet
928 1413 1002 1483 ipsos
1027 1412 1173 1483 pertinacia
1198 1412 1272 1484 regis
1297 1411 1362 1468 victi
1385 1411 1500 1464 dedunt.

253 1488 423 1544 Adiiciuntur
442 1488 627 1558 praefecturae
649 1487 801 1545 Phradatis.
843 1493 903 1562 (18)
923 1489 1046 1544 Tandem
1070 1489 1246 1544 Nabarzanes
1269 1489 1315 1542 diu
1336 1494 1500 1559 expectatus

253 1565 282 1618 in
300 1564 374 1636 regia
391 1566 458 1617 urbe
475 1565 628 1636 Hyrcaniae
647 1567 831 1633 (Zadracarta
849 1567 1045 1638 appellabatur)
1063 1583 1123 1619 sese
1136 1566 1287 1620 Alexandri
1304 1565 1368 1620 fidei
1386 1563 1501 1636 permit-

253 1642 294 1696 tit
327 1641 631 1711 (11)Ι111Τ111111111”1,
654 1642 748 1714 regina
765 1645 945 1710 Amazonum,
973 1643 1008 1696 ad
1024 1658 1117 1712 regem
1133 1641 1240 1696 1111111
1258 1644 1352 1711 serum,
1372 1641 1448 1696 cuius
1466 1638 1500 1693 li-

253 1716 352 1771 bidinis
371 1719 521 1790 explendae
540 1735 620 1773 causa
637 1719 788 1790 complures
807 1719 865 1774 dies
883 1717 1010 1775 substitit.

321 1796 382 1865 (10)
399 1795 467 1848 ande
484 1795 512 1849 in
528 1795 693 1850 Parthienen
709 1813 832 1850 reversus
851 1795 1001 1868 superbiam
1019 1803 1048 1848 et
1064 1795 1195 1850 luxuriem
1212 1812 1306 1868 regum
1323 1793 1499 1849 Persicorum

252 1870 377 1924 1111111111
396 1871 499 1944 coepit,
518 1875 578 1944 (11)
596 1889 708 1944 cumque
724 1872 821 1927 milites
838 1891 897 1926 eam
914 1889 970 1926 rem
988 1870 1106 1942 graviter
1122 1873 1193 1926 ferre
1210 1869 1400 1937 intellexisset,
1418 1883 1499 1939 prae-

252 1949 409 2002 vertendum
426 1959 508 2017 ratus,
527 1949 649 2017 Bessum,
664 1949 719 2002 ianr
738 1949 894 2004 Artaxerxis
913 1947 1021 2002 nomine
1038 1963 1130 2018 regem
1148 1950 1300 2016 1111111111,
1309 1947 1385 2001 bello
1404 1960 1500 2016 perse·

252 2023 298 2095 qui
321 2025 427 2094 statuit,
455 2034 484 2080 et
505 2025 623 2080 sarcinas
645 2025 728 2079 totius
756 2026 890 2081 1111111111
917 2033 1025 2096 praeter
1046 2023 1160 2078 maxime
1185 2024 1349 2080 necessarias
1374 2019 1500 2076 comburi

251 2099 335 2155 iussit
371 2105 430 2172 (11)
453 2102 511 2156 Iam
533 2101 562 2155 in
582 2101 752 2156 Bactrianam
778 2100 955 2173 proficiscenti
978 2097 1114 2153 nuntiatur
1136 2101 1340 2168 Satibarzanes,
1369 2098 1413 2154 cui
1439 2097 1500 2167 ipse

251 2176 331 2246 paulo
350 2187 412 2230 ante
430 2177 547 2232 Arianae
565 2187 716 2249 satrapeam
733 2179 899 2246 restituerat,
919 2175 1049 2230 defecisse
1067 2176 1101 2230 ab
1120 2193 1162 2232 10.
1197 2179 1308 2250 Itaque,
1332 2175 1436 2230 omisso
1455 2171 1502 2226 iti·

251 2268 316 2304 nere
334 2251 452 2322 incepto,
471 2254 541 2307 huuc
558 2253 630 2324 prius
648 2254 724 2324 petit
760 2255 945 2309 Satibarzanes
968 2270 1028 2306 cum
1049 2251 1149 2323 exigua
1169 2272 1279 2309 11011111
1296 2271 1378 2306 manu
1396 2252 1502 2306 Bactra

250 2327 327 2396 fugit
361 2329 519 2384 Alexander
536 2329 675 2384 Craterum
692 2331 843 2386 Artaeacna
860 2346 1017 2401 oppugnare
1034 2329 1117 2382 iubet.
1150 2335 1208 2398 (11)
1226 2331 1291 2402 Ipse
1310 2329 1380 2384 alios
1398 2327 1503 2382 barba-

250 2420 304 2468 ros,
323 2403 368 2473 qui
386 2403 415 2456 in
431 2404 567 2458 montibus
585 2407 771 2473 consederant,
790 2406 853 2478 igne
871 2413 1016 2476 expugnat,
1035 2406 1161 2473 (14)1111
1177 2409 1331 2460 1111101011
1348 2404 1432 2470 redit,
1452 2403 1503 2456 de·

250 2480 346 2533 dentes
364 2488 449 2535 semet
464 2480 493 2534 in
511 2481 591 2535 fidem
609 2480 714 2551 accipit
750 2483 818 2536 Inde
840 2482 1025 2552 supplemento
1043 2479 1157 2536 milium
1175 2490 1268 2536 auctus
1286 2481 1417 2552 Drangas
1436 2495 1503 2550 per·

249 2554 325 2609 venit
343 2573 456 2626 quorum
473 2565 593 2628 satrapes
610 2557 774 2612 Bamaeutes
793 2559 940 2628 aufugerat

320 2634 381 2702 (15)
398 2631 440 2687 Ibi
463 2632 639 2688 commoranti
665 2633 829 2688 domesticae
851 2632 964 2687 insidiae
989 2641 1129 2703 parantur,
1151 2651 1264 2705 quarum
1286 2633 1429 2704 particeps
1448 2631 1501 2686 Di·

250 2727 327 2762 mnus
350 2725 408 2764 reru
428 2725 488 2763 eum
504 2709 686 2778 Nicomacho,
704 2709 806 2762 deliciis
831 2709 898 2776 suis,
917 2707 1100 2764 communicat
1136 2712 1197 2779 (at)
1213 2709 1399 2766 Nicomachus
1422 2706 1505 2762 fratri

252 2785 384 2840 Cebalino
407 2786 503 2840 desert
537 2787 565 2841 Is
586 2785 724 2840 Philotam
746 2785 814 2854 adit,
839 2795 982 2857 rogatque,
1009 2792 1039 2839 ut
1060 2783 1118 2856 regi
1141 2786 1256 2841 nuntiet
1296 2787 1426 2841 Philotas
1444 2802 1506 2838 rem

247 2862 443 2933 procrastinat,
469 2881 501 2918 ac
521 2863 700 2934 suspicionem
723 2864 808 2916 malae
831 2862 894 2916 fidei
921 2863 1042 2932 praebet.
1077 2860 1173 2932 Itaque
1193 2862 1341 2918 Cebalinus
1364 2861 1506 2934 (1111111-

249 2948 357 2994 tronem
374 2941 508 3011 quendam
525 2957 581 2994 rem
598 2940 633 2994 ad
650 2940 834 2994 Menandrum
851 2940 946 2992 defert.
970 2939 1030 3006 (11)
1047 2937 1161 2992 Dimnus
1180 2941 1394 3010 comprehensus
1415 2945 1507 2994 semet

250 3015 309 3087 ipse
326 3015 459 3085 interficit,
480 3017 625 3072 Cebalinus
642 3016 778 3070 Philotam
794 3013 1040 3086 procrastinationis
1059 3021 1172 3068 accusat
1208 3019 1268 3084 (18)
1287 3015 1343 3070 Hie
1360 3023 1507 3087 purgatae

250 3093 318 3162 regi,
337 3095 410 3163 quod
427 3093 553 3148 indicium
571 3091 770 3162 mntempserit,
789 3099 817 3144 11
833 3089 946 3161 primum
963 3099 1097 3162 tamquam
1114 3090 1254 3144 absolutus
1264 3090 1421 3146 dimittitur.
1441 3092 1507 3161 (19)

249 3169 307 3223 Sed
324 3178 429 3239 postea,
448 3168 559 3223 consilio
577 3169 722 3223 amicorum
739 3169 884 3235 advocato,
903 3167 1042 3233 Gratenrs,
1061 3165 1181 3220 inimicus
1200 3165 1345 3236 Philotas,
1364 3168 1442 3240 regis
1461 3185 1509 3222 su·

250 3242 383 3313 spiciones
401 3245 529 3298 adversus
546 3244 621 3297 illum
638 3251 793 3314 patremque
812 3243 868 3294 eius
886 3240 1090 3296 Parmenionem
1108 3241 1189 3311 acuit,
1209 3245 1273 3310 (to)
1289 3241 1509 3316 1111110111τὶ-

249 3319 383 3372 minosum
399 3319 525 3373 Philotae
547 3318 682 3372 silentium
703 3325 844 3387 arguentes
867 3316 1051 3386 quaestionem
1068 3318 1102 3370 de
1120 3334 1154 3372 10
1173 3319 1330 3374 habendam
1356 3337 1420 3374 1111
1440 3337 1509 3374 ceu·

251 3402 320 3447 sent.
355 3397 416 3466 (sl)
434 3394 530 3464 Itaque
546 3411 596 3447 rex
613 3393 725 3448 comiter
742 3392 876 3445 dimissum
894 3401 972 3446 nocte
990 3393 1110 3464 proxima
1128 3413 1188 3450 cum
1205 3396 1321 3464 ceteris,
1340 3397 1388 3468 qui
1408 3395 1510 3452 coniu-

252 3485 326 3522 rasse
343 3469 514 3538 dicebantur,
538 3469 656 3522 unctum
673 3467 701 3520 in
718 3467 820 3538 regiam
841 3468 938 3522 attrahi
956 3469 1039 3523 iussit
1076 3473 1135 3540 (11)
1153 3471 1227 3526 Luce
1245 3481 1307 3527 orta
1324 3471 1355 3526 iu
1372 3473 1512 3528 contione

250 3543 364 3598 militum
381 3547 415 3597 de
434 3542 618 3598 coniuratione
636 3543 763 3613 queritur,
783 3553 811 3596 et
828 3551 964 3597 auctorem
981 3545 1036 3598 eius
1045 3545 1264 3616 Parmenionem,
1283 3547 1512 3604 ministrosPhi·

250 3621 342 3686 lotam,
361 3620 432 3674 illius
448 3620 545 3689 filium,
567 3637 626 3674 1111
643 3619 779 3678 Peucolao
798 3627 827 3672 et
842 3619 982 3675 Demetrio
999 3622 1126 3690 appellat.
1162 3625 1222 3692 (11)
1242 3624 1384 3680 indicibus
1404 3625 1512 3680 auditis

250 3695 375 3749 Philotae
398 3696 531 3750 silentium
553 3695 654 3766 arguit,
681 3697 741 3764 (14)
758 3695 862 3766 reliqua
886 3695 965 3750 ammi
987 3697 1086 3750 dudum
1105 3698 1185 3752 alieni
1204 3712 1367 3772 argumenta
1386 3701 1512 3773 colligit,

251 3778 344 3840 aperte
367 3772 482 3843 denique
500 3773 666 3828 Macedones
688 3779 760 3838 orat,
788 3780 817 3825 ut
840 3789 913 3824 suam
935 3771 1047 3824 salutem
1069 3773 1212 3845 puniendis
1230 3776 1348 3834 inimicis
1367 3787 1513 3834 mannan.

251 3849 311 3915 (35)
331 3845 401 3899 Tum
417 3848 539 3904 Philotas
557 3849 701 3919 productus
718 3846 864 3901 miserabili
883 3855 992 3916 aspectu
1010 3845 1112 3903 11111101
1130 3851 1245 3906 militam
1262 3863 1368 3910 movet.
1400 3855 1515 3910 Verum

252 3928 345 3974 001111
367 3939 427 3975 eum
449 3925 604 3978 cooriuntur
621 3931 649 3976 et
666 3923 812 3992 Amyntas,
840 3924 898 3992 (tc)
917 3931 946 3977 et
963 3922 1081 3992 Coenus,
1100 3934 1128 3979 et
1145 3927 1204 3997 ipse
1222 3947 1287 3998 rex,
1311 3931 1452 3988 invidiam
1470 3931 1514 3986 illi

251 4015 287 4050 ex
305 4015 354 4049 usu
372 3998 467 4052 Graeci
489 3998 618 4052 sermonis
641 3999 768 4053 11111111.
804 4000 862 4068 (et)
882 3999 952 4053 Tum
968 3999 1091 4054 Philotas
1109 4001 1299 4062 defensionem
1316 4009 1366 4063 rix
1386 4009 1516 4064 orditur:

252 4089 281 4126 11
299 4072 369 4126 inter
386 4074 537 4127 coniuratos
555 4091 610 4128 non
626 4091 685 4128 esse
703 4076 875 4144 nominatum,
894 4077 1067 4143 (38Junicum
1084 4085 1112 4130 et
1129 4096 1222 4134 verum
1241 4083 1347 4138 crimen
1367 4085 1518 4140 silentium

243 4164 320 4200 esse.
347 4149 379 4200 Id
397 4150 515 4218 queuntis
534 4166 582 4202 rex
600 4150 687 4204 oranti
705 4151 757 4204 iam
774 4151 913 4220 remiserit,
933 4152 1053 4206 excusari
1070 4159 1162 4208 tamen
1179 4157 1293 4211 levitate
1312 4159 1425 4230 indicis,
1448 4167 1513 4230 (39)

253 4232 281 4276 11
298 4223 477 4277 innocentiam
494 4243 567 4278 suam
584 4241 617 4278 ea
634 4225 737 4296 ipsura
755 4227 872 4298 probari,
891 4229 963 4298 quod
981 4227 1047 4281 nihil
1064 4228 1148 4284 biduo
1168 4233 1266 4302 egerit,
1286 4237 1406 4306 probari
1426 4239 1519 4294 etiam

252 4299 308 4352 rita
325 4307 457 4352 anteacta:
475 4319 525 4354 nec
542 4319 621 4371 posse
640 4301 691 4354 sibi
709 4301 809 4355 crimini
828 4303 904 4370 verti,
924 4305 996 4374 quod
1010 4306 1144 4372 Amyntae
1163 4308 1236 4379 regis
1255 4313 1380 4381 patrueli
1400 4316 1519 4384 (conso-

253 4377 354 4427 brinum
372 4379 486 4443 appellat
506 4377 621 4445 Curtius,
641 4381 772 4448 culparem
789 4383 995 4434 cousuetudinem
1013 4387 1127 4448 secutus)
1147 4384 1246 4438 1111111
1266 4387 1363 4456 suerit,
1379 4399 1411 4444 et
1431 4393 1519 4446 deuna

253 4465 313 4502 esse
330 4449 510 4506 Alexandrum
529 4469 608 4524 aegre
625 4471 717 4524 passus
736 4453 776 4509 sit
813 4459 870 4524 (10)
889 4455 977 4508 Putris
1000 4455 1116 4528 denique
1140 4459 1213 4514 sonis
1231 4461 1378 4520 fortunam
1396 4467 1520 4524 misera-
