3254 5292
504 411 554 460 ns
581 407 708 462 essms
735 409 844 460 snex.
870 409 921 480 iv,
957 406 1001 455 sc.
1315 389 1387 462 149

103 597 288 676 rumice
312 621 379 670 uon
404 611 453 672 est
476 597 567 698 quod
596 596 721 673 virtum
753 595 931 696 quaequam
955 593 1115 669 aarum
1140 617 1181 667 ec
1206 593 1291 686 acie,
1317 595 1387 687 scd,

138 720 177 782 ut
207 733 276 800 nce,
310 719 349 780 ut
376 707 535 810 Plrbppo
563 721 664 808 patre
698 707 838 807 dippum
863 719 925 798 est,
963 717 1142 805 contempto
1172 705 1387 780 sarcinarum

105 819 265 894 edernae
280 819 417 922 sertim
443 821 584 896 dimicet.
636 818 783 892 Interim
813 815 958 890 barbari
984 815 1240 915 impedimenta
1264 817 1386 890 turba·

139 940 278 1023 verant,
292 931 476 1029 caesisque
502 931 684 1030 plerisque
709 927 910 1019 custodum,
925 927 1069 1027 captivi,
1081 928 1232 1002 vinculis
1258 927 1385 1027 ruptis,

139 1041 310 1139 quicquid
348 1043 495 1117 obvium
533 1053 626 1134 erat,
668 1065 740 1140 quo
776 1040 907 1114 armari
941 1051 1106 1139 possent,
1141 1039 1317 1137 arripiunt
1348 1049 1386 1112 et

139 1154 326 1252 aggregati
353 1177 501 1228 suorum
527 1153 706 1253 equitibus
734 1149 968 1243 Macedonas,
994 1151 1140 1250 micipiti
1167 1151 1386 1226 circumven-

88 1282 122 1330 1o
140 1273 200 1335 tos
226 1265 337 1355 melu,
372 1263 565 1340 invadunt:
606 1266 760 1363 laetique
796 1264 857 1361 qui
883 1263 977 1336 circa
1004 1259 1245 1362 Sisygambim
1271 1273 1384 1354 erant,

139 1375 269 1448 vicisse
299 1373 475 1466 Dareum,
509 1377 646 1476 ingenti
677 1374 787 1450 caede
819 1383 1020 1474 prosmatos
1052 1374 1192 1464 hostes,
1226 1373 1274 1448 ad
1306 1376 1385 1448 ulti·
1428 1373 1432 1382 '

138 1511 238 1560 mum
277 1487 386 1561 etiam
424 1489 688 1588 impedimentis
728 1497 859 1561 exutos
894 1510 988 1576 esse,
1027 1485 1214 1575 nuntiant,
1254 1487 1386 1586 quippe

139 1595 292 1672 eandem
317 1601 500 1674 fortunam
525 1601 658 1698 ubique
685 1623 764 1674 esse
790 1595 996 1687 credebant,
1023 1607 1060 1670 et
1085 1598 1240 1670 victores
1254 1596 1387 1672 Persas

87 1727 120 1774 11
140 1705 188 1781 ad
212 1709 385 1807 praedam
417 1710 636 1785 discurrisse.
690 1705 927 1809 Sisygambis,
959 1708 1189 1782 hortantibus
1221 1711 1385 1808 captivis,

139 1831 182 1893 ut
208 1821 367 1896 animum
393 1848 417 1896 a
442 1847 604 1897 maerore
631 1823 813 1913 allevaret,
839 1822 876 1894 in
903 1817 1048 1911 eodem,
1075 1845 1147 1918 quo
1174 1829 1282 1894 antea
1306 1821 1385 1911 fuit,

137 1933 395 2030 perseveravit.
448 1931 530 2007 Non
555 1958 631 2007 vox
658 1933 731 2006 ulla
757 1930 891 2005 excidit
916 1930 959 2022 ei,
985 1956 1059 2003 non
1085 1931 1157 2004 oris
1184 1931 1283 2003 color
1308 1931 1385 2004 vul·

139 2053 246 2117 tusve
271 2053 434 2118 mutatus
462 2055 544 2128 est:¹
560 2044 654 2118 sedit
679 2043 879 2135 immobilis,
896 2040 1031 2142 (credo,
1044 2041 1236 2140 praecoqui
1249 2041 1383 2140 gaudio

139 2155 257 2227 verita
281 2155 423 2228 irritare
447 2155 656 2254 fortunam)
683 2153 774 2228 adeo
799 2165 856 2246 ut,
884 2152 970 2251 quid
995 2154 1136 2244 mallet,
1161 2154 1385 2228 intuentibus

87 2283 119 2331 12
139 2289 222 2337 eam
246 2265 353 2339 fuerit
378 2267 564 2340 incertum.
603 2267 702 2342 Inter
727 2267 817 2340 haec
841 2263 1022 2358 Menidas,
1059 2266 1262 2365 praefectus
1290 2265 1386 2363 equi·

138 2387 220 2450 tum
244 2375 460 2469 Alexandri,
499 2403 582 2451 cum
613 2378 737 2478 paucis
762 2379 890 2452 turmis
917 2403 1023 2476 opem
1048 2377 1310 2477 impedimentis
1336 2377 1386 2450 la-

138 2498 244 2560 turus
265 2487 479 2586 pdvenerat,
505 2491 682 2564 incertum
708 2515 821 2564 suone
847 2490 1005 2581 consilio,
1023 2515 1070 2563 an
1096 2491 1190 2588 regis
1216 2488 1385 2586 imperio:

137 2675 233 2744 Itaque
255 2689 310 2726 non
327 2671 447 2726 dubitari
465 2673 567 2727 codices
584 2673 663 2727 etiam
682 2672 745 2728 alibi
779 2675 905 2729 rnnormn
922 2673 1011 2741 lectio,
1030 2672 1216 2728 coniunctione
1224 2676 1273 2726 red
1280 2673 1383 2727 omissa.

137 2741 346 2862 mantione
363 2741 416 2794 nde
433 2741 521 2822 sequi,
538 2741 614 2796 Leid.
631 2743 710 2798 Voss.
731 2749 743 2796 l
779 2742 951 2797 Membratim
967 2750 1068 2808 namt,
1086 2759 1140 2813 qua
1156 2757 1186 2795 re
1199 2741 1316 2796 efficacia
1324 2759 1384 2794 ora·

214 2810 260 2862 ‚A
278 2807 421 2878 Fusae,
439 2811 533 2881 quibus
550 2828 579 2864 se
595 2810 746 2882 adiungunt
779 2811 860 2866 tionis
876 2829 931 2865 non
952 2809 1059 2882 paulum
1081 2818 1203 2880 augetur.
1240 2811 1296 2863 Sed
1315 2812 1385 2862 aedit

137 2877 219 2932 eciam
237 2877 340 2932 CDGI.
592 2904 597 2913 ·
779 2879 807 2934 in
824 2897 877 2934 uno
898 2881 932 2934 de
953 2879 1051 2933 nostris
1068 2877 1140 2932 Flor.
1159 2877 1181 2932 Ο
1199 2885 1250 2945 est,
1269 2879 1385 2930 consedit

190 2951 242 3000 .8.
277 2948 373 3000 uirium
390 2947 528 3016 qra'cqunm
575 2947 636 3002 Hoc
652 2947 746 3002 ordino
779 2948 807 3002 in
823 2947 897 3001 Flor.
915 2946 949 3002 G.

137 3015 221 3070 verba
241 3013 406 3070 collocantur
430 3016 502 3086 apud
555 3015 644 3071 odium
667 3025 696 3070 et
717 3015 745 3069 in
807 3015 954 3086 praecoqui
970 3013 1091 3068 ediderat
1106 3013 1228 3079 Modius,
1246 3021 1275 3067 et
1291 3013 1329 3067 sic
1345 3019 1388 3067 est

137 3083 236 3138 nostris
257 3081 331 3138 libris
348 3101 408 3138 mss.
426 3083 564 3154 omnibus,
592 3083 745 3140 Sarakene
779 3084 807 3138 in
830 3083 904 3138 Laid.
922 3083 999 3137 Voss.
1030 3089 1042 3136 l
1066 3081 1147 3136 Bern.
1173 3089 1286 3162 utroque
1312 3080 1386 3135 Flor.

137 3153 215 3205 Voss.
234 3160 258 3205 l.
284 3151 376 3223 Vulgo
394 3153 531 3223 quicquam
549 3155 652 3208 virium.
678 3151 745 3207 Mox
778 3150 946 3220 aeonem,
965 3149 993 3205 in
1011 3150 1107 3206 ceteris
1145 3149 1215 3204 aucis
1227 3158 1296 3204 sicut
1305 3149 1386 3222 vulgo

137 3219 246 3274 Modius
262 3228 337 3275 recte
354 3229 383 3274 ut
400 3238 453 3288 me,
475 3231 504 3275 at
520 3221 590 3276 Phil.
608 3221 746 3292 eleganter
780 3220 903 3276 scribitur
920 3237 1078 3291 praecoque.
1143 3235 1248 3273 ruecoce
1275 3219 1303 3272 in
1333 3235 1387 3290 quo

137 3287 254 3360 repetito
271 3287 409 3344 vocabulo.
438 3287 519 3410 Vqlg.
537 3300 565 3344 ut
582 3308 622 3343 me
640 3300 663 3344 et
680 3291 745 3343 Pu·-
780 3289 847 3344 libro
873 3307 921 3342 ms.
945 3288 1052 3359 legatur
1076 3306 1131 3343 non
1158 3286 1271 3344 invenio.
1315 3287 1387 3342 Scri·

138 3359 281 3427 lipposos
299 3365 341 3412 est
358 3355 408 3410 nisi
425 3355 452 3411 in
502 3357 745 3427 or.DEG1,alte·
779 3358 860 3413 bendi
877 3357 946 3412 rau'o
963 3357 1044 3411 etiam
1061 3358 1131 3428 apud
1148 3365 1251 3412 veteres
1273 3356 1387 3411 variavit

138 3440 198 3480 rum
216 3436 245 3480 ut
263 3426 389 3480 omissum
405 3433 447 3480 est
464 3425 491 3480 in
509 3426 580 3480 Flor.
598 3427 631 3481 B.
782 3427 893 3482 necdum
911 3426 939 3479 in
956 3426 1108 3480 universum
1130 3425 1293 3480 constituere
1309 3425 1387 3497 potui

173 3497 196 3564 ξ.
203 3501 226 3548 9.
234 3496 370 3566 arripiunt
375 3493 499 3576 plerique
507 3511 597 3548 omnes
606 3502 634 3548 et
643 3495 746 3567 optimi,
781 3504 843 3550 utra
859 3493 996 3567 probatior
1011 3503 1090 3549 esset.
1113 3495 1168 3549 Sed
1184 3494 1246 3548 libri
1264 3493 1387 3548 Curtiani

136 3561 331 3618 Flor.DIcum
339 3563 747 3634 edit.Mod.eompiunt,nullus
781 3563 862 3618 etiam
887 3577 956 3632 vm,
987 3570 1018 3619 le
1047 3563 1150 3618 litteras
1176 3581 1211 3633 qu
1243 3563 1387 3617 secundum
1430 3595 1434 3602 ·

138 3640 292 3685 nostrorum
309 3631 381 3704 quod
406 3631 488 3702 vulgo
519 3631 608 3685 editur
629 3635 746 3704 rapiunt.
780 3631 944 3714 primitivum
952 3649 1060 3702 coquere
1070 3633 1263 3686 commendant
1282 3631 1387 3685 Deinde

177 3703 202 3766 ς.
222 3705 264 3766 10,
299 3701 361 3756 loeti
396 3717 410 3754 e
432 3702 478 3771 qui
500 3701 571 3754 circa
595 3701 649 3754 Sis.
671 3710 747 3755 aaut
781 3705 890 3755 imitare
906 3704 1048 3772 fortunam
1069 3717 1160 3756 omnes
1179 3717 1258 3766 msa,
1279 3717 1333 3754 non
1354 3707 1388 3753 ut

139 3797 177 3810 -·
193 3767 342 3891 rirerrtr'uoq¹
387 3778 449 3823 rant
471 3767 498 3822 hi
516 3768 684 3823 hauddubie
702 3768 746 3823 elii
781 3767 847 3824 editi
855 3772 924 3840 fort.
942 3770 1061 3822 imitare.
1086 3769 1249 3823 Intuentibus
1267 3785 1324 3822 eum
1342 3769 1389 3822 ad·

139 3852 221 3916 quam
244 3835 290 3908 qui
342 3839 472 3918 poedouas
493 3836 654 3918 invaserunt,
672 3837 747 3919 pedi·
781 3837 838 3892 dito
859 3836 1014 3909 pronomine
1035 3838 1107 3908 quod
1127 3837 1156 3891 in
1178 3835 1251 3908 vulg.
1274 3843 1389 3891 nonest

137 3906 379 4054 baddmfflbhlut
397 3905 495 4042 ddidu?
505 3921 664 4055 qliedoffl
673 3924 745 4029 didi-
780 3905 1157 4054 Flor,1qpqqsmqqapler‹qlilq.
1170 3979 1228 4028 erat
1246 3975 1387 4054 Appulus,

137 4044 473 4114 urmeorpturaeducunt,
486 4041 514 4096 in
569 4043 616 4098 bus
625 4042 746 4098 omnibus
843 4061 872 4097 m
888 4041 970 4096 Beria
993 4049 1109 4124 auoque
1129 4041 1201 4096 Flor.
1219 4043 1340 4096 omnibus
1357 4051 1387 4096 et

136 4122 212 4166 erare
238 4109 352 4183 leffitur,
383 4110 411 4165 in
437 4111 509 4166 Flor.
614 4110 693 4164 Bern
721 4111 744 4165 B
780 4111 854 4166 laid.
871 4111 973 4165 Vosal
992 4111 1125 4166 Miutdcr.
1142 4111 1244 4166 Verum
1258 4111 1387 4165 Menidas

137 4181 202 4234 loeti
217 4181 281 4250 qui,
304 4178 333 4233 in
349 4183 460 4235 Vosa2
485 4181 563 4248 laeti,
590 4179 619 4232 in
639 4179 746 4249 reliquis
780 4180 862 4234 etiam
878 4179 949 4233 infru
969 4186 1090 4234 musmo
1113 4179 1181 4234 libro
1205 4179 1276 4234 inter
1292 4179 1386 4234 vulne-

137 4249 201 4302 lueu'
236 4266 251 4302 e
286 4255 319 4302 ut
344 4250 391 4320 qai
418 4255 528 4320 propter
556 4247 672 4302 vicinum
697 4265 747 4317 que
779 4245 1028 4304 ratos'nominatur.

137 4316 222 4372 cx''
283 4315 414 4371 videatur.
441 4315 530 4388 Vulgo
548 4315 642 4386 (etiam
659 4315 746 4384 Mod.)
815 4319 953 4388 incertum]
991 4317 1075 4373 eodo.
1097 4317 1126 4389 pl
1157 4315 1165 4330 ’
1201 4334 1217 4370 e
1240 4333 1299 4372 cum
1322 4317 1388 4372 edit.

137 4385 266 4455 Laetique
283 4387 357 4439 circa
376 4385 430 4438 Sia.
447 4387 542 4438 viciam
558 4392 609 4439 cet.
780 4384 854 4440 Mod.
873 4395 901 4439 et
918 4387 979 4453 inc,
997 4385 1041 4440 alii
1057 4385 1166 4440 FlorD
1194 4385 1208 4439 1
1225 4395 1267 4452 αις
1283 4393 1389 4440 utrum·

138 4455 198 4576 ωδ
216 4461 259 4508 11.
293 4455 363 4508 sedit
389 4454 537 4521 immobilis]
572 4452 665 4507 Placet
683 4451 748 4507 baec
781 4469 833 4526 que
858 4470 893 4506 ex
920 4454 1107 4510 terminatione
1132 4453 1282 4526 praegressi
1311 4453 1387 4508 verbi

190 4520 258 4576 ‘cum
281 4520 526 4594 antiqirissimorum
547 4520 625 4574 simul
642 4529 671 4576 et
687 4519 747 4592 plu·
781 4529 870 4577 ortum
887 4519 1000 4577 videtin.
