3270 5290
563 373 612 424 nn
639 373 766 426 casnm
792 373 901 425 annx.
928 375 965 444 v,
996 373 1021 424 a.
1350 355 1420 428 171

186 585 260 634 non
294 585 404 658 opera
435 560 551 632 solum
584 585 693 634 manu
723 559 837 649 facts,
875 558 941 633 sed
975 559 1082 632 etiam
1112 560 1227 657 ipsam
1258 572 1424 636 naturam

186 670 358 770 paulatim
385 669 573 746 exedendo
598 671 765 769 perimat:
792 670 881 743 baec
907 671 1029 761 moles,
1056 696 1148 768 quae
1173 681 1230 744 tot
1255 673 1424 772 arborum

189 781 369 856 radicibus
399 782 593 880 premitur,
624 784 786 880 tantique
820 782 974 856 nemoris
1001 779 1160 880 pondere
1187 793 1335 857 onerata
1360 794 1424 876 est,

188 894 361 968 inviolata
388 892 511 984 durat;
538 890 669 994 quippe
694 921 748 968 xx
774 898 837 974 lati
862 895 1016 992 parietes
1042 895 1235 986 sustinent,
1262 893 1427 968 undecim
1487 959 1491 966 .

187 1005 320 1105 pedum
346 1005 536 1080 intervallo
563 1005 747 1098 distantes,
761 1020 803 1082 ut
814 1005 939 1110 procul
965 1005 1163 1079 visentibus
1190 1007 1301 1080 silvae
1326 1033 1425 1080 mon·

133 1137 167 1187 ss
187 1117 283 1192 tibus
317 1117 390 1190 suis
423 1117 606 1192 imminere
640 1117 839 1195 videantur.
907 1115 1032 1218 Syriae
1066 1141 1205 1215 regern,
1239 1116 1425 1219 Babylone

188 1237 407 1327 regnantem,
425 1228 494 1301 hcc
521 1255 612 1328 opus
639 1254 718 1304 esse
744 1235 908 1306 molitum
934 1228 1126 1302 memoriae
1151 1228 1334 1326 proditum
1360 1241 1425 1324 est,

186 1365 309 1414 amore
334 1341 493 1439 coniugis
519 1341 670 1432 victum,
704 1367 796 1440 quae
828 1341 1004 1416 desiderio
1029 1363 1216 1413 nemorum
1242 1341 1425 1415 silvarum-

188 1477 256 1550 que
283 1452 320 1524 in
346 1451 604 1550 campestribus
630 1452 716 1526 locis
743 1455 860 1527 virum
892 1452 1063 1551 compulit
1088 1451 1340 1526 amoenitatem
1365 1479 1425 1528 na·

187 1575 290 1640 turae
316 1588 447 1662 genere
472 1564 579 1637 buius
605 1565 723 1662 operis
749 1565 888 1638 imitari.
1230 1555 1234 1563 ¹

133 1698 168 1746 ss
290 1675 432 1749 Diutius
467 1674 504 1746 in
535 1675 603 1747 bac
629 1676 718 1750 urbe
744 1702 852 1774 quam
878 1699 1029 1778 usquam
1055 1676 1217 1750 constitit
1241 1701 1326 1750 rex:
1360 1701 1427 1751 nec
1455 1681 1475 1751 6

186 1789 255 1863 alio
281 1788 361 1860 loco
387 1784 593 1884 disciplinae
619 1789 763 1862 militari
788 1788 901 1886 magis
927 1787 1059 1860 nocuit.
1104 1786 1200 1860 Nihil
1226 1788 1323 1861 urbis
1351 1790 1426 1862 eius

187 1898 388 1999 corruptius
414 1897 584 1989 moribus,
609 1898 697 1972 nibil
722 1899 770 1974 ad
794 1897 986 1973 irritandas
1013 1897 1277 1995 illiciendasque
1303 1900 1426 1972 immo·

134 2033 166 2081 ss
187 2011 284 2085 dicas
329 2008 541 2110 cupiditates
586 2010 803 2086 instructius.
873 2009 1021 2084 Liberos
1066 2010 1304 2108 coniugesque
1344 2035 1426 2083 cum

185 2122 385 2222 hospitibus
411 2130 536 2219 stupro
564 2123 668 2213 coire,
693 2122 802 2196 modo
827 2122 983 2222 pretium
1008 2121 1133 2220 flagitii
1160 2120 1274 2211 detur,
1300 2145 1425 2219 paren·

185 2245 240 2308 tes
247 2291 256 2325 ,
283 2235 472 2331 maritique
506 2235 701 2334 patiuntur.
756 2231 970 2309 Convivales
996 2232 1072 2306 ludi
1098 2243 1176 2306 tota
1201 2230 1348 2306 Perside
1372 2259 1426 2307 re·

185 2346 290 2444 gibus
325 2347 603 2444 purpuratisque
638 2345 736 2419 cordi
770 2357 875 2437 sunt,
908 2344 1097 2444 Babylonii
1131 2345 1287 2418 maxime
1312 2345 1349 2418 in
1375 2346 1425 2419 vi·

132 2476 167 2526 88
186 2483 282 2549 num,
297 2467 334 2530 et
360 2483 451 2555 quae
477 2457 687 2532 ebrietatem
706 2467 921 2556 sequuntur,
936 2455 1040 2529 effusi
1065 2467 1159 2530 sunt.
1198 2455 1425 2530 Feminarum

185 2570 350 2642 convivia
375 2569 572 2642 ineuntium
599 2570 636 2642 in
662 2571 835 2670 principio
860 2567 1045 2642 modestus
1072 2577 1128 2640 est
1152 2568 1315 2659 habitus,
1342 2568 1425 2642 dein

184 2707 325 2754 summa
351 2704 512 2778 quaeque
538 2680 689 2754 amicula
715 2691 863 2772 exuunt,
877 2679 1119 2778 paulatimque
1145 2678 1319 2776 pudorem
1345 2707 1425 2780 pro-

182 2916 256 2997 Floa
276 2914 303 2970 G
318 2917 523 2996 smqiferaeqae
541 2916 602 2996 siat.
639 2914 709 2970 Tum
726 2916 788 2970 Mo·
822 2916 997 2996 dubitandum
1015 2915 1078 2996 quid
1096 2913 1258 2995 sequendum
1275 2922 1352 2969 esset.
1370 2916 1426 2969 Au-

184 2986 241 3040 dms
258 3003 292 3039 oc
304 2988 333 3040 si'
346 2984 502 3052 emendant,
520 3001 593 3038 curus
609 3001 649 3038 rer
666 2985 788 3056 equidem
823 2994 883 3040 ctor
900 2984 966 3039 illud
982 3001 1062 3055 ipsius
1079 2999 1149 3052 regn
1176 2983 1307 3052 ngmfieat
1333 3001 1427 3054 peeca-

184 3072 240 3108 non
257 3054 320 3108 satis
340 3053 464 3108 idoneam
481 3071 587 3108 causam
604 3053 690 3107 rideo.
717 3054 788 3108 Nam
822 3063 880 3108 tum
903 3069 974 3121 esse,
1003 3053 1074 3122 quod
1097 3050 1242 3130 exercitum
1263 3058 1319 3104 tam
1336 3051 1381 3105 diu
1395 3053 1427 3132 in

173 3121 692 3246 'limalll‘lassn'lt‘faldllm
705 3123 788 3246 lust
821 3123 888 3245 tlt
907 3120 1252 3244 &attenta
1272 3129 1426 3244 P²s⁸⁸d⁵0⁸0lz

184 3209 310 3314 ἓιῖοιιεηι
326 3259 470 3326 invenitur,
488 3275 530 3312 ex.
541 3277 581 3330 gr.
599 3260 668 3314 deo
690 3275 734 3327 .1‚
755 3268 787 3315 14
821 3260 954 3332 ruptelam
976 3260 1036 3312 'non
1068 3256 1145 3310 nimis
1179 3227 1303 3328 magnam
1336 3257 1425 3326 fuisse,

186 3331 216 3383 in
237 3333 327 3384 eodem
348 3337 409 3383 suat
430 3329 562 3384 iniustitia
579 3338 608 3382 at
624 3330 650 3382 si
666 3331 695 3382 ia
712 3347 788 3383 suom
821 3345 889 3401 quae
916 3328 1028 3398 posthac
1054 3327 1088 3381 ab
1101 3325 1235 3405 ‘exercitu
1309 3333 1338 3380 ts
1364 3335 1427 3380 sunt

185 3415 239 3451 rem
264 3400 354 3452 alieno
380 3407 543 3465 convaleat,
569 3397 736 3451 videtDrak.
753 3399 788 3451 ad
822 3396 974 3463 ostendunt,
993 3403 1024 3448 ut
1042 3395 1163 3449 insimili
1181 3412 1210 3448 re
1227 3411 1261 3447 ne
1299 3395 1427 3448 annibalis

184 3465 243 3520 Liv.
261 3481 335 3528 mr,
357 3472 400 3534 tc,
420 3472 445 3531 9,
463 3475 589 3536 statque
606 3497 618 3510 ·
635 3476 663 3519 at
685 3466 788 3520 Plinius
823 3466 929 3537 quidem
952 3463 1078 3518 militibus
1095 3464 1208 3517 multum
1226 3463 1336 3535 Capuae
1353 3463 1427 3518 volu·

185 3543 297 3606 uterque
315 3535 398 3588 babet
414 3533 489 3602 (vide
505 3533 557 3586 lex.
575 3533 691 3588 Freund.
710 3534 787 3589 Tom.
822 3545 912 3607 ptates
928 3534 1054 3586 ridentur
1071 3532 1203 3586 nocuisse.

185 3603 248 3673 Ip.
277 3607 345 3670 1³0)
368 3611 396 3658 et
418 3602 528 3656 Plautus
554 3601 629 3656 Asin.
651 3618 681 3670 v,
705 3611 730 3671 1,
756 3611 785 3657 11
856 3605 923 3656 nibil
945 3605 983 3656 od
1003 3633 1038 3643 —
1060 3603 1228 3723 cupiditatesp
1270 3600 1315 3655 Sic
1337 3618 1428 3656 omnes

188 3673 268 3735 Queru
295 3675 397 3726 videam
423 3688 503 3741 aeque
527 3681 737 3741 assemanum,
760 3681 788 3726 ut
822 3673 884 3726 libri
909 3689 969 3724 mss.
996 3670 1080 3724 nostri
1104 3677 1133 3722 ot
1155 3669 1236 3723 Sua.
1265 3673 1336 3736 (cum
1362 3671 1426 3724 edit.

186 3743 263 3810 quusi
281 3743 337 3796 dies
355 3743 380 3795 ei
398 3742 470 3794 dicto
487 3740 530 3793 ait.
822 3737 1427 3818 Mod.)nisiquodFlor.DF1alliciendosqae

219 3811 243 3878 5.
261 3815 304 3864 ³5.
321 3809 456 3878 Babylone
472 3810 635 3880 repausarent]
661 3808 788 3864 Deterio-
822 3810 922 3863 habent
939 3815 968 3860 et
984 3825 1012 3859 m
1029 3805 1134 3860 FlenE
1154 3803 1340 3929 darspgpaptn
1356 3811 1426 3862 volu-

184 3892 228 3931 res
245 3878 323 3932 codd.
342 3885 372 3931 et
389 3877 450 3932 edd.
468 3885 534 3931 vett.
551 3878 724 3947 Babyloniae.
840 3887 905 3931 totas
931 3877 1087 3944 cupiditates
1114 3881 1163 3940 est
1262 3892 1298 3944 go
1323 3875 1385 3930 indo
1411 3895 1427 3930 a

219 3946 284 4018 Cap.
304 3954 329 4014 t,
348 3949 371 4015 ᾗ.
389 3953 431 4001 36.
466 3963 514 3999 uec
530 3948 584 4000 clio
602 3947 668 4017 loco]
690 3945 789 4000 Editur
848 3944 965 4000 indelino
999 3941 1117 4014 Spirensi
1152 3941 1240 3997 editur
1275 3961 1321 3997 nec
1356 3948 1426 3999 vola-

183 4018 255 4070 nllur
273 4017 359 4082 locus,
385 4013 456 4085 quod
473 4031 537 4068 sane
554 4032 608 4068 non
625 4014 787 4094 displiceret,
818 4025 924 4086 platea,
965 4027 1058 4066 renim
1090 4029 1144 4066 non
1179 4011 1318 4066 irritantur
1352 4013 1426 4067 volu-

183 4083 319 4138 siidonea
336 4082 497 4146 auctoritate
510 4083 636 4138 librorum
649 4091 788 4138 artaretur.
823 4091 926 4166 ptstes,
950 4081 997 4135 sed
1022 4079 1136 4134 irritant
1181 4081 1252 4136 Casu
1277 4081 1373 4136 accidit
1396 4091 1427 4136 ut

183 4153 287 4234 Verum
310 4152 381 4206 istud
404 4151 491 4232 ipsum
512 4151 540 4205 in
557 4151 631 4205 nullo
647 4160 716 4232 msto
733 4160 788 4207 est:
822 4171 851 4206 m
872 4151 936 4204 edit.
970 4148 1059 4220 priore
1095 4156 1187 4204 nostra
1218 4167 1265 4204 nec
1295 4150 1427 4222 relinque-

183 4219 709 4369 peqxffiaffieuqessgppmnpgnffia
728 4229 789 4369 tud}
823 4228 950 4356 requam.
991 4289 1148 4359 convinctas]
1190 4287 1263 4341 Edit.
1290 4305 1330 4358 pr.
1356 4287 1426 4368 Mer,

183 4367 266 4414 tneo
283 4361 371 4426 locas,
398 4357 463 4411 nrbrl
480 4357 563 4424 abud3
585 4358 633 4411 sed
649 4357 744 4428 requ
761 4365 789 4412 et
822 4359 884 4412 Ald.
909 4359 942 4412 sl.
961 4360 1037 4412 conia
1055 4360 1125 4423 olas,
1148 4359 1238 4410 Iunius
1265 4363 1294 4409 et
1318 4356 1426 4410 Medius

183 4425 279 4550 ἓΐὸωὶ
302 4434 332 4480 et
352 4425 459 4498 plurimi
480 4443 527 4480 aec
549 4428 603 4480 olio
621 4429 693 4494 loco,
720 4444 789 4480 unus
822 4426 900 4498 primi
922 4429 1066 4480 confisces
1089 4442 1123 4478 ex
1146 4423 1219 4478 libris
1245 4423 1335 4494 quales
1364 4431 1426 4480 sunt

234 4514 256 4549 r.
276 4494 303 4550 G
319 4513 370 4550 non
388 4496 442 4549 olio
460 4497 523 4550 loco.
546 4499 642 4566 ltaque
659 4513 713 4550 non
730 4503 789 4550 erat
823 4495 907 4550 nostri
924 4496 1004 4550 Bern.
1022 4495 1048 4548 A
1065 4494 1088 4547 F
1089 4494 1137 4547 lor.
1155 4492 1264 4550 ABCG.
