3268 5286
564 379 613 430 nu
640 377 767 431 cesus
793 377 903 430 suun.
930 377 992 446 vn,
1020 375 1063 427 40.
1349 356 1421 428 34⁷

192 563 355 638 amnibus
375 561 477 637 Ocho
494 573 532 637 et
549 559 642 655 Oxo,
668 563 716 637 ad
733 565 859 638 urbem
876 561 1097 662 Marganiam
1114 561 1287 661 pervenit
1323 557 1426 636 Circo

191 700 271 750 eam
295 697 336 748 vt
362 674 502 774 oppidis
529 673 724 750 condendis
742 677 865 749 'electa
897 674 1000 750 sedes
1034 684 1105 748 est:
1147 670 1219 748 duo
1251 671 1299 747 ed
1322 671 1440 746 Meti·'

191 787 287 862 diem
311 811 427 876 versa,
455 797 625 882 quattuor
650 789 849 886 spectantia
875 786 1069 878 Orientem,
1095 784 1243 860 modicis
1268 786 1361 858 inter
1387 809 1425 858 se

190 899 314 998 spatiis
342 899 533 990 distabant,
559 925 605 973 ne
631 902 757 999 procul
778 899 1013 998 repetendum
1035 908 1131 972 esset
1146 907 1312 972 mutuum
1328 898 1427 970 euxi-
1528 925 1531 930 ¹

140 1031 172 1080 rt
190 1011 286 1084 lium.
339 1009 439 1084 Haec
464 1010 584 1084 omnis
609 1012 679 1084 sita
704 1025 788 1084 sunt
820 1011 857 1085 in
888 1011 992 1086 editis
1023 1011 1189 1100 collibus,
1223 1020 1301 1082 tum
1327 1008 1427 1082 velut

189 1123 280 1197 freni
307 1121 522 1196 domitarum
547 1123 717 1221 gentium,
743 1148 839 1198 nuno
856 1123 1001 1223 originis
1023 1147 1110 1196 suae
1127 1122 1239 1198 oblita
1256 1121 1426 1210 serviunt,

191 1235 320 1334 quibus
345 1236 622 1332 imperaverunt

138 1366 183 1413 x1.
292 1344 341 1420 Et
366 1356 485 1420 cetera
503 1347 646 1444 quidem
664 1359 857 1444 pacaverat
872 1371 949 1422 rex.
985 1344 1067 1421 Una
1084 1356 1163 1421 erat
1178 1355 1292 1445 petra,
1318 1343 1474 1443 quemdl

190 1457 375 1533 Arimazes
393 1456 594 1555 Sogdianus
613 1484 694 1532 cum
719 1485 800 1533 xxx
825 1461 966 1534 milibus
993 1471 1213 1534 armatorum
1231 1441 1427 1546 obtinebat,

192 1572 368 1646 alimentis
399 1580 484 1644 aute
510 1572 705 1670 congestis,
746 1597 838 1670 quae
868 1581 991 1645 tantae
1025 1569 1243 1646 multitudini
1274 1570 1332 1644 vel
1363 1593 1427 1667 per

157 1685 375 1758 ubiennium
415 1693 655 1782 suppeterent.
708 1683 818 1757 Petro
854 1683 891 1756 iu
925 1683 1150 1757 altitudinem
1183 1705 1263 1754 xxx
1296 1680 1427 1754 eminet

191 1794 322 1886 stadia,
362 1793 510 1870 circuitu
538 1815 559 1868 c
586 1805 671 1868 ctu
703 1795 958 1894 complectitur.
1010 1793 1176 1891 Undique
1214 1792 1354 1866 abscisa
1389 1801 1427 1866 et

157 1907 362 2006 sabrupta,
402 1907 528 1980 semita
565 1917 782 2004 peranguste
819 1904 948 1979 editur.
999 1905 1041 1980 In
1075 1902 1194 1978 medio
1230 1903 1427 1978 altitudinis

192 2020 309 2118 spatio
336 2020 446 2092 habet
472 2042 627 2116 specum,
654 2007 753 2092 cuius
782 2043 823 2090 os
840 2027 959 2092 artum
976 2027 1014 2090 et
1030 2017 1223 2090 obscurum
1241 2024 1314 2104 est3
1341 2038 1426 2112 peu·

190 2131 291 2202 latim
322 2128 452 2203 deinde
482 2129 654 2203 ulteriora
689 2127 914 2226 panduntur3
954 2129 1080 2201 ultima
1111 2126 1219 2200 etiam
1250 2127 1342 2198 altos
1373 2151 1426 2201 re·

191 2265 314 2315 cessus
338 2240 482 2315 habent.
534 2239 667 2314 Fontes
699 2265 763 2338 per
788 2251 905 2314 totum
930 2242 1004 2314 fere
1030 2241 1185 2340 spatium
1211 2247 1374 2327 manant,
1406 2261 1426 2312 e

191 2352 319 2449 quibus
345 2353 496 2426 collatae
528 2377 641 2450 aquae
676 2377 740 2452 per
771 2378 886 2452 prone
919 2354 1051 2428 montis
1081 2352 1216 2426 flumen
1248 2351 1425 2426 emittunt

151 2485 174 2572 ¹s
192 2463 282 2554 Rex,
308 2463 377 2538 loci
403 2463 612 2540 difficultate
639 2475 810 2564 spectata,
838 2475 1013 2540 statuerat
1038 2462 1122 2540 iude
1147 2455 1264 2553 abire3
1297 2461 1425 2563 cupido

190 2761 218 2815 in
235 2761 308 2815 Flor.
326 2759 414 2815 Duru
432 2758 521 2814 Pell
546 2777 595 2815 neo
616 2760 729 2814 multum
746 2761 792 2814 ab·
827 2761 949 2816 Bern.B
975 2763 1030 2816 Oxo
1052 2773 1075 2816 et
1101 2763 1169 2816 Otito
1192 2759 1370 2825 scribendum,
1397 2763 1428 2810 ut

190 2838 255 2883 eunt
271 2827 340 2884 Flor.
359 2827 386 2882 H
408 2827 488 2882 Beru.
507 2827 530 2881 B
547 2827 576 2882 in
598 2828 692 2899 quibus
719 2831 793 2882 deum
827 2829 900 2900 prius
932 2830 1020 2884 Oxum
1051 2830 1112 2883 dein
1147 2829 1179 2881 ud
1216 2827 1300 2898 ipsum
1337 2828 1428 2880 urbem

191 2902 294 2954 donmn.
328 2898 372 2952 Ex
390 2905 504 2968 utraque
522 2896 652 2968 scriptura
669 2896 794 2968 intelligi·
829 2899 933 2952 Ochum
959 2915 1095 2971 superasse
1124 2897 1227 2950 dicetur
1251 2896 1429 2950 Macedonum

191 2975 236 3021 tur
252 2967 322 3020 unde
339 2967 438 3020 factum
457 2973 487 3018 ut
505 2965 532 3018 in
549 2966 626 3018 codd.
637 2964 735 3019 ceteris
741 2983 794 3020 vox
828 2967 966 3020 exercitus.

191 3039 295 3090 deornm
314 3035 357 3089 vel
376 3036 418 3089 dei
435 3032 558 3088 omissum
574 3031 660 3087 suerit.
863 3037 931 3088 inter
948 3053 975 3088 sc
991 3036 1096 3116 spatiis]
1113 3031 1160 3114 §ic
1178 3033 1262 3103 perite
1281 3029 1430 3085 emendavit

226 3141 249 3206 ς,
265 3143 304 3190 15,
343 3139 412 3191 00120
430 3146 454 3188 ,t
473 3137 529 3189 030
552 3139 589 3190 ad
610 3137 698 3188 urbem
715 3136 794 3188 Mar·
829 3102 932 3157 Iunius:
955 3105 1056 3159 codtccs
1078 3120 1148 3156 etum
1168 3117 1258 3155 omues
1279 3109 1308 3154 et
1328 3098 1429 3172 priores

188 3207 308 3276 qoniam]
344 3206 434 3260 Ochus
462 3204 507 3276 qui
533 3203 567 3258 sit
592 3204 720 3258 nescimus
746 3219 795 3258 nec
829 3172 956 3227 &¹⁸⁰⁸oe
974 3183 1042 3226 ‘mer
1059 3189 1087 3226 ³⁰
1105 3173 1206 3269 mm·
1268 3254 1273 3267 ,

190 3291 246 3327 rem
263 3274 372 3345 expedit
389 3274 510 3328 Ritterus
527 3273 555 3326 in
572 3289 664 3344 geogr.
675 3273 752 3328 Tom.
761 3288 793 3340 11,
863 3257 927 3338 OQP·
937 3265 979 3324 41,
990 3261 1013 3326 §-
1022 3265 1047 3312 2·
1070 3260 1183 3325 ”Mldue
1200 3256 1313 3322 ⁰h⁸⁰l⁸al
1340 3251 1429 3322 V¹¹180

191 3343 466 3424 p.514sq.edit.vet.
485 3343 525 3408 (in
542 3359 611 3396 nova
627 3341 691 3395 nihil
710 3359 742 3395 en
759 3343 793 3394 de
828 3328 955 3381 “mm‘'-
973 3345 1051 3396 ‘luam
1102 3323 1360 3405 ⁰f9n¹3⁸¹¹¹P¹¹n⁸m
1373 3339 1429 3376 ⁰⁸⁸³

190 3429 219 3465 re
237 3411 364 3494 inuento).
399 3412 526 3466 Codicum
545 3411 596 3464 alie
612 3411 725 3465 varietas
742 3429 794 3464 non
827 3405 901 3477 P¹¹t⁰2
933 3395 1096 3476 El‚sn³k0¹¹
1116 3433 1122 3447 ·
1142 3395 1201 3515 ¹¹¹?
1222 3391 1394 3514 Ifflgivoei·
1409 3398 1425 3471 ,¹

190 3489 234 3602 tt.
249 3479 792 3602 ustnllstlmttnn·
826 3466 1046 3588 strettun
1060 3465 1175 3600 eills
1189 3479 1256 3584 st.
1269 3469 1428 3594 cdliii

191 3615 282 3668 ordine
301 3617 357 3668 Oto
379 3627 402 3668 n
421 3588 489 3670 brea.
525 3617 626 3671 Urbem
647 3617 712 3672 eus
734 3617 792 3688 qut.
827 3606 947 3682 censebo
965 3603 1068 3682 factug
1083 3618 1147 3654 esse·
1169 3599 1247 3679 ,Flu-
1265 3595 1429 3680 tertffltin·

190 3684 250 3735 dem
280 3684 365 3735 adhuc
390 3683 508 3736 ,eribant
532 3686 598 3737 Ma,
618 3687 714 3752 eniam,
746 3687 793 3738 md
827 3669 858 3724 sir
876 3671 976 3742 etipse
995 3673 1098 3724 abscisa
1116 3668 1360 3722 exhtberedrcttur.

190 3749 467 3820 FlencMnryinum,
486 3751 586 3805 DEFG
617 3753 698 3806 Patr
715 3754 792 3808 Voss.
878 3761 919 3808 .3.
937 3757 1063 3808 ulteriora
1090 3755 1234 3822 cuduntur]
1254 3752 1428 3807 Cotld.Beru.

85 3853 93 3865 ·
191 3826 255 3900 tet
271 3835 323 3889 quo
336 3835 366 3871 re
379 3818 505 3898 imprimis
515 3835 623 3873 moveor
631 3820 705 3873 Laid.
714 3823 793 3874 Mor·
827 3825 852 3874 A
895 3821 967 3875 Flor.
980 3822 1028 3876 BC
1099 3821 1177 3876 Voss.
1195 3827 1210 3876 2
1230 3821 1292 3875 edit
1307 3821 1376 3876 Mer.
1393 3823 1431 3874 ad

188 3905 305 3960 pactum.
329 3887 407 3940 Hanc
424 3904 472 3940 seru
494 3895 581 3966 turam
597 3889 793 3958 praeferendum
827 3891 962 3942 ulteriora.

188 3955 293 4029 putavi,
322 3973 383 4010 uam
405 3956 425 4008 si
466 3954 475 3978 '¹
492 3971 546 4008 cerr
567 3955 702 4024 regionem
719 3957 792 4010 Mar-
857 3975 909 4025 per
925 3958 1078 4078 totumlsere
1091 3959 1215 4027 spatium]
1241 3958 1317 4014 Unus
1325 3966 1430 4012 tantum

189 4026 294 4097 glanem
319 4023 505 4079 fertilisnmem
531 4031 560 4077 et
584 4040 720 4078 anroeuem
742 4029 792 4078 Ba·
827 4023 1095 4079 nostrorumFor.G
1114 4027 1194 4079 habet
1210 4028 1281 4097 quod
1297 4026 1429 4098 postMo·

190 4095 307 4150 strienee
331 4095 365 4148 ad
388 4091 560 4147 Occidentem
581 4092 652 4146 inter
672 4093 792 4146 Parthie-
828 4092 1221 4176 diumeditoresprcetuleruut,
1225 4113 1277 4166 per
1285 4107 1363 4150 totum
1367 4096 1430 4164 sere
1514 4153 1518 4161 ¹

190 4181 243 4219 nen
259 4173 288 4218 et
296 4163 414 4218 Arieuen
431 4170 460 4222 et
472 4161 562 4214 Oxum
579 4159 657 4214 situm
672 4169 793 4215 veterum
827 4179 840 4216 t
860 4181 940 4230 ecum,
958 4171 1039 4218 ceteri
1056 4163 1139 4218 nostri
1157 4171 1186 4217 et
1199 4163 1430 4234 Sutkenburgisni

190 4251 221 4287 ec
246 4232 422 4287 recentiorum
452 4229 595 4285 communis
627 4238 668 4283 est
695 4229 792 4301 opinio.
841 4241 946 4302 praeter
967 4233 1076 4287 voest
1106 4232 1151 4312 qui
1177 4232 1280 4301 silettu)
1305 4234 1428 4302 spatium,

191 4302 283 4356 Amnis
301 4301 346 4373 qui
365 4317 422 4354 sem
439 4298 575 4370 regionem
593 4298 687 4370 irrigat
703 4316 792 4422 sph—
826 4302 897 4424 {god
915 4303 949 4356 de
964 4301 1061 4356 montis
1073 4300 1211 4356 altitudine
1219 4301 1429 4372 intelligendum.
1496 4353 1501 4359 ,

764 4386 793 4422 0.

192 4371 262 4424 latur
277 4370 430 4425 Ptolemaeo
447 4379 476 4422 et
493 4368 581 4423 Plinio
589 4369 714 4438 Murpus,
863 4369 929 4424 viiu
946 4387 1025 4442 specu
1041 4377 1179 4426 manentes
1195 4369 1282 4424 locum
1299 4389 1353 4423 non
1367 4385 1430 4424 saue

192 4437 287 4510 dieque
306 4438 463 4509 Margus)
489 4439 535 4492 sed
560 4439 673 4492 fortasse
700 4436 793 4491 Curtio
827 4447 919 4509 aptum
935 4440 1060 4494 fecissent
1075 4438 1257 4494 incolentibus.
1279 4441 1346 4492 Fere
1354 4438 1430 4492 abest

193 4505 282 4562 Ochus
307 4515 365 4575 est,
400 4507 511 4561 sortasse
541 4506 621 4561 etiam
652 4507 794 4562 secundum
827 4507 931 4562 eFlor.
951 4507 1055 4564 onnfl
1071 4509 1153 4564 Bere.
1170 4507 1194 4561 B
1212 4506 1289 4563 Voss.
1299 4515 1324 4562 2.
