3270 5290
242 379 316 454 218
708 397 743 461 o.
780 396 904 450 cuarrr
936 397 1023 450 sorr

240 591 363 681 petere
395 579 563 654 Dareum.
630 577 792 655 Certiora
827 579 958 656 deinde
992 580 1177 680 cognoscit
1211 605 1259 654 ex
1292 578 1522 690 Bagistanes

240 693 459 794 Babylonio:
492 718 567 766 non
600 691 766 789 equidem
797 693 959 766 vinctum
991 717 1131 791 regem,
1166 692 1230 768 sed
1264 693 1302 764 in
1328 691 1488 791 periculo

242 829 321 878 esse
347 815 412 878 out
436 799 665 894 mortisaut
689 803 915 878 vinculorum
941 803 1153 878 affirmabat.
1205 802 1302 895 Rex,
1336 801 1525 878 ducibusa

241 916 459 1007 convocatio,
485 915 689 1007 Mammam,
716 915 841 1013 inquit,
868 941 968 1016 opos,
993 917 1055 991 scd
1079 915 1170 992 labor
1194 914 1409 990 &missam
1433 939 1490 988 era·

239 1040 359 1128 percat.
412 1026 553 1103 Dorcas
586 1026 680 1100 mod
705 1025 828 1125 promel
851 1025 1022 1101 emma
1048 1051 1072 1100 a
1096 1028 1187 1119 aaa,
1212 1039 1273 1102 aad
1296 1051 1489 1126 oppressus

242 1139 287 1215 Io
312 1139 370 1214 ila
395 1163 532 1238 empore
550 1139 666 1237 poeta
692 1151 740 1213 est
770 1149 885 1212 metra
916 1136 1069 1230 amora,
1095 1150 1127 1212 ct
1150 1150 1242 1212 arsa
1266 1161 1320 1212 res
1346 1137 1491 1210 alasa

241 1251 283 1325 tis
309 1262 356 1325 est
376 1249 580 1348 proemium.
631 1245 769 1324 Omnes
795 1246 931 1346 pariter
956 1248 1190 1339 conclamant,
1217 1255 1363 1345 paratos
1389 1248 1525 1345 ipsoss

243 1361 361 1458 seqni;
396 1384 463 1432 nec
498 1358 628 1450 labori,
666 1384 733 1434 nec
772 1358 931 1456 periculo
973 1368 1146 1456 parceret
1210 1357 1325 1458 Igitur
1356 1358 1491 1456 raptim

242 1485 525 1568 agmen'cursus
550 1470 664 1567 magis
691 1495 800 1568 quam
825 1468 962 1541 itineris
988 1467 1097 1542 modo
1124 1468 1232 1560 ducit,
1251 1494 1297 1542 ne
1310 1478 1492 1542 nocturna
1529 1543 1534 1546 ,

243 1580 388 1676 quidem
420 1583 538 1679 quiete
574 1581 741 1654 dimnum
772 1580 933 1653 laborem
967 1580 1164 1654 relaxante.
1229 1578 1354 1677 ltaque
1390 1579 1527 1677 quin-o

243 1703 353 1788 genta
379 1691 498 1766 stadia
522 1692 708 1791 processit,
734 1698 1019 1790 perventumque
1046 1701 1125 1763 erat
1149 1691 1187 1764 in
1212 1691 1341 1781 vicum,
1355 1690 1393 1763 in
1419 1713 1493 1786 quo

242 1800 402 1877 Dareum
437 1803 569 1878 Bessus
605 1800 935 1901 comprehenderat
996 1800 1051 1874 Ibi
1086 1799 1205 1876 Melon
1240 1800 1350 1875 Darei
1381 1801 1526 1874 inter-r

244 1938 327 2010 pres
363 1914 549 2012 excipitur.
603 1911 762 2012 Corpore
793 1937 901 2011 aeger
934 1939 1009 1988 non
1041 1923 1211 2010 potuerat
1237 1939 1366 2012 agmen
1394 1937 1491 1986 asse·

244 2026 315 2120 qui,
342 2035 379 2099 et
406 2025 650 2124 deprehensus
677 2025 858 2098 celeritate
884 2026 995 2124 regis,
1022 2025 1247 2124 transfugam
1273 2049 1312 2098 se
1339 2048 1420 2098 esse
1447 2021 1492 2096 si-

244 2136 414 2210 mulabat.
467 2135 526 2208 Ex
551 2137 620 2210 hoc
646 2147 728 2209 acta
754 2137 946 2234 cognoscit.
1000 2133 1073 2212 Sed
1104 2135 1262 2233 fatigatis
1287 2133 1527 2208 necessarias

245 2247 345 2340 quies
373 2255 459 2318 erat.
512 2244 638 2342 ltaque
665 2246 811 2320 delectis
839 2249 998 2345 equitum
1025 2273 1091 2322 sex
1116 2247 1270 2338 milibus,
1296 2255 1491 2336 trecentos,

246 2381 336 2452 quos
367 2354 560 2428 Dinrachas
601 2357 850 2454 appellabant,
888 2358 1068 2456 adiungit:
1109 2358 1217 2432 dorso
1250 2357 1287 2430 hi
1321 2355 1492 2454 graviora

245 2588 289 2641 ubi
300 2587 482 2669 perveniam
499 2605 552 2670 qua
569 2589 698 2712 scriptura
716 2606 777 2645 cum
793 2609 849 2646 non
882 2590 989 2646 Modius
1007 2593 1104 2662 tradit,
1122 2592 1187 2646 item
1205 2589 1287 2645 Snalr.
1305 2607 1359 2670 non
1376 2588 1492 2644 inveniri

245 2673 340 2710 rmurra
370 2657 478 2711 Modrus
512 2665 618 2729 interpo
644 2667 711 2712 torrs
743 2677 849 2712 manum
883 2659 912 2713 in
932 2659 1009 2714 Leid.
1031 2662 1110 2715 Voss.
1130 2668 1152 2714 1.
1187 2659 1231 2714 De
1254 2667 1351 2714 nostras
1373 2676 1430 2712 non
1448 2665 1492 2712 est

139 2787 145 2794 ,
244 2725 430 2796 perspexisset,
449 2724 524 2780 nimis
537 2727 849 2807 tsmcnlongeprogres-
883 2727 911 2781 in
928 2729 1009 2783 Bern.
1026 2730 1052 2783 A
1069 2730 1141 2784 Flor.
1149 2729 1185 2796 A,
1203 2728 1250 2781 sed
1266 2727 1366 2798 legitur
1382 2727 1410 2780 in
1427 2726 1491 2780 reli·

244 2811 289 2848 sus
310 2801 352 2847 est
373 2794 545 2864 corrigendo,
571 2812 631 2849 cum
656 2814 741 2865 ipsum
768 2796 849 2850 etiam
883 2796 954 2867 quis:
972 2805 1045 2852 certe
1063 2799 1154 2852 deesse
1171 2815 1226 2850 non
1242 2812 1320 2868 posse
1336 2811 1431 2850 omncs
1448 2794 1491 2848 in·

244 2864 355 2916 verbum
372 2877 407 2915 ex
424 2881 477 2934 quo
495 2863 658 2918 accusativus
678 2866 765 2918 Tabas
783 2883 849 2945 pen·
883 2865 1015 2936 telligunt.
1047 2865 1101 2920 Sed
1118 2865 1229 2920 verbum
1245 2873 1393 2918 extremum
1411 2864 1491 2933 affir-

245 2931 291 2985 dct
317 2932 472 3012 amputavit.
515 2931 613 3002 Itaque
646 2950 701 2986 non
732 2933 849 2988 dubitavi
883 2935 986 3000 motat,
1018 2951 1079 2988 curn
1103 2935 1132 2988 in
1158 2933 1279 2988 omnibus
1305 2931 1379 2986 libris
1406 2939 1489 3000 esset,

243 3000 299 3054 cius
316 2999 455 3068 iudicium,
475 3019 634 3071 quamquam
651 3001 746 3056 ceteris
763 3002 850 3056 edito-
883 3001 990 3056 Modius
1016 3003 1108 3057 scholii
1129 3002 1236 3056 nomine
1263 3001 1313 3055 sibi
1334 3008 1489 3071 suspectum

243 3068 324 3131 ribus,
343 3076 374 3121 ut
391 3068 446 3122 fere
463 3069 531 3123 solet
544 3069 572 3122 in
586 3069 769 3136 deterior-risus,
787 3088 848 3141 pro-
883 3069 985 3124 delevit
998 3077 1027 3123 et
1045 3070 1121 3124 nimis
1135 3070 1225 3124 faciles
1242 3068 1431 3139 astipulatores
1448 3069 1491 3121 in-

243 3137 345 3202 batum,
364 3136 521 3207 relinquere.
540 3136 688 3192 Glareanus
705 3137 847 3192 Arrianum
883 3138 965 3192 venit.
991 3137 1101 3194 Mutata
1115 3138 1329 3210 interpunctione
1347 3135 1414 3190 nihil
1431 3136 1490 3208 opi-

243 3213 379 3258 anctorem
405 3213 509 3258 secutus
535 3206 582 3258 has
616 3207 726 3274 eroyas
759 3206 848 3273 fuisse,
882 3223 932 3260 nor
949 3206 1033 3260 inesse
1070 3225 1104 3262 uo
1122 3207 1181 3278 quis
1198 3207 1354 3262 offendatur
1381 3205 1425 3258 De
1442 3222 1490 3258 vo-

244 3289 297 3325 non
326 3273 413 3325 Tabas
436 3291 491 3326 non
508 3273 577 3325 male
594 3273 718 3341 coniecit,
745 3274 791 3328 ubi
814 3275 848 3326 de
883 3275 977 3328 cabulo
995 3225 1110 3346 equidem
1131 3293 1180 3346 pro
1195 3292 1261 3330 suae
1278 3276 1381 3344 quidem
1399 3273 1489 3344 posito

244 3338 333 3418 Dareo
363 3349 443 3417 capto
473 3340 596 3420 npntium
623 3341 770 3410 saepem
801 3343 848 3422 sed
882 3343 994 3396 vidend
1011 3357 1080 3410 vm,
1098 3351 1140 3398 27.
1236 3413 1241 3424 ι

244 3406 848 3554 prostrastratum
882 3415 1011 3533 ..lida
1028 3422 1125 3550 32le
1145 3409 1490 3534 ulalatfll

243 3561 272 3595 m
289 3543 377 3596 medio
403 3551 465 3596 sunt
490 3561 506 3596 a
550 3551 704 3597 arsetaeene
725 3544 753 3598 in
769 3554 847 3615 pote
917 3549 940 3615 ξ.
959 3554 984 3602 7.
1021 3565 1114 3618 apaten
1131 3550 1244 3617 assequi]
1280 3545 1326 3601 Sic
1343 3565 1411 3600 unus
1428 3547 1490 3600 sdi-

244 3617 341 3664 statem
358 3611 468 3664 redacta
484 3628 567 3683 usque
585 3613 619 3664 ad
637 3612 754 3666 Mediam
771 3631 848 3684 pera·
882 3614 922 3668 dit
931 3615 1047 3682 Medius,
1064 3618 1111 3669 sed
1134 3624 1209 3670 extat
1221 3614 1302 3668 etiam
1314 3615 1342 3668 in
1354 3614 1490 3686 plerisque

243 3689 347 3748 gratam
364 3686 393 3731 et
410 3679 518 3750 Caspias
554 3680 611 3750 ylas
627 3680 722 3734 itinere
739 3681 847 3752 petitas,
882 3685 972 3750 codd,
995 3683 1094 3738 uostris
1114 3685 1221 3755 quidem
1242 3691 1354 3754 excepto
1371 3683 1488 3737 Florc

244 3746 332 3826 omnia
340 3747 520 3828 praetermisit
529 3699 647 3815 dusius,
657 3749 720 3828 'sive
728 3750 847 3830 ponsulto
882 3751 1012 3804 omnibus.
1056 3751 1146 3823 Vulgo
1172 3753 1262 3833 editur
1287 3752 1373 3822 sequi,
1400 3751 1488 3806 minus

243 3816 681 3964 ltsltltlatgtslsdls
698 3818 848 3940 iltfftl
881 3827 1165 3953 ”ttsffitttt
1181 3821 1365 3958 plotas
1425 3835 1488 3941 ..il

243 3951 424 4031 l'araetacene
440 3961 512 4007 mter
528 3953 666 4007 Persidem
684 3963 713 4008 et
729 3955 847 4008 Modiam
882 3957 1017 4010 Dimiclros
1035 3965 1083 4009 aut
1100 3959 1218 4010 dimano.
1237 3957 1290 4010 Sed
1308 3966 1383 4010 recte
1397 3972 1488 4009 emen·

243 4037 272 4072 m
288 4019 333 4074 lon
361 4019 480 4074 tudinem
503 4029 628 4092 porrecta
648 4031 848 4076 annumeratur·
882 4023 956 4077 davit
978 4022 1132 4082 Glareanus.
1166 4025 1293 4096 Appellat
1318 4024 1397 4078 etiam
1419 4023 1489 4078 Dio-

244 4037 847 4228 piscosior
882 4092 1009 4228 rra
1027 4089 1150 4214 u.
1167 4091 1490 4216 artare

243 4223 329 4294 lybios
347 4233 492 4291 xxx1,11.
882 4227 998 4283 nterioris
1015 4229 1109 4282 aetatis
1123 4228 1253 4282 institutis
1268 4229 1356 4284 videa
1376 4229 1412 4280 ud
1446 4228 1490 4282 ol-

279 4295 346 4372 523·
363 4293 509 4362 Bopistone
527 4293 683 4373 Babylonio]
707 4293 752 4348 Sic
768 4295 845 4349 codd.
881 4296 965 4350 lucem
983 4311 1009 4364 1,
1031 4313 1054 4350 c.
1082 4303 1114 4350 10
1137 4299 1239 4365 §.182
1274 4247 1489 4367 Appedluboate

262 4359 364 4430 ianque
381 4377 473 4414 omnes
491 4369 519 4414 et
536 4365 664 4415 Amanus
681 4361 727 4415 lib.
745 4377 790 4431 111,
805 4369 846 4416 21.
881 4381 1010 4419 consensu
1037 4363 1152 4418 omnium
1179 4364 1303 4419 librorum
1328 4382 1390 4418 ross.
1416 4365 1490 4418 edidi

271 4429 335 4500 nlgo
352 4430 436 4482 edunt
452 4431 496 4484 Ba
530 4433 624 4484 rehem.
881 4451 929 4554 pro
946 4431 1017 4502 vulg.
1036 4434 1186 4500 appelleon
1210 4443 1268 4486 erat
1290 4433 1372 4487 etiam
1393 4451 1490 4488 secun-

277 4515 329 4550 non
347 4500 474 4569 equidem]
515 4501 557 4553 'on
575 4499 666 4554 abesse
678 4517 695 4554 a
708 4499 761 4554 suis
773 4499 846 4556 libris
900 4519 944 4554 um
960 4499 1103 4554 Arrianum
1121 4515 1170 4570 ιιι,
1189 4507 1221 4554 21
1240 4503 1292 4557 hoo
1309 4517 1394 4572 mnus
1412 4502 1490 4574 equi·
