3254 5292
225 342 273 416 86
698 363 732 426 o.
761 363 885 416 cuaru
910 367 996 418 surr

222 549 330 621 mitus
362 546 556 638 acciderat,
596 545 768 620 admovit
826 545 947 622 Prima
985 575 1006 624 e
1037 549 1275 628 Macedonum
1315 556 1499 632 navibusr

223 659 485 757 quinqueremis
507 658 699 733 velocitate
720 660 814 732 inter
833 669 971 734 ceteras
989 663 1149 737 eminens
1168 666 1333 757 occurrit,
1360 693 1468 764 quam

221 781 263 843 ut
289 795 510 869 conspexere
536 768 683 869 Tyriae,
716 769 809 844 duae
845 797 893 845 ex
927 771 1071 846 diverso
1104 775 1142 848 in
1173 776 1289 850 latera
1314 778 1390 852 eius
1415 779 1466 852 in·

219 893 346 956 vectae
373 891 468 973 sunt,
493 883 531 955 in
558 906 709 978 quarum
734 883 886 956 alteram
910 883 1175 981 quinqueremis
1202 885 1329 960 adem
1352 889 1465 962 conci·

148 1010 153 1020 ·
220 1004 297 1067 tata
323 1005 361 1068 et
385 993 464 1091 ipsa
489 1004 609 1067 rostro
634 993 707 1065 icta
733 1003 805 1083 est,
831 1008 870 1066 et
894 994 991 1068 illam
1016 994 1170 1068 invicem
1196 998 1321 1070 tenuit.
1373 997 1498 1072 Iam-⁸

221 1131 290 1203 que
313 1129 365 1195 ea,
393 1127 485 1202 quae
510 1129 584 1177 non
607 1104 833 1194 cohaerebat,
859 1105 971 1180 libero
989 1106 1128 1204 impetu
1149 1117 1285 1198 evecta,
1310 1109 1348 1182 in
1368 1109 1466 1182 aliud

219 1216 483 1312 quinqueremis
522 1217 618 1288 latus
654 1214 910 1306 invehebatur,
954 1242 1036 1290 cum
1070 1219 1340 1314 opportunitate
1374 1219 1465 1294 mira

218 1325 373 1398 triremis
400 1349 420 1398 e
447 1327 559 1400 classe
585 1325 785 1399 Alexandri
815 1327 853 1398 in
887 1351 967 1400 eam
1001 1327 1134 1425 ipsam,
1167 1353 1260 1426 quae
1294 1330 1463 1426 quinque·

217 1437 307 1508 remi
326 1431 559 1528 fiminebat,
586 1448 689 1510 tauta
713 1435 752 1510 vi
776 1437 931 1535 impulsa
957 1447 1029 1528 est,
1063 1451 1104 1513 ut
1130 1438 1260 1538 Tyrius
1285 1440 1462 1536 guberna·

217 1558 277 1620 tor
308 1548 345 1619 in
377 1573 477 1622 mare
511 1557 742 1622 excuteretur
769 1573 788 1620 e
812 1549 936 1647 puppi.
989 1546 1116 1624 Plures
1143 1548 1272 1624 deinde
1297 1549 1495 1626 Macedo-⁹

215 1683 305 1731 num
330 1684 442 1733 naves
468 1659 736 1757 superveniunt,
763 1669 801 1731 et
825 1685 893 1732 rex
919 1684 1062 1756 quoque
1088 1659 1232 1734 aderat:
1259 1687 1341 1736 cum
1362 1661 1463 1762 Tyrii

216 1769 417 1843 inhibentes
443 1770 551 1843 remis
578 1795 685 1868 aegre
712 1769 865 1843 evellere
885 1795 1026 1861 navem,
1054 1796 1145 1867 quae
1171 1771 1352 1863 haerebat,
1379 1797 1461 1870 por-

216 1891 364 1978 tumque
399 1878 528 1955 omnia'
554 1881 660 1954 simul
695 1881 839 1978 navigia
863 1891 1043 1979 repetunt
1096 1879 1292 1956 Confestim
1317 1909 1383 1958 rex
1409 1885 1460 1958 in·

215 2004 359 2066 secutus
392 2003 538 2091 portum
565 1990 709 2090 quidem
734 1992 868 2065 intrare
900 2017 974 2065 non
1005 1992 1140 2090 potuit,
1175 2018 1257 2066 eum
1288 1995 1413 2092 procul
1438 2019 1460 2067 e

216 2104 329 2176 muris
355 2103 547 2176 missilibus
584 2113 889 2193 summoveretur,
925 2127 1036 2176 naves
1073 2114 1194 2177 autem
1226 2128 1350 2178 omnes
1382 2105 1459 2177 fere

214 2224 278 2285 aut
304 2213 490 2304 demersit,
517 2223 581 2286 aut
607 2216 709 2310 oepit.

57 2323 66 2340 '
165 2321 212 2392 19
317 2323 432 2396 Biduo
468 2323 597 2396 deinde
624 2322 672 2396 ad
699 2323 854 2420 quietem
881 2321 967 2396 dato
992 2323 1178 2415 militibus,
1213 2325 1388 2422 iussisque
1415 2336 1453 2400 et
1477 2352 1511 2400 ro

214 2435 363 2507 classem
389 2445 428 2508 et
453 2434 635 2506 machinas
667 2435 802 2532 pariter
828 2431 1037 2523 admovere,
1071 2444 1112 2506 ut
1137 2434 1294 2532 undique
1322 2437 1457 2510 territis

213 2546 374 2636 instaret,
401 2544 540 2643 ipsein
567 2545 777 2617 altissimam
804 2553 940 2617 turrem
967 2543 1138 2636 ascendit,
1165 2546 1301 2643 ingenti
1327 2547 1457 2637 animo,

212 2657 370 2754 periculo
396 2657 540 2728 maiore.
594 2650 734 2752 Quippe
760 2653 859 2750 regio
884 2653 1015 2753 insigni
1041 2665 1078 2728 et
1104 2656 1211 2728 armis
1236 2657 1456 2754 fulgentibus
1477 2677 1509 2724 11

212 2767 434 2865 conspicuus,
462 2793 555 2840 unus
581 2766 772 2865 praecipue
799 2764 879 2836 telis
906 2766 1107 2862 petebatur.
1146 2765 1195 2839 Et
1222 2765 1330 2864 digna
1354 2792 1456 2864 pror-

212 2903 273 2951 sus
307 2880 511 2976 spectaculo
544 2876 671 2952 edidit:
708 2875 842 2948 multos
868 2899 888 2948 e
915 2877 1026 2950 muris
1052 2887 1321 2975 propugnantes
1348 2877 1459 2952 hasta

210 3099 376 3163 assisterent,
404 3097 475 3168 quod
501 3096 612 3149 sortasse
635 3094 815 3164 recipiendum
849 3093 932 3147 secuti
949 3093 1021 3147 Flor.
1039 3093 1105 3147 DFI
1121 3095 1295 3148 incasnbentes
1312 3097 1391 3149 remis
1410 3094 1458 3148 de·

210 3173 281 3230 erat,
308 3173 337 3216 et
360 3164 415 3216 sine
437 3164 603 3218 dubitatione
619 3163 776 3234 recepissem
793 3161 815 3215 si
850 3163 955 3215 derunt.
982 3162 1073 3216 Simile
1111 3161 1155 3214 uid
1173 3161 1307 3215 Acidalius
1325 3163 1456 3232 volueret,

210 3231 318 3300 pluralis
340 3248 463 3284 uumerus
486 3231 594 3285 alieuius
615 3231 727 3284 subiecti
749 3249 773 3284 v.
792 3246 815 3283 c.
850 3231 1005 3310 innitentes,
1026 3249 1086 3284 cum
1134 3230 1209 3284 onius
1231 3245 1265 3282 ex
1283 3230 1371 3301 aliquo
1387 3231 1457 3287 libro

203 3301 383 3367 papnnutium
406 3299 517 3351 adesset.
559 3299 624 3351 Dixi
641 3315 673 3350 ea
690 3299 723 3350 de
740 3314 770 3350 re
787 3298 814 3350 in
850 3296 959 3351 Vosal
984 3299 1062 3353 simili
1085 3300 1135 3364 (an
1154 3297 1282 3367 eodenffl)
1312 3301 1456 3354 inhibentes

212 3383 323 3435 gramm.
340 3365 401 3418 Lat.
420 3369 443 3434 ξ.
463 3373 504 3420 92.
850 3383 934 3418 remos
952 3367 1076 3420 dedisset.
1111 3367 1217 3420 Medius
1234 3365 1300 3419 nihil
1317 3383 1346 3419 se
1362 3367 1455 3424 audire

244 3437 266 3502 ς.
279 3442 301 3486 7.
320 3452 398 3502 quam
415 3444 443 3487 at
453 3450 608 3503 conspexere
619 3434 724 3502 Tyriae,
745 3437 813 3486 duae
850 3441 944 3487 centra
965 3435 1048 3488 stulte
1071 3433 1212 3505 gloriatur:
1239 3444 1269 3488 et
1285 3434 1359 3488 illum
1377 3453 1456 3490 nemo

208 3520 240 3555 es
258 3503 372 3572 eliense]
400 3500 490 3572 Vulgo
516 3503 592 3570 Tyrii
613 3508 642 3554 et
664 3519 677 3553 e
701 3503 814 3569 diuerso,
848 3501 926 3554 hodie
944 3504 1042 3570 audiet,
1062 3511 1202 3573 postquam
1216 3502 1365 3557 Gronovius
1375 3505 1455 3560 Obss.

208 3571 252 3623 sed
272 3588 319 3622 nos
338 3588 493 3623 consensum
511 3571 587 3624 codd
604 3569 675 3623 Flor.
694 3577 723 3622 et
732 3569 812 3623 Snslr.
847 3577 932 3637 mae
950 3587 1007 3624 rem
1024 3573 1101 3642 plena
1118 3571 1240 3641 exposuit
1258 3571 1361 3642 iamque
1374 3572 1456 3626 etiam

207 3638 291 3691 secuti
308 3657 411 3705 sumus,
429 3657 479 3693 nec
495 3638 645 3692 dubitamus
664 3638 728 3708 quin
745 3639 813 3692 sicut
848 3638 933 3692 lexiea
954 3638 1073 3709 vulgaria
1095 3640 1192 3694 docent
1213 3655 1270 3692 esse
1286 3639 1365 3692 remis
1382 3649 1456 3695 retro

208 3726 239 3759 es
258 3717 407 3761 transuerso
425 3707 530 3775 (licitur,
549 3707 588 3761 ita
606 3705 685 3760 etiam
699 3707 732 3760 de
741 3724 813 3760 more
848 3723 942 3760 navem
969 3707 1112 3778 impellere.
1155 3708 1226 3760 Tum
1247 3706 1392 3762 infinitivus
1415 3709 1457 3763 hi·

209 3775 290 3827 fuorit
315 3794 345 3828 es
367 3780 485 3844 diverso,
509 3795 563 3830 non
586 3779 727 3830 ediverso.
763 3775 813 3830 Est
848 3775 959 3829 storicus
976 3774 1108 3846 praesenti
1126 3776 1232 3829 iunctus
1249 3775 1359 3830 offendit
1377 3777 1455 3831 Aldi-

207 3851 279 3896 certe
297 3844 380 3898 multo
396 3845 569 3916 trequentius.
597 3844 723 3898 Cetenrm
731 3844 812 3898 Bern.
848 3861 911 3896 uum
928 3843 1065 3910 editorem,
1076 3843 1121 3914 qui
1139 3861 1197 3897 eam
1214 3844 1249 3898 ob
1267 3861 1370 3897 causam
1389 3848 1457 3899 enel-

207 3912 233 3964 A
250 3929 321 3982 apr.
340 3931 373 3964 m.
397 3924 420 3966 et
445 3915 506 3980 diu,
529 3913 610 3966 Bern.
628 3912 651 3965 Β
670 3923 812 3984 utrumque
847 3914 905 3964 lunt
926 3911 1042 3965 correxit
1065 3913 1191 3981 (Vosst
1216 3915 1354 3976 saulam).
1399 3912 1457 3967 Sed

206 3979 362 4033 vocabuhun
380 3981 490 4036 omittit.
848 3978 912 4032 nibil
930 3997 1034 4052 prorsus
1052 3999 1117 4052 opus
1139 3988 1181 4034 est
1198 3979 1351 4034 mutatione.
1387 3979 1455 4035 Dixi

242 4053 265 4115 5.
289 4055 313 4101 8.
340 4059 414 4102 tnntn
437 4052 462 4102 ui
483 4051 596 4120 impulsu
619 4059 657 4104 est
680 4050 720 4170 119
745 4048 811 4102 Tria
848 4064 880 4122 ea
897 4049 931 4100 de
948 4065 978 4102 re
996 4049 1023 4101 in
1040 4065 1150 4118 gramm.
1168 4048 1228 4102 Lat.
1247 4053 1271 4116 §.
1290 4053 1349 4101 582.

206 4117 271 4170 haec
287 4118 369 4170 verba
386 4125 519 4188 postrema
536 4118 563 4170 iu
576 4118 646 4171 Flor.
658 4119 684 4170 A
720 4127 809 4170 esunt:
879 4116 944 4188 Cap.
956 4124 998 4183 19,
1017 4120 1040 4186 §.
1060 4124 1100 4170 10.
1118 4128 1146 4170 nt
1163 4119 1277 4185 undique
1294 4117 1394 4170 territis
1412 4119 1455 4170 in-

206 4185 259 4239 duo
276 4193 381 4238 tantum
402 4189 437 4239 im
457 4189 515 4240 ntea
534 4195 571 4240 est
597 4187 721 4240 abesses
739 4186 808 4239 Flor.
844 4187 937 4257 steret]
957 4185 1047 4256 Vulgo
1065 4188 1202 4254 utrimque,
1216 4186 1361 4238 sedomnes
1371 4185 1455 4240 Snak.

207 4253 319 4319 Heinsii,
339 4253 413 4307 leid.
431 4205 530 4308 dossl
550 4253 618 4309 Dan.
637 4255 769 4320 dicuntur,
784 4267 811 4307 et
845 4255 920 4308 codd.
938 4262 967 4306 et
984 4263 1096 4324 uterque
1115 4255 1195 4306 Bern.
1213 4263 1242 4306 et
1259 4270 1275 4306 e
1292 4252 1456 4308 Florentinis

205 4339 296 4375 verum
314 4331 355 4375 est
372 4323 405 4374 de
422 4323 490 4376 Dan.
501 4321 547 4393 qui
556 4333 597 4376 est
607 4323 681 4377 nobis
691 4323 808 4376 Bernh.
844 4321 1044 4376 ssscDGttt
1067 4323 1138 4392 quod
1155 4322 1282 4374 edidimus
1308 4330 1456 4392 praestant.

240 4393 263 4460 §-
282 4399 305 4444 9.
324 4393 466 4446 inhibentes
487 4393 566 4446 remis
592 4409 670 4462 aegre
693 4393 808 4460 euellere]
844 4392 971 4444 Modiana
994 4389 1126 4459 scriptura
1144 4392 1311 4444 et—instare
1334 4389 1362 4442 in
1379 4390 1456 4445 nullo

205 4457 332 4530 Corrupit
349 4459 436 4514 locum
453 4469 594 4530 comentur,
613 4461 686 4515 cuius
703 4479 810 4516 manum
845 4459 915 4514 libro
932 4477 979 4513 ms.
997 4457 1069 4528 quod
1086 4457 1165 4512 sciam
1184 4457 1326 4511 invenitur.
