3214 5288
208 288 260 362 40
674 300 708 364 q.
737 298 861 352 courir
884 297 970 351 auri
1000 345 1003 351 .

210 489 354 564 ordines
380 487 499 574 ibant3
524 507 641 581 neque
669 485 763 558 enim
788 481 895 555 latius
922 479 1070 554 extendi
1088 479 1200 553 aciem
1217 479 1451 576 patiebantur

209 600 404 700 angustiae.
457 595 636 670 Paulatim
668 592 797 668 deinde
830 594 955 668 laxare
988 615 1028 665 se
1053 589 1152 665 sinus
1178 591 1369 686 montium,
1408 599 1450 662 et

207 713 322 785 maius
354 707 510 807 spatium
542 705 679 805 aperire
705 713 916 802 coeperant,
950 703 1002 776 ita
1027 710 1069 775 ut
1092 726 1166 782 non
1192 699 1303 798 pedes
1329 701 1448 774 solum

207 822 369 922 pluribus
396 817 579 892 ordinibus
604 814 779 906 incedere,
802 811 995 888 sedetiam
1019 812 1191 887 lateribus
1213 808 1448 886 circumliindi

207 941 331 1032 posset
356 930 545 1027 equitatus.

157 1037 205 1108 25
310 1040 386 1114 lani
411 1041 449 1112 in
475 1046 678 1136 conspectu,
706 1034 772 1110 sed
797 1044 902 1110 extra
926 1035 990 1108 teli
1014 1035 1147 1123 iactum
1173 1045 1324 1130 utraque
1351 1033 1444 1105 acies
1468 1065 1504 1104 x.

207 1162 301 1242 erat,
335 1174 417 1224 oum
449 1149 586 1246 priores
612 1146 745 1221 Persae
779 1146 1002 1220 inconditum
1033 1156 1071 1220 et
1094 1154 1234 1218 trucem
1268 1144 1446 1217 sustulere

207 1265 408 1336 clamorem.
478 1257 653 1334 Redditur
694 1269 731 1331 et
765 1282 788 1331 a
817 1254 1073 1330 Macedonibus
1113 1256 1227 1328 maior
1267 1255 1483 1328 exercituss

205 1385 367 1462 numero,
381 1370 472 1467 iugis
485 1370 662 1443 montium
674 1369 857 1465 vastisque
871 1367 1020 1440 saltibus
1039 1390 1288 1464 repercussus:
1315 1366 1446 1463 quippe

100 1505 102 1508 ·
206 1506 349 1580 semper
381 1480 605 1553 circumiecta
637 1505 786 1553 nemora
816 1488 1026 1576 petraeque,
1053 1487 1364 1573 quantamcunque
1390 1500 1446 1548 ac-

207 1616 334 1691 cepere
360 1615 497 1684 vocem,
523 1589 757 1689 multiplicato
790 1615 879 1664 sono
905 1589 1075 1662 referunt.
1128 1585 1336 1660 Alexander
1362 1595 1484 1660 antea

204 1809 267 1846 nem
294 1791 427 1873 dicamus,
451 1766 516 1846 'cum
541 1795 659 1914 phalanx
685 1808 735 1861 pro
758 1789 812 1844 loci
847 1805 953 1860 quoque
971 1787 1170 1872 sicut'Romani
1191 1805 1273 1868 unuin
1289 1786 1447 1868 vocabulum

207 1860 811 1998 thdlblldaddd⁰u¹lldllhm⁰lsslllt
845 1859 1448 1994 bbttilh‘ts‘ihtttfflttttt

206 1996 246 2051 illi
262 1996 373 2067 triginta
396 1999 449 2052 duo
467 1997 571 2052 ordines
589 2015 641 2053 non
659 1969 721 2049 ilaro
739 1995 811 2049 inve-
846 1995 951 2047 dicatur
968 1993 1052 2046 tribus
1070 2005 1118 2046 aut
1135 2010 1182 2045 seir
1199 1964 1334 2045 ordiilibus
1348 1992 1447 2045 eonsti-

206 2067 330 2133 niantur,
356 2085 381 2120 v.
400 2084 422 2120 e.
440 2066 468 2118 in
504 2067 587 2120 roelio
606 2064 732 2120 Antiochi
750 2064 810 2134 Syri
846 2063 917 2130 tisse,
936 2062 1029 2115 sities
1047 2069 1094 2114 sut
1111 2059 1448 2130 sexhoniinesalterpone

207 2151 267 2188 cum
284 2133 411 2213 Romanis
430 2135 464 2186 ud
481 2084 664 2254 dlnfinesiam?
681 2133 809 2212 Pluribus
846 2130 959 2210 alterum
981 2128 1157 2210 constitepint.
1177 2197 1183 2208 ι
1200 2127 1342 2208 Quomodo
1363 2129 1449 2198 igitur

207 2209 298 2254 autem
315 2204 448 2266 incedere,
476 2219 529 2270 quo
572 2219 628 2255 esse
645 2202 755 2254 deberet
771 2208 811 2253 ita
846 2217 891 2268 qm
909 2205 971 2252 sunt
996 2207 1025 2252 et
1050 2215 1101 2268 ipsi
1126 2198 1230 2270 ordines
1248 2215 1276 2249 in
1292 2197 1381 2276 flente
1398 2213 1448 2266 ap-

206 2268 329 2322 incedere
346 2278 378 2321 ut
394 2267 506 2322 militani
524 2287 646 2323 numerus
660 2268 810 2321 infrontem
845 2266 995 2336 pellantur?
1021 2265 1126 2319 Nescio.
1161 2265 1223 2319 Hoc
1239 2264 1301 2318 loco
1318 2265 1446 2318 dicerem:

207 2344 352 2406 augeatur,
378 2335 475 2390 Latine
492 2353 547 2391 non
564 2337 672 2403 dicitur,
700 2343 760 2402 aut,
787 2335 809 2388 si
845 2342 876 2388 ut
900 2334 1020 2404 peditum
1047 2334 1114 2388 acies
1136 2333 1317 2403 duplicaretur
1334 2341 1362 2386 et
1381 2351 1447 2413 qua-

207 2404 286 2470 forte,
306 2403 446 2458 subaudito
464 2406 545 2458 verbo
564 2406 640 2458 simili
653 2403 731 2484 quale
740 2411 810 2456 esset
845 2402 1039 2472 druplicaretur
1055 2402 1083 2455 in
1096 2402 1218 2455 frontem.
1236 2401 1316 2466 Quod
1325 2409 1449 2472 seqiutur

207 2473 344 2526 ordinibus
363 2472 507 2540 diceretur,
534 2491 587 2543 qua
603 2491 633 2526 re
650 2471 715 2525 mhil
732 2488 809 2541 pror·
844 2472 969 2524 lateribus
988 2472 1163 2592 circimlqpuudi'
1186 2469 1301 2522 editores
1319 2485 1446 2539 corrupe-

207 2558 250 2594 sus
276 2539 467 2594 adiuvaremur.
513 2541 647 2605 Quocirca
672 2541 809 2594 ordinibus
843 2546 907 2592 runt
924 2538 1059 2592 insertoa
1097 2540 1207 2592 teribus:
1225 2553 1312 2608 neque
1330 2536 1446 2590 enimin

206 2609 277 2662 sicut
293 2607 347 2660 iani
363 2608 391 2662 in
407 2607 527 2678 principe
544 2609 660 2662 editione
668 2608 766 2688 legitur
780 2614 809 2660 et
843 2607 919 2660 codd.
937 2625 997 2660 mss.
1021 2623 1070 2660 nec
1096 2606 1124 2659 in
1141 2606 1205 2660 edit.
1223 2623 1264 2685 pr.
1283 2613 1329 2658 aut
1346 2606 1408 2659 Ald.
1427 2624 1446 2660 o

206 2675 264 2746 ipse
282 2675 390 2746 scripsi,
412 2676 535 2729 mendum
552 2685 687 2730 vetustum
703 2695 731 2729 in
749 2675 808 2728 loco
843 2674 949 2746 legitur.
982 2674 1113 2743 (Primum
1129 2673 1157 2727 in
1174 2673 1285 2727 Iuniana
1301 2672 1409 2742 inueni.)

206 2751 342 2797 versatum
359 2743 512 2798 existimans
535 2745 674 2799 omissione
692 2743 809 2825 syllabae
1216 2806 1220 2812 Ι

208 2813 265 2878 bus,
291 2813 362 2865 unde
378 2811 499 2866 relictum
516 2813 544 2866 in
561 2813 635 2866 Leid.
653 2815 754 2876 ordini,
781 2811 809 2864 in
879 2811 945 2882 Cap.
964 2817 1006 2878 ab,
1043 2813 1066 2879 ξ.
1084 2818 1108 2866 2.
1147 2811 1233 2864 maior
1250 2813 1377 2864 audeus
1395 2829 1446 2865 iiu-

206 2880 316 2950 reliquis
333 2880 541 2962 factumordi'ne,
560 2899 621 2935 nain
639 2898 728 2935 veram
736 2879 808 2934 Flor.
843 2898 922 2946 mero,
940 2881 1020 2949 iupis]
1062 2880 1151 2950 Vulgo
1169 2879 1267 2949 legitur
1283 2881 1403 2933 redditur
1421 2890 1446 2934 et

209 2948 410 3020 Oseripturam
426 2959 592 3005 correctione
616 2958 707 3004 natam
732 2955 808 3019 puto.
844 2966 861 3000 a
876 2949 950 3002 Mac,
967 2949 1061 3016 molor,
1080 2949 1207 3001 erudies
1225 2949 1312 3016 impar
1328 2965 1444 3014 numero,

209 3017 308 3070 Totam
326 3027 414 3072 autem
432 3035 488 3072 rem
504 3035 539 3072 eir
553 3017 720 3073 Callisthenis
738 3035 755 3069 a
774 3017 810 3069 ud
845 3019 897 3069 sed·
909 3018 979 3086 iupis
997 3024 1047 3069 cet.
1083 3015 1137 3070 Sed
1162 3019 1210 3069 sed
1232 3017 1266 3069 ab
1283 3015 1381 3070 Aldine
1399 3017 1446 3069 de-

207 3085 349 3155 Polybium
357 3101 409 3153 xii,
422 3093 453 3140 19
472 3087 624 3141 narratione
641 3087 680 3140 ita
697 3035 809 3155 expdm.
844 3103 916 3136 mum
933 3084 1034 3138 editore
1051 3084 1182 3138 adiectum
1199 3091 1249 3150 est,
1268 3092 1297 3138 et
1314 3086 1401 3154 i'nqour
1417 3085 1447 3138 iii

205 3153 347 3210 Exercitus
364 3153 541 3208 Macedonum
564 3154 604 3208 ita
624 3155 651 3206 in
674 3154 758 3206 aciem
781 3169 810 3206 se
844 3169 897 3206 uno
915 3150 1032 3206 Flor.G
1058 3161 1099 3206 est
1126 3151 1255 3222 simulque
1281 3170 1332 3206 non
1358 3154 1447 3206 minor

208 3219 666 3290 constituitinterprogrediendum,
685 3229 716 3273 ut
733 3219 809 3272 initio
863 3222 996 3274 romcior.
1014 3220 1047 3273 In
1060 3221 1167 3292 reliquis
1185 3220 1283 3290 legitur
1300 3219 1367 3274 sicut
1384 3238 1446 3274 cuni

207 3287 312 3356 singula
339 3286 444 3358 agmina
472 3287 544 3353 (sire
561 3287 671 3354 τάξειε)
698 3286 810 3355 triginta
876 3287 937 3340 odio
955 3288 1095 3356 ediilimus,
1114 3297 1219 3343 tantum
1237 3289 1309 3359 quod
1325 3289 1398 3342 Flor.
1416 3289 1446 3342 H

208 3355 313 3407 duobus
348 3353 482 3408 ordinibus
515 3354 678 3422 incederent;
715 3353 809 3408 deinde
844 3355 992 3409 etBem.B
1012 3360 1110 3411 clamor
1127 3375 1176 3428 pro
1193 3373 1226 3410 eo
1244 3357 1315 3427 quod
1330 3365 1371 3410 est
1388 3375 1446 3410 aiu·

208 3439 268 3476 cum
285 3429 389 3474 montes
407 3438 435 3474 se
451 3420 574 3478 laxarent
583 3431 611 3476 et
619 3422 729 3476 idoneus
739 3438 809 3474 cani-
844 3425 894 3490 ior,
913 3422 983 3478 Flor.
998 3426 1021 3478 E
1039 3428 1124 3478 maior
1141 3427 1248 3490 elamor,
1268 3425 1368 3478 omissis
1384 3441 1445 3478 ver-

207 3489 426 3560 pusaperiretur,
445 3491 540 3544 dextra
557 3491 685 3570 laevaque
703 3490 809 3544 infron-
844 3491 885 3545 bis
902 3495 1030 3547 aaudiat
1052 3511 1172 3560 numero,
1200 3493 1314 3564 denique
1330 3493 1400 3546 Flor.
1420 3493 1443 3546 C

208 3565 264 3611 tem
281 3557 455 3612 circumducti
476 3557 572 3612 milites
595 3577 678 3612 maius
695 3559 810 3638 spatium
844 3561 943 3614 maiore
956 3561 1064 3616 habent.
1082 3561 1113 3614 ln
1131 3569 1223 3616 nostro
1240 3560 1370 3631 scriptura
1386 3579 1446 3614 mu·

209 3641 276 3679 occu
295 3633 387 3692 arimt,
413 3626 453 3680 ita
475 3635 506 3680 ut
523 3635 631 3682 auctore
649 3627 810 3682 Callisthene
845 3630 886 3682 ior
911 3632 1038 3682 exercitus
1066 3648 1172 3684 numero
1198 3629 1267 3682 idem
1292 3637 1334 3682 est
1361 3629 1447 3699 quod:

208 3643 304 3772 deinde
330 3694 462 3748 sexdecim
487 3704 516 3749 et
542 3696 576 3750 ad
601 3695 722 3750 ultimum
748 3705 810 3750 octo
845 3715 922 3766 quom
940 3715 993 3766 pro
1011 3715 1117 3751 numero
1135 3699 1262 3752 exuritur
1285 3697 1353 3750 sicut
1370 3699 1450 3750 dolor

209 3762 314 3814 ordines
323 3763 426 3830 fierent,
445 3781 557 3835 cumque
574 3765 613 3818 ita
630 3763 809 3818 constitissent
844 3766 964 3844 opinione
981 3768 1094 3819 omnium
1111 3768 1197 3820 maior
1213 3765 1286 3835 apud
1303 3765 1360 3820 cie.
1375 3765 1447 3818 simi-

208 3829 339 3908 proelium
356 3831 451 3912 coepit.
470 3832 533 3886 Non
550 3831 559 3885 i
581 3833 633 3888 'tur
651 3833 723 3902 quod
742 3831 809 3887 Cur·
843 3833 905 3886 liter
922 3833 1026 3888 dicitur.

209 3905 262 3958 tius
280 3906 318 3951 ait
338 3901 462 3967 pluribus
480 3903 567 3954 ordini
585 3919 616 3954 us
642 3900 808 3966 incedebant,
878 3903 901 3968 ὅ.
920 3908 945 3955 3.
979 3919 1011 3954 ae
1033 3905 1155 3972 suspensi
1177 3933 1212 3942 *-
1229 3933 1265 3946 -
1281 3920 1315 3956 co
1331 3913 1447 3956 errarent

209 3966 256 4017 sed
272 3981 303 4017 re
328 3982 391 4020 vera
412 3971 592 4036 paucioribus.
628 3968 700 4033 Quid
725 3985 755 4022 er
773 3969 808 4020 o?
838 3970 979 4037 proelium]
1014 3969 1094 4024 Bern.
1112 3971 1136 4024 B
1155 3978 1184 4024 et
1205 3971 1277 4025 Flor.
1341 3971 1445 4038 bellum,

209 4031 297 4110 Sicine
314 4034 492 4105 corrigemus?
519 4035 582 4090 Non
599 4053 658 4156 eqo,
677 4037 723 4088 sed
765 4053 808 4088 ur-
863 4037 916 4089 uod
933 4036 960 4090 in
978 4038 1019 4092 cd.
1036 4057 1077 4119 pr.
1096 4037 1243 4108 ceterisque
1259 4047 1368 4108 praeter
1383 4038 1447 4092 Mo·

209 4107 278 4153 tium
295 4101 413 4180 'opinor,
440 4103 538 4173 partim
562 4121 616 4173 quo
652 4103 809 4158 vocabulum
865 4104 950 4158 'anam
974 4109 1094 4160 omnibus
1117 4106 1228 4176 legitur:
1255 4106 1350 4176 reliqui
1368 4107 1445 4160 codd.

208 4184 347 4238 proprium
365 4171 476 4236 deesset,
494 4172 592 4240 partini
610 4173 682 4241 quod
699 4189 754 4224 rem
767 4189 809 4225 ac·
844 4189 904 4226 mss.
922 4182 1075 4229 constanter
1086 4177 1227 4244 proelium,
1245 4183 1275 4228 ut
1292 4189 1332 4240 ιν,
1348 4180 1391 4240 28,
1402 4181 1447 4242 253

210 4244 302 4290 curate
320 4255 453 4308 exponere
471 4239 571 4305 nollet,
599 4241 704 4292 ordines
724 4239 809 4292 altero
846 4247 922 4306 5⁰2⁰·
956 4243 1031 4313 Apta
1056 4243 1180 4296 dicuntur
1204 4263 1249 4296 riis
1269 4245 1326 4296 eiisi'
1350 4243 1445 4312 quibus

208 4303 268 4357 loeo
286 4305 320 4384 de
337 4305 495 4385 sectionibus
514 4307 623 4387 agminis
641 4307 669 4359 in
686 4307 808 4374 frontoni,
845 4309 952 4378 spiritus
971 4311 1141 4380 suspenditur
1177 4311 1220 4381 (cl.
1241 4262 1367 4375 &nicetii
1385 4315 1442 4376 i,8

208 4388 265 4426 non
289 4391 318 4428 in
343 4374 510 4428 altitudinem
535 4375 701 4430 intellexisse.
751 4375 810 4430 Nos
845 4377 911 4445 [aliis
923 4381 988 4449 141),
1007 4397 1066 4434 cuni
1083 4379 1128 4433 vix
1145 4387 1256 4451 propter
1270 4397 1374 4434 cursiun
1383 4395 1448 4433 con-
