3158 5294
489 427 540 480 nn
565 424 692 482 onsrrs
717 425 826 477 anax.
852 425 890 494 x,
907 420 951 477 ιι.
1262 403 1334 476 521

94 603 341 712 protendens,
367 619 409 686 ut
435 611 464 684 si
491 611 569 709 quis
595 635 634 685 se
659 609 857 710 digriiorem
882 609 1126 708 profiteretur,
1153 610 1338 708 acciperet

18 743 67 792 21
94 721 290 821 Ingentem
309 745 409 822 spem
434 721 573 815 indolis,
600 733 683 796 ante
706 747 788 796 eum
813 719 908 796 diem
933 722 1052 796 datiis
1070 722 1231 796 claritate
1258 747 1339 819 sup·

92 857 279 933 pressam,
312 858 355 907 ea
384 833 571 909 moderata
603 832 774 906 excitavit
805 832 929 906 oratio,
981 831 1106 930 Itaque
1138 833 1257 906 cuncti
1288 834 1339 906 in-

21 963 69 1011 22
94 954 199 1017 stare
225 955 430 1043 coeperunt,
455 957 507 1036 nt,
532 970 624 1042 quae
650 945 831 1042 agitasset,
857 943 987 1040 exequi
1012 943 1129 1018 vellet.
1182 943 1339 1017 Eosdem

93 1079 227 1127 rursus
253 1056 351 1153 legat
374 1057 565 1154 petituros,
597 1065 640 1128 ut
663 1052 883 1152 Meleagrum
915 1055 1063 1129 tertium
1088 1053 1216 1129 ducem
1250 1055 1339 1128 acci·

95 1176 238 1263 perent.
278 1165 386 1240 Haud
411 1191 517 1265 aegre
543 1165 579 1240 id
605 1167 835 1264 impetratum
860 1173 925 1239 est.
977 1163 1070 1238 Nam
1096 1177 1134 1240 et
1159 1165 1338 1250 abducere

66 1287 71 1294 '
94 1275 321 1376 Meleagrum
346 1277 518 1353 Perdicca
543 1302 565 1351 a
590 1302 675 1376 rege
701 1276 882 1375 cupiebat,
909 1285 946 1349 et
972 1301 1083 1350 unum
1109 1275 1250 1352 duobus
1277 1279 1339 1350 im-

28 1407 227 1486 asparem
258 1389 418 1464 tirturum
449 1415 528 1464 esse
561 1388 739 1463 censebat.
796 1386 909 1486 Igitur
933 1386 1114 1486 Meleagro
1148 1413 1229 1463 cum
1254 1389 1340 1487 pha·

94 1499 208 1596 lange
233 1500 377 1575 obviam
404 1491 557 1599 egresso,
584 1497 754 1574 Perdicca
780 1499 939 1596 equitum
965 1509 1101 1572 turmas
1124 1499 1339 1574 antecedens

98 1611 267 1684 occurrit
319 1610 519 1709 Utrumque
545 1635 690 1710 agmen,
724 1618 851 1683 mutua
875 1610 1089 1684 salutatione
1115 1611 1225 1703 facta,
1258 1611 1340 1703 coit,

97 1721 137 1793 in
164 1729 394 1820 perpetuum,
421 1735 463 1796 ut
488 1722 770 1812 arbitrabantur,
796 1719 987 1794 concordia
1013 1731 1050 1794 et
1074 1747 1163 1820 pace
1188 1723 1338 1795 firmata.

53 1849 104 1898 Ix-
212 1829 285 1908 Sed
318 1836 389 1908 iam
423 1834 505 1908 fatis
541 1832 826 1908 admovebantur
851 1829 1088 1906 Macedonum
1119 1833 1217 1930 genti
1247 1832 1390 1908 bella28

100 1942 228 2017 civilia
280 1942 373 2020 Nam
399 1955 436 2020 et·
459 1943 664 2019 insociabile
691 1953 746 2016 est
771 1967 937 2041 regnum,
973 1953 1010 2017 et
1035 1969 1057 2017 a
1088 1941 1249 2042 pluribus
1276 1967 1339 2016 ex-

61 2053 302 2152 apetebatur.
354 2053 514 2128 Primum
549 2079 636 2153 ergo
666 2053 840 2153 collegere
865 2056 977 2146 vires,
1010 2053 1139 2129 deinde
1166 2052 1339 2152 disperse·

100 2173 206 2236 runt:
239 2175 277 2237 et
302 2189 383 2238 cum
408 2164 568 2264 pluribus
595 2187 740 2262 corpus,
773 2189 880 2262 quam
906 2165 1085 2264 capiebat,
1120 2173 1339 2258 onerassent,

102 2283 223 2348 cetera
247 2275 409 2350 membra
434 2274 585 2350 deficere
611 2285 824 2373 coeperrmt:
860 2276 1026 2374 quodque
1057 2275 1244 2376 imperium
1272 2276 1339 2351 sub

67 2405 83 2454 a
103 2410 178 2458 uno
191 2395 287 2460 stare
301 2387 486 2486 potuisset,
513 2385 634 2459 duma
651 2385 813 2484 pluribus
832 2386 1038 2479 sustinetur,
1063 2389 1145 2461 ruit.
1185 2385 1340 2461 Proinde

101 2496 180 2570 iure
211 2498 409 2594 meritoque
443 2498 597 2597 populus
623 2495 806 2571 Romanus
839 2497 990 2572 salutem
1021 2523 1059 2572 se
1093 2499 1242 2598 principi
1274 2523 1340 2572 suo

15 2671 16 2684 ,
82 2606 234 2682 debere
260 2608 457 2707 profitetur,
484 2610 544 2707 qui
570 2608 696 2700 noctis,
723 2633 830 2706 quam
855 2633 969 2707 paene
987 2634 1190 2708 supremam
1216 2610 1340 2684 habui·

69 2739 199 2811 rmus,
226 2744 361 2795 novum
388 2719 486 2794 sidus
511 2719 638 2794 illuxit.
690 2717 807 2792 Huius
833 2719 992 2811 hercule,
1018 2745 1091 2794 non
1118 2721 1203 2794 solis
1229 2731 1340 2812 ortua,

103 2956 219 3076 aldit
244 2971 412 3094 ustis
429 2951 705 3092 stlitibus
739 2951 1016 3093 Mltulttt‘
1033 2954 1343 3144 fflllloldfflt

97 3108 190 3161 presse
216 3099 239 3144 et
266 3109 298 3159 a,
323 3091 396 3146 Flor.
421 3090 472 3145 BD
488 3107 705 3172 ‘suppressam
739 3091 1165 3212 gompmeoquodastqsmmco
1194 3092 1271 3170 ebat·
1317 3091 1343 3144 d.

103 3159 226 3213 mandore
243 3175 333 3214 omnes
351 3167 460 3282 propter
476 3160 580 3214 literam
597 3175 623 3211 m
639 3159 707 3212 line·
767 3164 840 3211 osal
859 3156 1020 3240 Prthpcanus
1029 3159 1116 3230 Bong.
1127 3167 1143 3214 2
1153 3109 1238 3282 Mum
1251 3158 1344 3212 aletur

16 3265 17 3274 ι
104 3227 147 3282 ola
163 3235 293 3282 nouom.
329 3227 384 3282 Sed
425 3227 517 3282 lor.G
606 3243 706 3281 remam
740 3226 774 3278 de
801 3225 991 3294 Bernensrbus)
1014 3227 1086 3282 Flor.
1103 3228 1151 3282 ΑΒ
1199 3243 1277 3297 quum
1299 3244 1343 3280 co-

105 3297 159 3350 ciae
176 3299 319 3364 moderata,
337 3315 391 3351 non
408 3297 489 3364 male,
508 3294 530 3350 si
546 3295 565 3349 fi
583 3311 628 3350 ere
645 3293 706 3349 lice-
734 3294 856 3374 piebem,
873 3293 945 3350 Flor.
958 3294 999 3349 DI
1017 3298 1088 3367 quod
1123 3297 1254 3366 optabant.
1289 3294 1343 3348 Re-

102 3371 151 3419 ret.
178 3361 234 3446 §ed
250 3364 320 3418 idem
337 3365 407 3420 solus
420 3383 486 3436 quac
502 3366 629 3435 agitasset
645 3380 702 3417 rec
735 3362 815 3416 motis
829 3363 870 3416 his
884 3362 1050 3418 librariorum
1064 3379 1124 3419 erro
1131 3363 1212 3446 ribus,
1224 3362 1344 3433 intellige

104 3449 702 3573 nr„
735 3429 1107 3502 ιι
1134 3431 1344 3487 e

103 3571 427 3692 aruum
468 3572 701 3707 sums
735 3568 1131 3692 flucre
1238 3569 1346 3691 uu

105 3721 157 3756 non
172 3710 308 3757 arctatum
323 3713 378 3771 est,
396 3707 443 3758 sed
459 3705 601 3760 verisimile
617 3713 658 3760 est
673 3705 701 3758 in
734 3678 908 3760 imminutum,
927 3719 984 3760 ease
1015 3713 1044 3758 et
1069 3654 1340 3776 dimumpfflcopm

107 3773 370 3906 qugduelddlda)
807 3791 824 3827 o
845 3772 944 3827 dicitur
964 3790 1105 3844 compages
1122 3773 1239 3853 omnium
1259 3790 1341 3827 mem·

168 3905 175 3920 ·
419 3908 425 3921 .
469 3843 572 3896 tertium
604 3842 705 3909 ducac]
738 3789 860 3910 ffium,
883 3855 951 3923 quae
968 3857 1085 3895 summae
1102 3857 1141 3924 rer
1162 3842 1282 3914 publicas
1299 3858 1343 3896 re-

107 3907 235 3963 Mrmrrum
261 3923 320 3961 cum
345 3857 472 3962 mem
503 3916 532 3962 et
557 3907 705 3976 Leonnato,
740 3909 868 3980 spondet,
905 3909 1002 3962 demde
1033 3927 1091 3964 cum
1118 3926 1142 3964 er
1170 3917 1344 3984 opponuntur

108 3975 149 4050 qui
165 3983 264 4030 tutores
273 3976 419 4044 Alexandri
437 3978 554 4031 nondum
570 3976 627 4030 nati
644 3993 707 4031 con·
741 3986 825 4030 cerm
843 3978 1345 4050 monbrc,angustioreaensu,utrecte

108 4044 189 4100 stituti
206 4053 283 4099 erant
300 4063 322 4100 c.
340 4052 387 4101 88:
406 4047 494 4100 dacem
511 4044 593 4116 igitur
608 4043 707 4098 intelli·
741 4044 845 4099 censuit
863 4043 1015 4111 Tellierius,
1037 4047 1153 4103 babetur
1169 4065 1218 4120 pro
1235 4056 1345 4120 pectore

108 4115 144 4186 git
160 4113 276 4168 omnium
298 4114 447 4186 copiarum,
468 4113 550 4168 totius
567 4112 705 4168 meratus.
741 4121 770 4167 et
786 4121 888 4182 ventre,
906 4113 961 4168 sive
978 4116 1106 4186 separatis
1121 4115 1243 4172 membris
1257 4123 1345 4170 extre-

140 4181 257 4255 Captss,
276 4185 299 4251 §-
315 4189 340 4237 2.
375 4184 501 4253 colleqere
516 4184 595 4251 cirea]
630 4181 706 4264 Laid.
740 4182 800 4251 mis,
816 4200 867 4254 pro
885 4189 981 4265 trunco
996 4184 1124 4266 corporis.
1211 4256 1217 4268 ·
1287 4255 1294 4267 ·

109 4251 204 4305 Vossl
224 4248 340 4305 Bern.A
356 4269 397 4334 pr.
410 4269 445 4305 m.
469 4253 611 4373 (superem.
634 4252 706 4305 colli·
776 4254 833 4320 §.a
903 4261 1015 4307 roccos
1034 4283 1068 4294 -
1085 4271 1179 4308 nocam
1192 4255 1267 4308 udus
1282 4256 1343 4307 allo·

110 4319 517 4442 aromoaaffiocseranem
813 4387 820 4400 .
960 4388 966 4402 ι
1271 4390 1277 4402 ·

111 4386 174 4507 Mm·
188 4395 219 4507 M
230 4389 707 4512 cdllr'cerdlelormOnddldaeiduwdreil
740 4395 936 4511 dddrmddatdim
957 4389 1240 4514 piscuprinffipscocrgm
1254 4389 1343 4510 dddmde

111 4471 176 4578 aid
197 4521 261 4579 aas
283 4541 300 4580 a
322 4496 451 4600 pleat
477 4525 554 4581 nura
581 4497 707 4582 amosa
741 4465 1103 4600 sapaparamact
1120 4543 1155 4582 ex
1171 4473 1343 4596 moliare}

535 4335 706 4402 ranaequae-
741 4321 792 4390 eit]
887 4319 911 4374 ti
936 4323 979 4376 cui
1003 4325 1086 4376 noctu
1119 4323 1191 4394 quod
1216 4320 1342 4392 explicari
