3072 5300
575 403 773 456 APPENDIX.
1214 385 1285 456 591

31 589 104 645 sari
129 586 216 646 Flor.
236 585 374 646 DEGHI
397 585 527 644 Bem.B
550 585 639 646 Voss.
658 587 687 644 2.
730 589 919 662 poenitentium
940 620 977 630 -·
999 589 1185 667 potissimum]
1207 608 1288 664 prae-

28 675 167 730 sentiam
194 707 232 718 -·-
254 675 470 748 potentissimum
495 672 574 731 Flor.
591 672 648 731 ΕΗ
675 673 761 730 Bern.
783 671 820 732 B.
862 675 998 748 auctores]
1022 684 1132 732 arueras
1154 676 1240 733 Bam.
1257 677 1289 732 A

28 759 125 858 qur.
146 757 209 816 AB
227 757 309 816 Laid.
333 757 397 816 Pal.
417 759 445 815 1.
488 757 605 836 scelests]
631 758 723 816 omitt.
748 757 828 818 Flor.
846 757 906 816 ΕΗ
931 758 1017 816 Bam.
1035 760 1072 821 B.
1116 761 1179 838 reu]
1197 761 1289 818 anniti.

30 845 113 901 adm
133 843 241 1004 {1⁰34
281 927 475 1004 Callisthenen]
500 925 994 996 sicBem.AF10r.ABDFG1.
1039 928 1114 987 Item
1130 939 1232 1006 postea
1248 931 1290 988 sic

32 1016 136 1072 Bern.
156 1014 190 1072 A
208 1014 287 1074 Flor.
306 1013 367 1071 AD
386 1009 503 1094 (reliqui
519 1023 601 1072 term.
618 1032 659 1070 ern
677 1014 806 1087 hubent).

128 1095 164 1174 ’3.
186 1100 237 1156 25.
271 1117 300 1158 se
316 1117 334 1154 o
351 1117 414 1173 reqe
431 1099 601 1174 quereretur]
620 1117 649 1156 se
667 1106 825 1173 quereretur
847 1097 928 1156 Flor.
946 1098 989 1172 Β,
1013 1118 1043 1157 se
1058 1119 1077 1156 a
1094 1118 1156 1174 reqe
1172 1118 1289 1176 cauque-

33 1193 124 1242 retur
143 1183 227 1242 Flor.
244 1184 280 1257 E,
297 1193 501 1258 sequerentur
517 1201 536 1239 a
557 1201 620 1258 reqe
636 1182 726 1242 Voss.
747 1184 775 1240 l.

136 1271 164 1344 3.
186 1269 238 1326 27.
277 1267 470 1344 Callisthenen]
497 1267 547 1326 sie
570 1270 656 1326 Bam.
674 1269 706 1326 A
733 1268 814 1326 Flor.
838 1267 951 1326 BDFI.
1000 1271 1144 1346 adeum]
1166 1271 1290 1328 &luens
1385 1258 1387 1270 ’

35 1355 129 1412 Flor.
151 1355 180 1412 F.
196 1354 261 1412 Pul.
278 1355 306 1412 1.
349 1362 403 1411 tota
420 1354 477 1429 die]
497 1363 552 1411 tato
569 1355 615 1412 die
636 1353 717 1412 Flor.
734 1353 767 1412 H
791 1353 878 1412 Rem.
896 1355 938 1428 B,
963 1363 992 1412 at
1011 1357 1140 1430 promissa
1163 1357 1244 1414 deest
1257 1355 1289 1412 in

39 1441 130 1498 Flor.
150 1440 211 1497 ΕΗ
228 1439 315 1497 Bem.
331 1439 359 1496 B
381 1438 471 1497 Voss.
489 1439 520 1495 2.

138 1523 216 1600 Cap.
236 1525 287 1597 24,
304 1526 329 1599 3.
348 1525 399 1582 28.
430 1524 648 1600 propinquique]
668 1533 693 1581 et
708 1525 861 1599 propinqui
875 1524 955 1583 Flor.
974 1525 1034 1584 ΕΗ
1050 1525 1138 1586 Bern.
1155 1525 1182 1584 B
1200 1524 1289 1584 Voss.

42 1612 77 1667 2.
116 1630 153 1668 ne
172 1611 207 1668 de
223 1611 288 1686 sua]
314 1627 363 1668 nee
381 1611 414 1667 de
431 1627 483 1666 sua
507 1607 587 1668 Laid.
610 1608 690 1667 Flor.
709 1607 751 1683 C,
779 1611 835 1668 nisi
851 1611 885 1668 de
901 1629 954 1668 sua
970 1612 1050 1670 Flor.
1069 1611 1129 1669 ΕΗ
1146 1611 1234 1670 Bern.
1249 1609 1288 1670 B.

19 1703 20 1706 ’
42 1696 186 1771 omnium]
205 1697 375 1770 amniumque
392 1694 471 1752 Flor.
489 1693 551 1754 GH
568 1693 655 1752 Bern.
673 1695 710 1753 B.

137 1783 166 1856 3.
187 1779 238 1838 29.
274 1799 323 1838 rea
346 1781 461 1855 intrem]
486 1799 536 1837 ren
559 1799 622 1838 nero
644 1780 757 1854 turrea]
784 1780 864 1838 Flor.
888 1778 973 1840 CEH
998 1781 1128 1840 BormB
1153 1781 1243 1840 Voss.
1260 1782 1290 1839 2.

48 1865 252 1941 Callisthenen]
278 1864 327 1924 sic
342 1864 429 1923 Bern.
447 1864 480 1924 A
495 1865 575 1924 Flor.
592 1866 630 1924 B.

137 1953 216 2026 3.1.
250 1971 299 2008 nos
316 1951 391 2025 uero]
412 1947 513 2008 omitt.
531 1969 581 2008 nos
603 1951 674 2009 Flor
701 1949 760 2010 ΕΗ
776 1949 864 2010 Bam.
880 1947 908 2007 B
926 1950 1015 2009 Voss.
1033 1951 1062 2008 2.
1109 1951 1192 2010 Cone.
1209 1954 1288 2010 iniui-

45 2040 122 2112 mus]
147 2037 292 2094 consilium
308 2037 381 2092 rende
398 2037 524 2092 inivimus
548 2035 629 2094 Flor.
649 2033 731 2096 CEH
755 2037 842 2094 Bet-11.
862 2036 904 2110 B,
926 2035 1036 2112 fuitque
1052 2037 1137 2095 etiam
1159 2038 1189 2095 in
1207 2038 1287 2095 Flor.

49 2121 91 2195 G,
111 2123 164 2181 sed
182 2129 348 2179 comeatum.

139 2208 167 2281 3.
187 2206 218 2262 4.
254 2206 352 2280 quihus
369 2205 411 2282 tu]
429 2204 532 2266 somine.
550 2215 579 2264 tu
601 2207 667 2265 edis.
688 2207 762 2266 Mer.
779 2207 850 2266 Ald.
868 2208 906 2266 ul.

19 2283 21 2318 ⁷
139 2294 166 2365 3.
185 2291 214 2348 5.
249 2291 380 2365 impositu]
396 2294 481 2366 positi
496 2291 575 2349 Flor.
592 2293 652 2350 ΕΗ
669 2293 757 2351 Bern.
775 2295 812 2352 B.

19 2383 21 2402 ³
140 2378 167 2449 3.
188 2377 217 2432 6.
253 2377 292 2432 ad
309 2385 395 2450 eopet
412 2374 521 2454 suppl]
544 2377 583 2435 ad
603 2387 690 2454 supet
712 2389 818 2436 tuarum
836 2378 973 2452 supplitia
994 2377 1081 2435 Bam.
1099 2378 1142 2436 A.
1185 2379 1286 2454 subito]

52 2462 147 2520 omitt.
174 2461 253 2518 Flor.
273 2459 356 2518 CEH
380 2459 468 2519 Bern.
484 2463 511 2519 B
534 2461 622 2522 Voss.
640 2465 669 2522 2.
712 2474 743 2522 ut
759 2465 869 2538 causas]
896 2466 936 2520 uto¹
953 2481 1051 2521 carnos
1069 2463 1149 2522 Flor.
1167 2463 1214 2538 H,
1242 2466 1290 2522 uhi

19 2607 20 2610 ,
54 2565 154 2605 causas
172 2546 252 2604 Flor.
271 2546 306 2618 Ε,
324 2548 366 2602 uti
381 2547 429 2603 ubi
444 2547 531 2604 Bern.
547 2547 583 2606 B.

140 2630 214 2708 Cup.
232 2631 288 2706 25,
306 2633 331 2706 3.
350 2633 380 2688 8.
416 2651 497 2708 qrearn
514 2635 635 2709 liberal]
661 2653 767 2709 quoque
789 2635 836 2691 lib.
861 2633 940 2691 Flor.
966 2632 1051 2692 CEH
1075 2635 1162 2692 Bam.
1183 2634 1220 2692 B.
1259 2644 1288 2692 ot

57 2717 141 2793 Call]
161 2715 263 2775 Omitt.
281 2727 310 2774 ot
326 2717 404 2774 Flor.
424 2715 509 2775 CEH
525 2719 614 2776 Bern.
631 2720 659 2776 B
676 2719 767 2778 Voss.
787 2719 817 2776 2.

141 2806 167 2876 3.
187 2804 217 2860 9.
258 2821 290 2862 aa
315 2822 414 2859 ne-
441 2805 561 2879 quidem]
585 2823 656 2860 anne
676 2805 779 2860 vultum
805 2805 907 2877 quippe
931 2801 1012 2860 Flor.
1036 2800 1120 2862 CEH
1145 2803 1277 2862 Remu

57 2891 157 2963 quippe
174 2907 210 2945 ex
226 2886 315 2946 Voss.
334 2889 352 2944 2
377 2896 501 2945 notatur.
545 2889 590 2946 hio
607 2891 666 2963 qui]
692 2889 723 2945 hi
737 2907 787 2962 qur
783 2887 884 2946 'Flor.
905 2885 990 2946 CEH
1014 2889 1102 2947 Bern.
1119 2890 1156 2948 B.
1203 2890 1289 2948 Calli-

56 2974 175 3047 sthenen]
202 2971 250 3032 sie
268 2973 346 3032 solus
363 2972 451 3030 Bern.
468 2973 500 3030 A
518 2974 553 3031 de
569 2973 686 3032 nostris.

141 3051 572 3140 §.10.nobis]0mitt.F.lor
591 3059 623 3117 H
640 3058 727 3116 Bern.
747 3056 881 3116 BVoss.
898 3058 928 3116 2.

141 3146 166 3218 3.
186 3145 235 3202 11.
271 3144 337 3202 hasa
355 3163 417 3218 erqo
434 3145 511 3220 sunt]
530 3145 596 3202 haee
613 3155 677 3202 sunt
694 3163 757 3218 erqo
774 3143 854 3201 Flor.
872 3142 958 3202 FGI.
993 3153 1018 3199 et
1034 3145 1158 3218 sordido]
1178 3162 1211 3201 ao
1228 3164 1287 3202 sor-

59 3230 123 3286 cliclo
139 3228 217 3288 Flor.
235 3229 293 3287 ΕΗ
312 3229 399 3287 Bern.
418 3229 454 3286 B.
496 3231 620 3304 uictores]
642 3233 761 3287 victurae
778 3229 857 3286 Flor.
875 3228 934 3288 ΕΗ
951 3228 1039 3286 Bem.
1056 3229 1084 3286 B
1102 3228 1192 3287 Voss.
1210 3231 1239 3286 2.

143 3316 166 3388 3.
186 3315 234 3371 12.
277 3314 430 3372 Persarum
448 3317 522 3390 erqo]
547 3333 609 3390 erqo
627 3315 718 3373 omitt.
741 3314 768 3372 F
769 3315 822 3373 lor.
840 3315 882 3387 F,
907 3316 1112 3389 Persarumque
1128 3314 1209 3373 Flor.
1227 3315 1287 3373 ΕΗ

59 3399 144 3456 Bern.
158 3399 194 3474 Β,
210 3401 293 3458 Pers.
317 3419 422 3475 quoque
438 3399 529 3458 Voss.
549 3402 579 3457 2.
662 3465 667 3476 ,

141 3487 240 3560 313.
284 3485 440 3560 aversaris]
459 3487 616 3544 aduersaris
637 3486 718 3544 Flor.
742 3484 841 3544 EGH.
885 3483 1044 3561 fastidires]
1067 3487 1184 3560 fastidis
1206 3484 1286 3544 Flor.

59 3570 140 3626 DFI.
175 3574 255 3626 etiarn
272 3571 374 3646 Iovem]
393 3591 453 3628 eum
469 3571 559 3629 Iouem
576 3572 655 3630 Flor.
673 3571 734 3629 ΕΗ
751 3572 837 3629 Bam.
855 3572 893 3629 B.

145 3651 217 3728 Cap.
247 3655 304 3726 26,
333 3657 359 3727 3.
389 3657 418 3712 2.
449 3657 571 3732 tleleret]
590 3658 666 3715 dehet
683 3658 762 3714 Flor.
782 3656 867 3715 BDI.

143 3740 166 3812 3.
184 3739 214 3796 3.
252 3741 461 3814 antiquissimis]
480 3745 600 3815 antiquis
616 3743 697 3800 Flor.
716 3741 775 3798 ΕΗ
799 3741 931 3799 Bem.B
957 3741 1047 3800 Voss.
1066 3741 1097 3797 2.
1131 3759 1150 3796 a
1167 3742 1286 3816 maritis]

61 3835 86 3882 et
103 3825 236 3881 emeritis
254 3823 334 3880 Flor.
352 3821 435 3880 DFI.

63 3995 116 4054 Flo
143 3909 178 4052 3ί
185 3911 214 3965 4.
249 3928 313 3967 nom
330 3910 358 3966 iu
377 3909 490 3986 ceteros]
508 3914 659 3968 namatio
678 3921 778 3968 saeros
794 3911 874 3968 Flor.
892 3909 998 3984 ΒΕΘ,
1023 3929 1088 3968 narn
1104 3919 1130 3968 et
1146 3915 1175 3970 io
1192 3915 1288 3972 ceteris

117 4015 137 4051 r.

141 4081 166 4154 3.
184 4080 214 4137 5.
249 4080 357 4138 monime
373 4079 447 4136 tou.
463 4077 600 4158 uoloniror]
617 4083 686 4138 inest
702 4081 775 4138 horn.
792 4081 945 4139 admirator
967 4081 1046 4140 Flor.
1065 4081 1123 4214 ΕΗ
1140 4083 1228 4142 Born.
1248 4083 1286 4139 B.

62 4163 205 4243 Philotam]
222 4164 352 4222 Philotan
369 4165 455 4222 Bern.
473 4165 514 4223 A.

143 4247 210 4327 Cap.
226 4249 265 4306 27
269 4251 320 4324 ,3
340 4252 369 4307 9.
404 4251 473 4325 quid
488 4269 535 4326 eqo
552 4252 648 4327 mirer]
667 4251 736 4326 quid
752 4269 799 4325 eqo
816 4253 902 4309 meror
917 4251 996 4311 Flor.
1015 4251 1180 4312 DFGIEH
1197 4253 1286 4310 Bam.

64 4335 257 4411 B..eaprohr
275 4334 376 4415 mersu]
393 4336 503 4410 capr-ob.
520 4337 588 4394 mihi
602 4355 688 4394 ausus
712 4335 793 4395 Flor.
811 4337 867 4395 DI.
902 4341 937 4396 de
952 4338 1087 4418 hostilius]
1112 4337 1287 4396 detorsione

66 4423 119 4477 suis
139 4425 266 4479 aestiuare
290 4420 370 4480 Flor.
388 4419 511 4496 DFGI,
536 4423 628 4480 verbs.
647 4425 781 4480 sustinere
803 4441 856 4481 non
877 4435 1002 4500 pareunt.
1038 4423 1077 4481 At
1094 4425 1164 4480 enirn
1182 4423 1289 4479 Persae

68 4505 222 4564 ‹omittuntur
238 4507 266 4564 in
286 4508 364 4564 Flor.
384 4505 466 4564 OEH
484 4507 571 4565 Bern.
588 4509 614 4564 B
632 4508 722 4566 Voss.
740 4508 770 4565 2.
