3270 5290
533 320 539 334 '
564 356 614 407 on
641 355 768 410 sssr1s
793 355 903 408 anax.
930 357 967 428 v,
989 355 1033 409 se.
1362 338 1436 412 215

193 565 264 638 que
289 540 425 639 patrios
451 549 564 614 testes
591 539 674 615 fidei
701 533 788 616 suae
814 541 996 640 invocanti
1020 539 1163 616 Dareus
1188 540 1294 616 vultu
1319 513 1456 618 ossen-⁸

193 651 361 744 tiebatur,
387 650 485 726 hand
511 650 652 744 dubius,
679 652 765 749 quin
791 677 879 726 vera
905 650 1129 728 deferrentur
1146 679 1170 726 a
1184 649 1345 746 Graecis;
1372 653 1439 730 sed

193 789 237 838 eo
263 788 385 838 rerum
409 773 559 836 ventum
584 773 679 854 erat,
707 773 750 836 ut
763 773 862 842 ¹tem'
875 764 1116 862 periculosum
1141 775 1237 838 esset
1262 790 1337 838 non
1363 790 1437 838 cre-

156 874 279 949 4dere
305 875 391 967 suis,
416 899 523 972 quam
550 873 674 972 decipi.
722 896 805 946 xxx
828 873 926 947 milia
952 883 1064 963 erant,
1091 900 1244 972 quorum
1267 876 1438 950 inclinata

191 987 230 1060 in
257 985 373 1060 scelus
398 987 528 1060 levitas
560 984 769 1058 timebatur:
802 1005 842 1056 1v
868 985 965 1058 milia
990 982 1128 1059 Patron
1154 986 1330 1078 habebat;
1362 988 1437 1086 qui·

193 1097 262 1172 bus
289 1096 319 1170 si
345 1096 556 1172 credidisset
582 1096 736 1168 salutern
762 1120 879 1188 suam,
907 1097 1080 1170 damnata
1103 1097 1331 1194 poprdarium
1356 1099 1438 1191 fide,

158 1207 383 1306 sperricidio
418 1207 686 1282 excusationem
718 1206 868 1280 videbat
899 1207 1028 1280 offerri.
1089 1205 1215 1305 Itaque
1250 1221 1438 1309 praeopta·

193 1318 258 1393 bat
283 1319 476 1410 immerito,
511 1343 619 1415 quam
653 1317 730 1392 iure
756 1317 891 1390 violari.
943 1317 1057 1392 Besso
1083 1328 1206 1394 tamen
1230 1319 1440 1395 insidiarum

194 1430 382 1504 consilium
407 1429 576 1528 purganti
602 1427 798 1527 respondit,
826 1427 1026 1502 Alexandri
1051 1428 1119 1502 sibi
1143 1455 1218 1503 non
1243 1431 1360 1505 minus
1386 1433 1437 1506 iu·

195 1542 345 1632 stitiam,
378 1565 488 1639 quarn
516 1540 707 1631 virtutem,
739 1561 819 1616 esse
858 1549 1093 1637 perspectam.
1150 1540 1240 1615 Falli
1266 1566 1344 1633 eos,
1377 1545 1438 1640 qui

194 1651 406 1751 proditionis
433 1651 479 1724 ab
506 1677 550 1725 eo
576 1651 774 1749 praemium
801 1659 1010 1748 expectent:
1037 1652 1193 1726 violatae
1219 1651 1303 1728 fidei
1328 1657 1437 1730 nemi·

159 1782 278 1836 onem
303 1763 478 1836 acriorem
503 1763 580 1837 fore
611 1761 792 1835 vindicem
817 1763 1050 1858 ultoremque.
1102 1761 1250 1860 Iamque
1274 1789 1350 1840 nox
1376 1791 1437 1865 ap·

194 1873 357 1972 petebat,
391 1899 483 1946 cum-
499 1871 632 1948 Persae
658 1897 758 1946 more
785 1873 890 1946 solito
917 1873 1025 1946 ermis
1051 1873 1177 1970 positis
1203 1873 1251 1946 ad
1275 1900 1438 1950 necessa·

192 1986 247 2058 ria
272 2010 320 2058 ex
346 1985 511 2083 proximo
544 1986 624 2058 vico
656 1981 805 2058 ferenda
831 1983 1044 2057 discurrunt.
1097 1981 1149 2056 At
1174 1983 1369 2078 Bactriani,
1395 1997 1438 2061 ut

193 2096 407 2193 imperatum
432 2122 455 2169 a
480 2093 593 2170 Besso
619 2105 708 2186 erat,
734 2095 864 2168 armati
889 2095 1043 2168 stabant

160 2226 175 2272 r
296 2205 394 2278 Inter
425 2207 516 2279 haec
540 2203 681 2280 Dareus
716 2204 953 2284 Artabazum,
969 2204 1075 2278 acciri
1099 2205 1215 2296 iubet,
1250 2207 1488 2305 expositis-33

195 2343 274 2415 que,
302 2341 392 2414 quae
418 2313 555 2390 Patron
581 2314 769 2407 detulerat,
796 2314 895 2390 haud
921 2316 1086 2391 dubitare
1111 2315 1326 2408 Artabazus,
1353 2319 1439 2415 quin

193 2427 454 2502 transeundum
489 2437 585 2502 esset
625 2428 663 2500 in
694 2436 814 2501 cestra
846 2423 1074 2501 Graecorum.
1133 2425 1264 2501 Persas
1296 2455 1438 2526 quoque

157 2539 352 2639 epericulo
385 2539 534 2636 vulgato
571 2549 767 2612 secuturos.
820 2535 1031 2612 Destinatus
1059 2540 1148 2613 sorti
1174 2563 1277 2632 suae,
1305 2551 1341 2614 et
1366 2542 1441 2614 iam

191 2651 323 2723 nullius
350 2649 502 2724 salubris
529 2649 665 2722 consilii
691 2650 842 2747 patiens,
870 2650 1061 2726 unicamin
1074 2651 1135 2724 ille
1160 2651 1306 2724 fortuna
1332 2677 1439 2749 opem

190 2761 430 2851 Artabazum,
463 2760 628 2833 ultimum
652 2760 753 2832 illum
786 2761 944 2851 visurus,
979 2761 1205 2859 amplectitur
1212 2789 1221 2852 ;
1257 2764 1438 2858 perfusus-

191 2897 261 2969 que
292 2871 426 2944 mutuis
457 2870 627 2962 lacrimis,
660 2870 906 2944 inhaerentem
940 2871 1007 2944 sibi
1042 2872 1148 2944 avelli
1172 2871 1288 2944 iubet:
1320 2874 1437 2970 capite

191 2980 322 3056 deinde
346 2983 487 3074 velato,
513 3007 560 3056 ne
586 2982 680 3054 inter
706 2982 860 3079 gemitus
887 2979 1146 3080 digredientem
1172 2983 1274 3055 velut
1298 3007 1320 3054 a
1345 3007 1435 3080 rogo

137 3091 406 3183 eintueretur,
438 3094 476 3166 in
507 3094 657 3168 humum
688 3117 843 3190 pronum
875 3117 1004 3190 corpus
1036 3091 1174 3164 abiecit.
1228 3090 1321 3164 Tum
1347 3117 1434 3167 vero

191 3203 353 3278 custodia
378 3203 453 3278 eius
479 3204 622 3294 assueti,
649 3227 739 3300 quos
765 3203 859 3300 regis
885 3204 1038 3276 salutem
1062 3203 1121 3276 vel
1146 3203 1316 3302 periculis
1337 3204 1435 3279 vitae
1525 3207 1527 3212 ’

223 3371 295 3424 vultu
312 3371 516 3441 assentiebatur]
534 3369 685 3440 Eddrulg.
703 3385 795 3423 osseo·
830 3376 888 3423 tum
904 3385 1020 3442 suaeque
1037 3369 1159 3424 somnone
1176 3361 1318 3442 proditum.
1348 3371 1435 3426 Extat

187 3439 280 3506 tiebat,
304 3440 380 3493 codd.
407 3442 440 3494 et'
462 3439 569 3494 Medius
595 3439 795 3494 assentiebatur.
829 3447 919 3492 autem
940 3439 1005 3492 haec
1031 3437 1110 3492 lectio
1135 3439 1163 3492 in
1184 3439 1283 3494 Aldina
1308 3439 1434 3509 editione,

188 3506 259 3560 Vide
277 3508 311 3560 ad
328 3521 368 3575 Ν,
387 3515 429 3562 tt.
829 3525 889 3587 cum
905 3505 933 3560 in
949 3506 1070 3578 principe
1088 3507 1169 3588 fuerit
1186 3527 1204 3561 a
1221 3526 1300 3578 repe,
1319 3510 1366 3562 sed
1383 3511 1434 3564 hoe

206 3594 249 3658 -ς,
266 3599 291 3644 4.
309 3593 356 3646 rr
371 3595 426 3646 met.
444 3593 545 3647 Patron
563 3595 672 3648 taneta
705 3595 794 3649 omre
828 3593 931 3642 mrum,
950 3584 1090 3647 posquam
1102 3576 1201 3656 ‘mena
1219 3579 1291 3658 <nod
1309 3586 1378 3658 esset
1392 3595 1434 3632 ⁸0-

189 3659 259 3712 titur
276 3677 371 3712 nom
387 3661 489 3714 pap-,m
509 3661 538 3715 in
555 3662 627 3717 glor,
711 3665 793 3718 gem·
827 3643 1064 3698 melmonstratum
1072 3643 1123 3698 furt
1139 3647 1276 3700 etaIunro
1289 3646 1434 3716 Modroque

190 3727 309 3784 ΑΜ,
326 3728 403 3781 voeg,
422 3736 444 3782 1,
827 3720 1016 3792 propagatum,
1034 3711 1149 3766 editores
1167 3727 1256 3767 tamen
1274 3715 1433 3769 recentiores

827 3781 861 3834 ad
878 3799 975 3851 priscas
994 3779 1083 3833 sordes
1100 3780 1206 3836 redisse.
1225 3782 1335 3836 Codices
1349 3783 1431 3837 Soak.

186 3823 251 3942 Adifi
272 3827 313 3902 6·-
339 3831 368 3874 ¹⁴⁸
390 3823 542 3891 {mmmm
573 3841 591 3877 α
617 3823 701 3878 3⁶³³⁰
725 3827 791 3905 ΜΨ]
827 3857 856 3902 et
880 3848 963 3902 nostri
983 3864 1073 3902 omnes
1094 3867 1158 3919 rope
1175 3849 1303 3906 exhibent
1323 3860 1432 3922 praeter

252 3907 285 3944 ue
302 3907 363 3959 emp.
382 3901 439 3944 erat
456 3909 473 3944 α
491 3894 583 3946 Besso.
618 3891 689 3945 Illud
707 3902 749 3946 est
764 3911 792 3950 m
825 3917 897 3970 ΠΟΥ.
915 3916 988 3969 DFI·
1463 3929 1468 3940 .

186 3957 309 4012 omnibus
326 3959 401 4012 codd.
419 3961 515 4014 nostris
533 3959 583 4014 nisi
597 3961 793 4030 quodBern.A
879 3992 928 4040 ’9‘
964 3986 1082 4038 ,modia
1100 3986 1155 4040 eiu,
1179 3988 1290 4055 mum]
1324 3987 1431 4042 Afflm,

185 4025 258 4080 ΠΟΥ·
277 4025 326 4080 ΑΟ
346 4027 464 4107 itemque
481 4027 555 4082 Lem·
578 4029 688 4087 ΜΛ
717 4039 793 4083 ‘'⁶⁶¹⁷“
826 4072 888 4106 vum
907 4071 995 4107 casum
1014 4060 1124 4107 tuentur
1140 4053 1214 4108 Leid.
1226 4055 1327 4110 Voss.1
1347 4055 1430 4110 Bern.

185 4095 312 4149 mend⁰⁵⁰
329 4095 466 4150 e¹h¹be¹¹P
826 4124 853 4176 A
869 4122 941 4176 Flor.
959 4122 1018 4175 AB.
1052 4121 1142 4192 Vulgo
1159 4123 1252 4192 (etiam
1269 4122 1357 4192 Mod.)
1384 4142 1429 4178 cu·

222 4187 288 4258 Cap.
307 4195 356 4268 33,
382 4191 406 4310 ᾗ.
425 4195 449 4243 8.
486 4191 672 4261 digredientem
690 4191 792 4245 veluto
827 4193 936 4245 stedine.
971 4189 1014 4248 cf.
1032 4191 1067 4243 ad
1083 4190 1129 4244 lib.
1147 4207 1190 4258 111,
1209 4199 1250 4246 23.
1286 4191 1340 4245 Sed
1357 4195 1430 4264 quod

184 4259 261 4326 rope]
296 4256 381 4328 Digre
401 4258 455 4312 itur
472 4258 579 4313 veluto
597 4278 660 4328 rope
676 4259 792 4312 Artaba·
826 4258 945 4330 seqnitur
965 4261 1005 4312 vel
1021 4261 1151 4330 periculis
1173 4262 1240 4314 vitoe
1263 4261 1379 4315 omnium
1397 4261 1430 4313 li-

185 4343 242 4392 ces,
260 4325 310 4378 ie.
373 4343 417 4380 ern
431 4326 504 4398 quasi
521 4327 574 4380 iam
591 4327 790 4394 conclamatum,
826 4329 933 4382 brorum
949 4327 1093 4381 auctoritas
1110 4336 1190 4398 atque
1204 4329 1270 4382 adeo
1283 4329 1429 4382 editionum

186 4406 219 4446 ut
239 4393 346 4448 similitu
375 4413 435 4449 nem
456 4394 627 4450 similitudine
652 4395 790 4465 explicem,
825 4404 892 4450 vett.
916 4395 1082 4450 commendat
1111 4413 1181 4476 prae
1204 4395 1276 4467 vulg.
1296 4399 1427 4465 periculo,

187 4460 325 4533 relinquit,
349 4471 484 4536 tamquam
510 4463 642 4519 bominem
668 4465 791 4535 despera-
827 4481 907 4536 quum
923 4463 1013 4518 Iunius
1031 4462 1140 4520 invexit.
