3158 5294
264 349 337 419 490
748 369 781 431 o.
808 369 1033 421 susannam

263 547 361 652 Cyro.
413 551 506 626 Hinc
530 553 588 626 illa
613 551 794 651 beniqaitas
819 553 856 626 ia
881 567 918 645 te,
944 565 990 645 m,
1014 553 1105 652 quod
1128 552 1265 652 impune
1290 554 1416 628 babere
1442 579 1504 628 non
1520 574 1533 589 ’·

257 676 389 762 poterat
416 660 567 756 Orsines,
598 664 754 738 domade
779 663 877 738 aiam
899 665 1048 764 qratiam
1082 664 1188 738 isira
1243 662 1502 738 Concitaverat
1517 661 1548 728 5¹³

259 775 330 846 iam
355 776 511 848 animmn
537 776 573 848 in
599 776 707 850 iram:
736 801 817 848 cum
843 777 889 865 hi,
917 775 1044 872 quibus
1062 775 1245 872 negotium
1270 774 1372 848 idem
1400 776 1502 850 dede

259 895 326 977 rut,
352 887 617 985 superveniunt.
664 885 756 959 Hinc
781 886 932 985 Bagoas,
958 887 1041 960 hinc
1068 888 1113 961 ab
1141 911 1183 960 eo
1210 886 1420 979 subornati,
1447 891 1503 962 fal·

260 997 307 1071 sis
333 999 537 1071 criminibus
564 1009 740 1095 occupant
766 1023 881 1073 aures.
939 998 1145 1095 Antequam
1174 999 1337 1072 accusari
1378 1023 1423 1072 se
1451 1027 1503 1072 su·
1516 1019 1534 1063 t·

260 1106 456 1206 spicaretur
483 1104 640 1197 Orsines,
669 1108 707 1179 in
733 1109 875 1184 vincula
901 1119 956 1182 est
981 1107 1144 1182 traditus.
1196 1107 1278 1181 Non
1305 1121 1503 1184 contentus

259 1221 431 1320 supplicio
445 1219 594 1292 insontis
617 1218 740 1316 spado,
769 1220 844 1317 ipse
857 1221 1030 1293 morituro
1048 1245 1194 1292 manum
1205 1219 1332 1294 iniecit
1383 1219 1504 1310 Quem
1547 1257 1548 1270 ¹

260 1329 406 1406 Orsines
441 1331 600 1419 intuens,
638 1331 841 1423 Audieram,
875 1333 1006 1428 inquit,
1040 1331 1077 1404 ia
1107 1330 1196 1404 Asea
1227 1330 1306 1405 olim
1343 1359 1504 1432 refflraase

248 1442 417 1544 sentinas,
452 1441 510 1514 boe
543 1465 619 1514 uero
644 1466 767 1515 aarum
801 1456 861 1535 est,
900 1467 1040 1541 reamare
1073 1441 1273 1516 amaeam!
1327 1441 1404 1516 Hic
1441 1447 1503 1518 fuit

260 1553 377 1626 exitus
403 1551 610 1625 nobilissimi
623 1549 824 1644 Persarum,
850 1578 917 1627 nec
942 1553 1093 1626 insontis
1111 1551 1229 1641 mod0‚
1255 1552 1323 1626 sed
1347 1555 1503 1628 eximiae

258 1688 399 1761 quoque
424 1662 652 1760 benignitatis
679 1663 715 1734 in
741 1689 871 1761 regem.
924 1661 1062 1736 Eodem
1094 1673 1254 1760 tempore
1282 1663 1502 1747 Phradates,
1516 1686 1535 1730 ³·

257 1799 406 1873 regnum
433 1775 618 1848 affectasse
645 1784 841 1870 suspectus,
868 1774 1053 1849 occiditur·
1090 1771 1267 1871 Coeperat
1294 1799 1380 1850 esse
1403 1803 1504 1876 prae·

257 1911 340 1984 ceps
376 1885 422 1959 ud
447 1882 750 1983 repraesentanda
784 1886 973 1984 supphcia‚
1007 1887 1093 1959 item
1125 1885 1171 1960 ad
1205 1885 1394 1962 deteriora
1433 1915 1502 1962 cre

258 1995 384 2072 denda.
444 1993 584 2070 Scilicet
618 2019 675 2068 res
710 1996 887 2070 secundae
922 1997 1045 2070 valent
1071 2007 1290 2070 commutare
1315 2009 1503 2072 naturam.
1516 2027 1531 2060 ⁴.

257 2117 294 2180 et
319 2133 401 2180 raro
428 2108 615 2204 quisquam
649 2131 734 2204 erga
760 2107 856 2180 bona
891 2131 956 2180 sua
990 2108 1076 2180 satis
1113 2118 1238 2182 cautus
1274 2119 1343 2182 est
1402 2108 1502 2184 Idem

256 2221 349 2292 enim
374 2220 481 2316 paulo
513 2228 597 2290 ante
619 2215 821 2316 Lyncesten
845 2217 1093 2292 Alexandrum
1120 2217 1278 2292 delatum
1303 2245 1327 2292 a
1356 2219 1501 2295 duobus

255 2328 429 2402 indicibus
457 2329 628 2402 damnare
653 2354 727 2401 non
753 2329 986 2419 sustinuerat,
1011 2329 1215 2402 humiliores
1243 2354 1394 2427 quoque
1423 2358 1501 2406 reos
1514 2352 1532 2394 41

255 2447 381 2512 contra
408 2465 509 2513 suam
535 2438 774 2530 voluntatem,
810 2441 892 2536 quia
918 2439 1044 2512 ceteris
1079 2439 1296 2513 videbantur
1321 2441 1502 2530 insontes,
1547 2453 1548 2544 l

255 2573 381 2646 passus
408 2551 546 2622 absolvi
553 2577 561 2640 ;
596 2550 760 2624 hostibus
794 2552 897 2625 victis
932 2576 1045 2648 regna
1076 2549 1302 2624 reddideratz
1341 2552 1395 2626 ad
1424 2556 1532 2626 ulti-12·

252 2685 351 2734 mum
377 2686 464 2735 vero
489 2662 541 2734 ita
567 2671 644 2734 tum
670 2662 715 2734 ab
743 2662 934 2759 semetipso
961 2661 1210 2760 degeneravit,
1244 2671 1296 2750 ut,
1332 2663 1496 2739 invictus

286 2899 309 2964 ξ.
332 2901 374 2952 tt.
408 2899 467 2950 item
493 2899 531 2950 ad
555 2899 684 2950 deteriora
711 2898 852 2966 credenda]
887 2895 1045 2950 itemPal.1
1067 2895 1180 2950 BernB
1198 2896 1258 2949 edd.
1268 2895 1367 2966 princ,
1387 2917 1500 2968 regnare

251 2964 315 3018 Non
332 2982 427 3019 censeo
445 2965 508 3018 ferri
527 2983 604 3046 posse
615 2965 777 3085 quodvulglo
797 2963 853 3016 edi-
888 2967 993 3018 dixerat
1010 2965 1124 3018 traditur
1141 2983 1157 3016 a
1175 2964 1256 3026 Snak.
1278 2964 1427 3021 inventum
1446 2985 1499 3022 eae

251 3043 294 3086 tur
312 3041 340 3087 et
356 3033 384 3086 in
400 3034 604 3104 mssplensque
622 3031 743 3086 omnibus
768 3033 854 3104 egitur
886 3032 915 3086 in
932 3034 1009 3086 Voss.
1027 3039 1041 3086 2
1061 3041 1089 3085 et
1106 3033 1236 3085 edebatur
1258 3033 1292 3086 ab
1313 3033 1391 3089 Aldo
1410 3045 1442 3089 et
1459 3037 1498 3089 lu·

250 3105 325 3169 idem,
355 3103 572 3172 quandoquidem
597 3101 702 3156 Adiect.
722 3119 854 3172 praeceps
888 3101 946 3168 nio,
966 3101 1049 3154 donec
1065 3101 1173 3154 Modius
1190 3119 1273 3169 reque
1291 3105 1444 3158 reduxerat
1460 3121 1499 3157 re·

251 3169 330 3223 etiam
351 3171 385 3222 ad
408 3169 557 3240 posteriora
579 3171 703 3235 refertur,
726 3187 775 3223 nec
792 3186 855 3222 cen·
888 3169 1000 3223 votavit.
1052 3169 1085 3222 ln
1110 3170 1191 3222 Bern.
1217 3171 1242 3221 A
1273 3169 1410 3224 indicatum
1444 3189 1498 3224 ease

251 3241 344 3292 nebunt
361 3239 509 3292 Schelleras
532 3247 560 3290 et
579 3237 710 3291 Heinsius.
746 3238 789 3290 En
805 3237 854 3290 tibi
888 3255 970 3307 reque
997 3240 1122 3304 duxerat,
1152 3237 1276 3307 idemque
1308 3247 1358 3292 aut
1385 3259 1498 3309 raanan

252 3315 345 3359 auctor
370 3307 401 3359 fit
418 3306 489 3359 Flor.
516 3304 557 3371 G,
593 3307 614 3358 si
646 3305 702 3358 eius
729 3305 854 3375 suffragio
889 3309 1001 3359 duxerat
1026 3305 1131 3358 videtur
1156 3305 1183 3358 in
1208 3305 1283 3359 Leid
1315 3315 1345 3358 et
1373 3308 1458 3362 Voss.
1477 3319 1497 3371 t.

250 3375 376 3428 utendum
393 3382 478 3443 putas.
889 3373 935 3444 qui
952 3372 1075 3442 silentur,
1094 3375 1230 3428 inventum
1248 3390 1315 3428 ease.

258 3446 308 3509 '§.
326 3449 368 3494 40.
404 3459 466 3509 erqa
493 3442 561 3493 bona
586 3442 650 3560 susq
688 3441 765 3494 Bana
792 3442 817 3494 h.
835 3441 853 3494 l.
922 3444 945 3510 5.
963 3448 1005 3495 tt.
1040 3445 1078 3496 ud
1102 3445 1228 3510 altimum]
1271 3441 1351 3506 Quae

251 3509 332 3578 paulo
367 3507 520 3561 insolentius
555 3525 633 3560 secun
652 3525 695 3560 am
720 3508 853 3562 fortunam
886 3509 986 3563 tursio
1010 3511 1167 3564 exhibentur
1183 3510 1212 3563 iu
1228 3509 1301 3564 Flor.
1318 3514 1362 3565 A:
1382 3517 1424 3567 ad
1441 3517 1498 3568 ulti·
1547 3533 1548 3564 1

250 3584 347 3641 vocat,
371 3576 498 3647 qusquis
521 3577 611 3628 utitur.
647 3575 690 3630 Sic
708 3593 788 3646 supra
804 3577 851 3630 lib.
885 3596 954 3632 mma
970 3581 1105 3636 traiectum
1122 3581 1155 3632 ab
1173 3581 1307 3648 semetqrso
1326 3583 1498 3650 degenerarit
1547 3597 1548 3630 ξ

251 3659 317 3711 viu,
338 3651 368 3699 16
387 3643 466 3698 dixit:
489 3647 558 3714 reaia
575 3646 659 3698 minus
681 3646 735 3696 iam
752 3647 852 3714 cupidi·
885 3656 913 3699 at
930 3649 959 3699 ia
977 3651 1106 3716 quoddam
1124 3650 1249 3700 adversas
1267 3648 1423 3712 libidinem,
1451 3667 1497 3704 uer

252 3715 348 3768 tatibus
374 3716 430 3768 sais
457 3715 609 3782 imperantis
640 3714 709 3766 inter
734 3713 853 3784 obseqm'a
888 3713 1026 3768 discedunt
1048 3715 1142 3786 reliqui
1167 3715 1216 3768 nisi
1234 3716 1308 3785 quod
1334 3733 1352 3769 a
1373 3723 1440 3840 {qim
1458 3721 1497 3781 at)

245 3783 387 3852 sormam,
410 3793 501 3836 comm
535 3800 596 3835 uam
622 3799 674 3834 non
692 3783 758 3834 satis
775 3793 853 3836 cauta
887 3783 1237 3853 habentFlor.praete1-B
1255 3782 1354 3854 reliqui
1402 3787 1497 3840 eruli
1547 3849 1548 3852 Ἴ

252 3861 290 3904 eet
311 3854 463 3905 mortalitas.
526 3849 556 3902 rsi
583 3849 634 3904 hoo
652 3850 782 3904 sententie
803 3850 853 3905 loci
887 3852 964 3906 Voss.
978 3859 1003 3918 2,
1022 3859 1077 3904 urm
1114 3869 1144 3920 ro
1162 3867 1195 3904 eo
1213 3852 1284 3921 quod
1301 3861 1345 3905 est
1363 3859 1497 3922 quoddam
1547 3877 1548 3920 3

252 3919 466 3997 docerem-bona
484 3937 541 3972 mea
558 3917 654 3972 Latine
672 3917 852 3991 intelligeren·
887 3918 962 3972 Leid.
989 3922 1064 3986 dam,
1091 3869 1172 3972 bern.
1189 3921 1215 3972 Δ
1234 3937 1291 4042 qao
1319 3923 1400 3986 darn,
1429 3923 1498 3976 Flor.

251 4005 297 4041 rur
314 3986 394 4042 animi
411 3986 530 4040 virtutes.
886 3987 962 4040 EFH
978 3987 1059 4042 Bern.
1077 3989 1100 4041 B
1118 3987 1175 4040 Pal.
1195 3995 1208 4041 l

287 4061 311 4120 §-
329 4063 371 4108 41.
405 4073 488 4124 reque
505 4057 665 4124 reddiderat]
701 4053 746 4109 Sic
763 4071 853 4108 emen·
886 4055 1203 4125 FlonBDGIquosdam.
1220 4055 1292 4109 Edit
1302 4055 1442 4126 prinead
1454 4063 1497 4112 ult.

252 4123 326 4176 davit
359 4122 570 4190 Freinshemius,
598 4123 657 4177 coll.
689 4123 765 4176 huius
791 4122 853 4176 libri
887 4125 1044 4178 traiectasa
1070 4126 1204 4192 saraipta
1223 4127 1395 4188 deqeaeram't
1416 4145 1497 4198 arque

253 4209 309 4260 cap.
330 4198 361 4245 18
379 4202 460 4245 tetre
478 4210 513 4245 aa
531 4193 805 4262 autredditeqaibas
822 4207 854 4244 ea
886 4201 915 4246 at
940 4194 969 4246 ia
994 4195 1106 4262 quodam
1130 4199 1180 4246 oet.
1222 4179 1310 4245 aldus
1329 4197 1460 4250 mama
1480 4215 1496 4248 a

253 4263 400 4328 dempserat
418 4209 494 4326 telio,
522 4270 568 4313 aat
586 4264 652 4313 duaa
680 4263 751 4313 data.
786 4259 853 4312 Vul·
886 4263 1022 4330 semetque
1049 4262 1212 4329 deqeaeram't
1237 4263 1266 4314 ia
1288 4265 1421 4329 quadan
1447 4279 1496 4318 eet

272 4335 316 4380 ata
332 4345 413 4397 reqna
431 4331 583 4394 reduxerat,
606 4345 685 4399 quum
701 4327 808 4380 Medius
825 4326 854 4381 in
886 4327 978 4382 Iunius
995 4329 1107 4400 denique
1131 4332 1169 4382 ad
1183 4331 1231 4382 alt.
1248 4347 1266 4381 a
1288 4333 1429 4400 semetipso
1455 4337 1497 4385 de-

253 4345 348 4452 bolen.
366 4415 414 4449 suo
424 4411 480 4448 esse
493 4395 566 4462 dicit,
584 4411 688 4449 sensum
699 4396 852 4448 nonhabet.
884 4399 1031 4466 generarat,
1049 4400 1211 4467 usqueadeo
1228 4407 1257 4450 ut
1275 4400 1407 4452 aduersus
1424 4403 1496 4453 libid

255 4464 496 4522 Codd.Florentini
514 4481 723 4532 omneereqaare
736 4465 853 4527 duxerat,
887 4473 938 4518 cet.
965 4465 1036 4536 quod
1062 4474 1091 4518 ct
1116 4464 1224 4518 hlodiua
1243 4464 1349 4536 placide
1377 4467 1445 4522 tulit
1470 4479 1497 4522 et

1260 3995 1345 4041 oeae
1372 3995 1496 4059 quadan,
