<?xml version="1.0" encoding="UTF-8"?>
<!DOCTYPE html PUBLIC "-//W3C//DTD XHTML 1.0 Transitional//EN"
    "http://www.w3.org/TR/xhtml1/DTD/xhtml1-transitional.dtd">
<html xmlns="http://www.w3.org/1999/xhtml" xml:lang="en" lang="en">
 <head>
  <title>
</title>
<meta http-equiv="Content-Type" content="text/html;charset=utf-8" />
  <meta name='ocr-system' content='tesseract 3.04.00' />
  <meta name='ocr-capabilities' content='ocr_page ocr_carea ocr_par ocr_line ocrx_word'/>
</head>
<body>
  <div class='ocr_page' id='page_1' title='image "./qcurtiirufidege00zumpgoog_0226.png"; bbox 0 0 3270 5290; ppageno 0'>
   <div class='ocr_carea' id='block_1_1' title="bbox 554 373 1409 461">
    <p class='ocr_par' dir='ltr' id='par_1_1' title="bbox 554 373 1409 461">
     <span class='ocr_line' id='line_1_1' title="bbox 554 373 1409 461; baseline 0.004 -17"><span class='ocrx_word' id='word_1_1' title='bbox 554 393 604 444; x_wconf 83' lang='lat' dir='ltr'>nr</span> <span class='ocrx_word' id='word_1_2' title='bbox 630 391 757 444; x_wconf 81' lang='lat' dir='ltr'>ensms</span> <span class='ocrx_word' id='word_1_3' title='bbox 782 392 891 444; x_wconf 79' lang='lat' dir='ltr'>snex.</span> <span class='ocrx_word' id='word_1_4' title='bbox 917 393 953 461; x_wconf 88' lang='lat' dir='ltr'>v,</span> <span class='ocrx_word' id='word_1_5' title='bbox 980 391 1022 438; x_wconf 76' lang='grc' dir='ltr'>ιο.</span> <span class='ocrx_word' id='word_1_6' title='bbox 1337 373 1409 448; x_wconf 81' lang='grc'>197</span> 
     </span>
    </p>
   </div>
   <div class='ocr_carea' id='block_1_2' title="bbox 140 577 1417 2693">
    <p class='ocr_par' dir='ltr' id='par_1_2' title="bbox 140 577 1417 2693">
     <span class='ocr_line' id='line_1_2' title="bbox 175 577 1410 678; baseline -0.004 -22"><span class='ocrx_word' id='word_1_7' title='bbox 175 581 317 658; x_wconf 85' lang='lat' dir='ltr'>deserto</span> <span class='ocrx_word' id='word_1_8' title='bbox 349 577 497 678; x_wconf 89' lang='lat' dir='ltr'>oppido,</span> <span class='ocrx_word' id='word_1_9' title='bbox 519 601 604 676; x_wconf 88' lang='lat' dir='ltr'>qua</span> <span class='ocrx_word' id='word_1_10' title='bbox 635 602 812 677; x_wconf 84' lang='lat' dir='ltr'>quemque</span> <span class='ocrx_word' id='word_1_11' title='bbox 841 588 959 652; x_wconf 89' lang='lat' dir='ltr'>metus</span> <span class='ocrx_word' id='word_1_12' title='bbox 994 577 1139 676; x_wconf 84' lang='lat' dir='ltr'>agebat,</span> <span class='ocrx_word' id='word_1_13' title='bbox 1177 577 1410 676; x_wconf 81' lang='lat' dir='ltr'>diffugerant3</span> 
     </span>
     <span class='ocr_line' id='line_1_3' title="bbox 174 688 1412 790; baseline -0.003 -22"><span class='ocrx_word' id='word_1_14' title='bbox 174 720 256 768; x_wconf 88' lang='lat' dir='ltr'>cum</span> <span class='ocrx_word' id='word_1_15' title='bbox 281 717 349 767; x_wconf 87' lang='lat' dir='ltr'>rex</span> <span class='ocrx_word' id='word_1_16' title='bbox 375 692 590 790; x_wconf 76' lang='lat' dir='ltr'>phalangem</span> <span class='ocrx_word' id='word_1_17' title='bbox 610 691 699 765; x_wconf 91' lang='lat' dir='ltr'>nihil</span> <span class='ocrx_word' id='word_1_18' title='bbox 711 697 898 764; x_wconf 85' lang='lat' dir='ltr'>cunctatus</span> <span class='ocrx_word' id='word_1_19' title='bbox 911 688 1057 762; x_wconf 87' lang='lat' dir='ltr'>inducit.</span> <span class='ocrx_word' id='word_1_20' title='bbox 1082 688 1214 764; x_wconf 84' lang='lat' dir='ltr'>Multas</span> <span class='ocrx_word' id='word_1_21' title='bbox 1228 691 1346 781; x_wconf 89' lang='lat' dir='ltr'>urbes,</span> <span class='ocrx_word' id='word_1_22' title='bbox 1359 716 1412 764; x_wconf 90' lang='lat' dir='ltr'>re·</span> 
     </span>
     <span class='ocr_line' id='line_1_4' title="bbox 174 802 1414 903; baseline 0.001 -23"><span class='ocrx_word' id='word_1_23' title='bbox 174 807 284 880; x_wconf 84' lang='lat' dir='ltr'>sertas</span> <span class='ocrx_word' id='word_1_24' title='bbox 308 803 491 903; x_wconf 90' lang='lat' dir='ltr'>opulentia</span> <span class='ocrx_word' id='word_1_25' title='bbox 511 804 618 901; x_wconf 88' lang='lat' dir='ltr'>regia,</span> <span class='ocrx_word' id='word_1_26' title='bbox 643 803 774 901; x_wconf 88' lang='lat' dir='ltr'>partim</span> <span class='ocrx_word' id='word_1_27' title='bbox 797 811 1077 900; x_wconf 81' lang='lat' dir='ltr'>expugnaverat,</span> <span class='ocrx_word' id='word_1_28' title='bbox 1101 803 1232 901; x_wconf 87' lang='lat' dir='ltr'>partim</span> <span class='ocrx_word' id='word_1_29' title='bbox 1250 803 1288 875; x_wconf 93' lang='lat' dir='ltr'>in</span> <span class='ocrx_word' id='word_1_30' title='bbox 1304 802 1414 882; x_wconf 85' lang='lat' dir='ltr'>fidem</span> 
     </span>
     <span class='ocr_line' id='line_1_5' title="bbox 140 913 1413 1016; baseline 0 -28"><span class='ocrx_word' id='word_1_31' title='bbox 140 939 157 988; x_wconf 86' lang='lat' dir='ltr'>a</span> <span class='ocrx_word' id='word_1_32' title='bbox 175 927 371 1016; x_wconf 85' lang='lat' dir='ltr'>acceperat,</span> <span class='ocrx_word' id='word_1_33' title='bbox 385 913 449 989; x_wconf 91' lang='lat' dir='ltr'>sed</span> <span class='ocrx_word' id='word_1_34' title='bbox 461 914 560 987; x_wconf 91' lang='lat' dir='ltr'>urbis</span> <span class='ocrx_word' id='word_1_35' title='bbox 571 915 676 988; x_wconf 91' lang='lat' dir='ltr'>huius</span> <span class='ocrx_word' id='word_1_36' title='bbox 686 913 831 986; x_wconf 90' lang='lat' dir='ltr'>divitiae</span> <span class='ocrx_word' id='word_1_37' title='bbox 842 914 960 986; x_wconf 89' lang='lat' dir='ltr'>vicere</span> <span class='ocrx_word' id='word_1_38' title='bbox 973 915 1173 1011; x_wconf 86' lang='lat' dir='ltr'>praeterita.</span> <span class='ocrx_word' id='word_1_39' title='bbox 1200 913 1243 989; x_wconf 92' lang='lat' dir='ltr'>In</span> <span class='ocrx_word' id='word_1_40' title='bbox 1255 914 1347 989; x_wconf 90' lang='lat' dir='ltr'>hanc</span> <span class='ocrx_word' id='word_1_41' title='bbox 1359 924 1413 988; x_wconf 90' lang='lat' dir='ltr'>to·</span> 
     </span>
     <span class='ocr_line' id='line_1_6' title="bbox 153 1015 1413 1124; baseline -0.001 -22"><span class='ocrx_word' id='word_1_42' title='bbox 153 1015 246 1102; x_wconf 55' lang='lat' dir='ltr'>&#39;tius</span> <span class='ocrx_word' id='word_1_43' title='bbox 269 1027 424 1102; x_wconf 84' lang='lat' dir='ltr'>Persidis</span> <span class='ocrx_word' id='word_1_44' title='bbox 446 1051 532 1124; x_wconf 89' lang='lat' dir='ltr'>opes</span> <span class='ocrx_word' id='word_1_45' title='bbox 553 1034 806 1124; x_wconf 82' lang='lat' dir='ltr'>congesserant</span> <span class='ocrx_word' id='word_1_46' title='bbox 825 1024 987 1099; x_wconf 82' lang='lat' dir='ltr'>barbari:</span> <span class='ocrx_word' id='word_1_47' title='bbox 1014 1051 1141 1100; x_wconf 90' lang='lat' dir='ltr'>aurum</span> <span class='ocrx_word' id='word_1_48' title='bbox 1154 1036 1413 1124; x_wconf 80' lang='lat' dir='ltr'>argentumque</span> 
     </span>
     <span class='ocr_line' id='line_1_7' title="bbox 175 1136 1412 1237; baseline -0.002 -23"><span class='ocrx_word' id='word_1_49' title='bbox 175 1141 394 1214; x_wconf 87' lang='lat' dir='ltr'>cumulatum</span> <span class='ocrx_word' id='word_1_50' title='bbox 413 1148 501 1229; x_wconf 89' lang='lat' dir='ltr'>erat,</span> <span class='ocrx_word' id='word_1_51' title='bbox 524 1137 634 1212; x_wconf 86' lang='lat' dir='ltr'>vestis</span> <span class='ocrx_word' id='word_1_52' title='bbox 653 1137 779 1234; x_wconf 90' lang='lat' dir='ltr'>ingens</span> <span class='ocrx_word' id='word_1_53' title='bbox 796 1136 934 1228; x_wconf 89' lang='lat' dir='ltr'>modus,</span> <span class='ocrx_word' id='word_1_54' title='bbox 961 1138 1123 1237; x_wconf 86' lang='lat' dir='ltr'>supellex</span> <span class='ocrx_word' id='word_1_55' title='bbox 1140 1163 1213 1212; x_wconf 92' lang='lat' dir='ltr'>non</span> <span class='ocrx_word' id='word_1_56' title='bbox 1232 1137 1280 1212; x_wconf 87' lang='lat' dir='ltr'>ad</span> <span class='ocrx_word' id='word_1_57' title='bbox 1297 1165 1412 1230; x_wconf 88' lang='lat' dir='ltr'>usum,</span> 
     </span>
     <span class='ocr_line' id='line_1_8' title="bbox 142 1249 1413 1348; baseline 0.002 -29"><span class='ocrx_word' id='word_1_58' title='bbox 142 1251 240 1328; x_wconf 66' lang='lat' dir='ltr'>ised</span> <span class='ocrx_word' id='word_1_59' title='bbox 267 1251 314 1324; x_wconf 92' lang='lat' dir='ltr'>ad</span> <span class='ocrx_word' id='word_1_60' title='bbox 341 1251 619 1346; x_wconf 75' lang='lat' dir='ltr'>ostentationem</span> <span class='ocrx_word' id='word_1_61' title='bbox 645 1251 752 1322; x_wconf 82' lang='lat' dir='ltr'>luxus</span> <span class='ocrx_word' id='word_1_62' title='bbox 779 1261 994 1348; x_wconf 86' lang='lat' dir='ltr'>comparata.</span> <span class='ocrx_word' id='word_1_63' title='bbox 1046 1249 1172 1347; x_wconf 87' lang='lat' dir='ltr'>Itaque</span> <span class='ocrx_word' id='word_1_64' title='bbox 1197 1251 1291 1324; x_wconf 89' lang='lat' dir='ltr'>inter</span> <span class='ocrx_word' id='word_1_65' title='bbox 1315 1251 1413 1348; x_wconf 89' lang='lat' dir='ltr'>ipsos</span> 
     </span>
     <span class='ocr_line' id='line_1_9' title="bbox 174 1363 1414 1461; baseline -0.002 -23"><span class='ocrx_word' id='word_1_66' title='bbox 174 1364 329 1438; x_wconf 86' lang='lat' dir='ltr'>victores</span> <span class='ocrx_word' id='word_1_67' title='bbox 355 1364 449 1438; x_wconf 80' lang='lat' dir='ltr'>{erro</span> <span class='ocrx_word' id='word_1_68' title='bbox 472 1363 722 1438; x_wconf 78' lang='lat' dir='ltr'>dimicabatur:</span> <span class='ocrx_word' id='word_1_69' title='bbox 748 1388 814 1460; x_wconf 88' lang='lat' dir='ltr'>pro</span> <span class='ocrx_word' id='word_1_70' title='bbox 839 1365 944 1437; x_wconf 88' lang='lat' dir='ltr'>hoste</span> <span class='ocrx_word' id='word_1_71' title='bbox 970 1374 1057 1454; x_wconf 87' lang='lat' dir='ltr'>erat,</span> <span class='ocrx_word' id='word_1_72' title='bbox 1084 1364 1145 1460; x_wconf 93' lang='lat' dir='ltr'>qui</span> <span class='ocrx_word' id='word_1_73' title='bbox 1169 1363 1414 1461; x_wconf 89' lang='lat' dir='ltr'>pretiosiorem</span> 
     </span>
     <span class='ocr_line' id='line_1_10' title="bbox 176 1475 1414 1575; baseline -0.002 -25"><span class='ocrx_word' id='word_1_74' title='bbox 176 1485 416 1574; x_wconf 86' lang='lat' dir='ltr'>occupaverat</span> <span class='ocrx_word' id='word_1_75' title='bbox 441 1475 628 1575; x_wconf 87' lang='lat' dir='ltr'>praedam:</span> <span class='ocrx_word' id='word_1_76' title='bbox 662 1482 805 1550; x_wconf 88' lang='lat' dir='ltr'>etcum</span> <span class='ocrx_word' id='word_1_77' title='bbox 831 1475 960 1567; x_wconf 88' lang='lat' dir='ltr'>omnia,</span> <span class='ocrx_word' id='word_1_78' title='bbox 987 1499 1079 1573; x_wconf 88' lang='lat' dir='ltr'>quae</span> <span class='ocrx_word' id='word_1_79' title='bbox 1104 1475 1332 1573; x_wconf 82' lang='lat' dir='ltr'>recipiebant,</span> <span class='ocrx_word' id='word_1_80' title='bbox 1359 1501 1414 1548; x_wconf 88' lang='lat' dir='ltr'>oa·</span> 
     </span>
     <span class='ocr_line' id='line_1_11' title="bbox 176 1587 1414 1688; baseline -0.002 -26"><span class='ocrx_word' id='word_1_81' title='bbox 176 1613 262 1687; x_wconf 91' lang='lat' dir='ltr'>pere</span> <span class='ocrx_word' id='word_1_82' title='bbox 288 1613 361 1660; x_wconf 92' lang='lat' dir='ltr'>non</span> <span class='ocrx_word' id='word_1_83' title='bbox 388 1596 546 1685; x_wconf 87' lang='lat' dir='ltr'>possent,</span> <span class='ocrx_word' id='word_1_84' title='bbox 572 1588 644 1660; x_wconf 92' lang='lat' dir='ltr'>iam</span> <span class='ocrx_word' id='word_1_85' title='bbox 669 1611 727 1660; x_wconf 91' lang='lat' dir='ltr'>res</span> <span class='ocrx_word' id='word_1_86' title='bbox 751 1613 826 1661; x_wconf 92' lang='lat' dir='ltr'>non</span> <span class='ocrx_word' id='word_1_87' title='bbox 852 1587 1136 1688; x_wconf 87' lang='lat' dir='ltr'>occupabantur,</span> <span class='ocrx_word' id='word_1_88' title='bbox 1162 1587 1228 1662; x_wconf 88' lang='lat' dir='ltr'>sed</span> <span class='ocrx_word' id='word_1_89' title='bbox 1252 1587 1414 1661; x_wconf 89' lang='lat' dir='ltr'>aestima·</span> 
     </span>
     <span class='ocr_line' id='line_1_12' title="bbox 144 1695 1416 1797; baseline 0.006 -33"><span class='ocrx_word' id='word_1_90' title='bbox 144 1698 318 1772; x_wconf 74' lang='lat' dir='ltr'>obantur.</span> <span class='ocrx_word' id='word_1_91' title='bbox 370 1695 595 1772; x_wconf 83' lang='lat' dir='ltr'>Lacerabant</span> <span class='ocrx_word' id='word_1_92' title='bbox 628 1698 744 1796; x_wconf 85' lang='lat' dir='ltr'>regias</span> <span class='ocrx_word' id='word_1_93' title='bbox 776 1710 915 1790; x_wconf 86' lang='lat' dir='ltr'>vestes,</span> <span class='ocrx_word' id='word_1_94' title='bbox 949 1697 996 1772; x_wconf 85' lang='lat' dir='ltr'>ad</span> <span class='ocrx_word' id='word_1_95' title='bbox 1028 1725 1067 1772; x_wconf 90' lang='lat' dir='ltr'>se</span> <span class='ocrx_word' id='word_1_96' title='bbox 1094 1697 1241 1795; x_wconf 90' lang='lat' dir='ltr'>quisque</span> <span class='ocrx_word' id='word_1_97' title='bbox 1276 1708 1416 1797; x_wconf 90' lang='lat' dir='ltr'>partem</span> 
     </span>
     <span class='ocr_line' id='line_1_13' title="bbox 179 1808 1414 1909; baseline 0.002 -27"><span class='ocrx_word' id='word_1_98' title='bbox 179 1810 380 1884; x_wconf 87' lang='lat' dir='ltr'>trahentes:</span> <span class='ocrx_word' id='word_1_99' title='bbox 417 1808 573 1884; x_wconf 83' lang='lat' dir='ltr'>dolabris</span> <span class='ocrx_word' id='word_1_100' title='bbox 610 1811 788 1909; x_wconf 88' lang='lat' dir='ltr'>pretiosae</span> <span class='ocrx_word' id='word_1_101' title='bbox 832 1809 918 1884; x_wconf 89' lang='lat' dir='ltr'>artis</span> <span class='ocrx_word' id='word_1_102' title='bbox 953 1835 1042 1884; x_wconf 86' lang='lat' dir='ltr'>vasa</span> <span class='ocrx_word' id='word_1_103' title='bbox 1076 1808 1292 1884; x_wconf 89' lang='lat' dir='ltr'>caedebant:</span> <span class='ocrx_word' id='word_1_104' title='bbox 1327 1810 1414 1884; x_wconf 91' lang='lat' dir='ltr'>nihil</span> 
     </span>
     <span class='ocr_line' id='line_1_14' title="bbox 178 1920 1416 2020; baseline 0.001 -26"><span class='ocrx_word' id='word_1_105' title='bbox 178 1945 294 2018; x_wconf 87' lang='lat' dir='ltr'>neque</span> <span class='ocrx_word' id='word_1_106' title='bbox 324 1921 500 1994; x_wconf 87' lang='lat' dir='ltr'>intactum</span> <span class='ocrx_word' id='word_1_107' title='bbox 534 1931 627 2013; x_wconf 87' lang='lat' dir='ltr'>erat,</span> <span class='ocrx_word' id='word_1_108' title='bbox 663 1947 780 2020; x_wconf 88' lang='lat' dir='ltr'>neque</span> <span class='ocrx_word' id='word_1_109' title='bbox 814 1923 992 2020; x_wconf 84' lang='lat' dir='ltr'>integrum</span> <span class='ocrx_word' id='word_1_110' title='bbox 1026 1922 1226 2011; x_wconf 83' lang='lat' dir='ltr'>ferebatur3</span> <span class='ocrx_word' id='word_1_111' title='bbox 1262 1920 1416 2019; x_wconf 88' lang='lat' dir='ltr'>abrupta</span> 
     </span>
     <span class='ocr_line' id='line_1_15' title="bbox 145 2027 1414 2130; baseline 0.001 -28"><span class='ocrx_word' id='word_1_112' title='bbox 145 2034 447 2106; x_wconf 84' lang='lat' dir='ltr'>osimulacrorum</span> <span class='ocrx_word' id='word_1_113' title='bbox 472 2033 642 2124; x_wconf 90' lang='lat' dir='ltr'>membra,</span> <span class='ocrx_word' id='word_1_114' title='bbox 669 2044 711 2107; x_wconf 89' lang='lat' dir='ltr'>ut</span> <span class='ocrx_word' id='word_1_115' title='bbox 737 2033 885 2130; x_wconf 92' lang='lat' dir='ltr'>quisque</span> <span class='ocrx_word' id='word_1_116' title='bbox 912 2033 1092 2123; x_wconf 75' lang='lat' dir='ltr'>avelleret,</span> <span class='ocrx_word' id='word_1_117' title='bbox 1118 2033 1294 2108; x_wconf 85' lang='lat' dir='ltr'>trahebat.</span> <span class='ocrx_word' id='word_1_118' title='bbox 1345 2027 1414 2104; x_wconf 88' lang='lat' dir='ltr'>Ne-</span> 
     </span>
     <span class='ocr_line' id='line_1_16' title="bbox 180 2142 1415 2243; baseline -0.002 -26"><span class='ocrx_word' id='word_1_119' title='bbox 180 2171 250 2242; x_wconf 89' lang='lat' dir='ltr'>que</span> <span class='ocrx_word' id='word_1_120' title='bbox 281 2145 430 2218; x_wconf 87' lang='lat' dir='ltr'>avaritia</span> <span class='ocrx_word' id='word_1_121' title='bbox 462 2147 596 2238; x_wconf 89' lang='lat' dir='ltr'>solum,</span> <span class='ocrx_word' id='word_1_122' title='bbox 633 2143 697 2218; x_wconf 88' lang='lat' dir='ltr'>sed</span> <span class='ocrx_word' id='word_1_123' title='bbox 731 2145 840 2219; x_wconf 88' lang='lat' dir='ltr'>etiam</span> <span class='ocrx_word' id='word_1_124' title='bbox 874 2143 1079 2237; x_wconf 89' lang='lat' dir='ltr'>crudelitas,</span> <span class='ocrx_word' id='word_1_125' title='bbox 1115 2145 1152 2217; x_wconf 92' lang='lat' dir='ltr'>in</span> <span class='ocrx_word' id='word_1_126' title='bbox 1187 2153 1292 2243; x_wconf 86' lang='lat' dir='ltr'>capta</span> <span class='ocrx_word' id='word_1_127' title='bbox 1324 2142 1415 2216; x_wconf 89' lang='lat' dir='ltr'>urbe</span> 
     </span>
     <span class='ocr_line' id='line_1_17' title="bbox 179 2256 1416 2358; baseline -0.001 -30"><span class='ocrx_word' id='word_1_128' title='bbox 179 2267 344 2354; x_wconf 84' lang='lat' dir='ltr'>grassata</span> <span class='ocrx_word' id='word_1_129' title='bbox 369 2266 439 2329; x_wconf 88' lang='lat' dir='ltr'>cst:</span> <span class='ocrx_word' id='word_1_130' title='bbox 475 2283 564 2330; x_wconf 88' lang='lat' dir='ltr'>auro</span> <span class='ocrx_word' id='word_1_131' title='bbox 590 2265 809 2355; x_wconf 86' lang='lat' dir='ltr'>argentoque</span> <span class='ocrx_word' id='word_1_132' title='bbox 835 2257 956 2332; x_wconf 89' lang='lat' dir='ltr'>onusti</span> <span class='ocrx_word' id='word_1_133' title='bbox 981 2259 1065 2332; x_wconf 88' lang='lat' dir='ltr'>vilia</span> <span class='ocrx_word' id='word_1_134' title='bbox 1091 2256 1315 2358; x_wconf 82' lang='lat' dir='ltr'>captivorum</span> <span class='ocrx_word' id='word_1_135' title='bbox 1341 2280 1416 2329; x_wconf 85' lang='lat' dir='ltr'>cor·</span> 
     </span>
     <span class='ocr_line' id='line_1_18' title="bbox 178 2355 1415 2468; baseline 0.002 -28"><span class='ocrx_word' id='word_1_136' title='bbox 178 2393 270 2466; x_wconf 90' lang='lat' dir='ltr'>pora</span> <span class='ocrx_word' id='word_1_137' title='bbox 296 2366 539 2461; x_wconf 86' lang='lat' dir='ltr'>trucidabant,</span> <span class='ocrx_word' id='word_1_138' title='bbox 572 2368 775 2468; x_wconf 88' lang='lat' dir='ltr'>passimque</span> <span class='ocrx_word' id='word_1_139' title='bbox 808 2369 904 2443; x_wconf 90' lang='lat' dir='ltr'>obvii</span> <span class='ocrx_word' id='word_1_140' title='bbox 930 2369 1189 2461; x_wconf 87' lang='lat' dir='ltr'>caedebantur,</span> <span class='ocrx_word' id='word_1_141' title='bbox 1216 2355 1317 2466; x_wconf 87' lang='lat' dir='ltr'>quos</span> <span class='ocrx_word' id='word_1_142' title='bbox 1332 2379 1415 2442; x_wconf 90' lang='lat' dir='ltr'>ante</span> 
     </span>
     <span class='ocr_line' id='line_1_19' title="bbox 145 2479 1416 2580; baseline 0.006 -35"><span class='ocrx_word' id='word_1_143' title='bbox 145 2479 335 2578; x_wconf 74' lang='lat' dir='ltr'>apretium</span> <span class='ocrx_word' id='word_1_144' title='bbox 361 2480 416 2553; x_wconf 87' lang='lat' dir='ltr'>sui</span> <span class='ocrx_word' id='word_1_145' title='bbox 440 2481 658 2555; x_wconf 88' lang='lat' dir='ltr'>miserabiles</span> <span class='ocrx_word' id='word_1_146' title='bbox 683 2483 825 2555; x_wconf 79' lang='lat' dir='ltr'>fecerat.</span> <span class='ocrx_word' id='word_1_147' title='bbox 864 2480 969 2555; x_wconf 89' lang='lat' dir='ltr'>Multi</span> <span class='ocrx_word' id='word_1_148' title='bbox 994 2507 1080 2580; x_wconf 86' lang='lat' dir='ltr'>ergo</span> <span class='ocrx_word' id='word_1_149' title='bbox 1106 2482 1263 2555; x_wconf 90' lang='lat' dir='ltr'>hostium</span> <span class='ocrx_word' id='word_1_150' title='bbox 1289 2505 1416 2553; x_wconf 88' lang='lat' dir='ltr'>manus</span> 
     </span>
     <span class='ocr_line' id='line_1_20' title="bbox 178 2592 1417 2693; baseline 0.002 -29"><span class='ocrx_word' id='word_1_151' title='bbox 178 2592 382 2666; x_wconf 88' lang='lat' dir='ltr'>voluntaria</span> <span class='ocrx_word' id='word_1_152' title='bbox 407 2605 523 2667; x_wconf 91' lang='lat' dir='ltr'>morte</span> <span class='ocrx_word' id='word_1_153' title='bbox 549 2604 825 2691; x_wconf 89' lang='lat' dir='ltr'>occupaverunt,</span> <span class='ocrx_word' id='word_1_154' title='bbox 851 2593 1105 2693; x_wconf 84' lang='lat' dir='ltr'>pretiosissima</span> <span class='ocrx_word' id='word_1_155' title='bbox 1122 2594 1277 2666; x_wconf 89' lang='lat' dir='ltr'>vestium</span> <span class='ocrx_word' id='word_1_156' title='bbox 1301 2592 1417 2666; x_wconf 90' lang='lat' dir='ltr'>induti</span> 
     </span>
    </p>
   </div>
   <div class='ocr_carea' id='block_1_3' title="bbox 177 2704 1415 2918">
    <p class='ocr_par' dir='ltr' id='par_1_3' title="bbox 177 2704 1415 2918">
     <span class='ocr_line' id='line_1_21' title="bbox 177 2704 1415 2804; baseline 0.002 -28"><span class='ocrx_word' id='word_1_157' title='bbox 177 2721 199 2776; x_wconf 78' lang='lat' dir='ltr'>&#39;e</span> <span class='ocrx_word' id='word_1_158' title='bbox 224 2704 336 2778; x_wconf 88' lang='lat' dir='ltr'>muris</span> <span class='ocrx_word' id='word_1_159' title='bbox 372 2705 581 2802; x_wconf 89' lang='lat' dir='ltr'>semetipsos</span> <span class='ocrx_word' id='word_1_160' title='bbox 617 2730 699 2778; x_wconf 91' lang='lat' dir='ltr'>cum</span> <span class='ocrx_word' id='word_1_161' title='bbox 733 2706 942 2804; x_wconf 89' lang='lat' dir='ltr'>coniugibus</span> <span class='ocrx_word' id='word_1_162' title='bbox 969 2731 1011 2780; x_wconf 88' lang='lat' dir='ltr'>ac</span> <span class='ocrx_word' id='word_1_163' title='bbox 1036 2705 1155 2779; x_wconf 89' lang='lat' dir='ltr'>liberis</span> <span class='ocrx_word' id='word_1_164' title='bbox 1181 2705 1218 2778; x_wconf 92' lang='lat' dir='ltr'>in</span> <span class='ocrx_word' id='word_1_165' title='bbox 1243 2731 1415 2804; x_wconf 89' lang='lat' dir='ltr'>praeceps</span> 
     </span>
     <span class='ocr_line' id='line_1_22' title="bbox 179 2812 1415 2918; baseline 0.004 -30"><span class='ocrx_word' id='word_1_166' title='bbox 179 2815 357 2891; x_wconf 88' lang='lat' dir='ltr'>iacientes.</span> <span class='ocrx_word' id='word_1_167' title='bbox 410 2812 563 2904; x_wconf 81' lang='lat' dir='ltr'>Quidam</span> <span class='ocrx_word' id='word_1_168' title='bbox 589 2817 708 2916; x_wconf 88' lang='lat' dir='ltr'>ignes,</span> <span class='ocrx_word' id='word_1_169' title='bbox 743 2816 841 2915; x_wconf 91' lang='lat' dir='ltr'>quod</span> <span class='ocrx_word' id='word_1_170' title='bbox 874 2819 981 2917; x_wconf 90' lang='lat' dir='ltr'>paulo</span> <span class='ocrx_word' id='word_1_171' title='bbox 1007 2828 1091 2918; x_wconf 92' lang='lat' dir='ltr'>post</span> <span class='ocrx_word' id='word_1_172' title='bbox 1117 2818 1275 2892; x_wconf 85' lang='lat' dir='ltr'>facturus</span> <span class='ocrx_word' id='word_1_173' title='bbox 1302 2818 1415 2893; x_wconf 88' lang='lat' dir='ltr'>hostis</span> 
     </span>
    </p>
   </div>
   <div class='ocr_carea' id='block_1_4' title="bbox 177 3085 1502 4130">
    <p class='ocr_par' dir='ltr' id='par_1_4' title="bbox 177 3085 1502 3554">
     <span class='ocr_line' id='line_1_23' title="bbox 215 3085 1416 3158; baseline -0.001 -18"><span class='ocrx_word' id='word_1_174' title='bbox 215 3088 272 3154; x_wconf 65' lang='lat' dir='ltr'>§.a</span> <span class='ocrx_word' id='word_1_175' title='bbox 288 3104 341 3139; x_wconf 82' lang='lat' dir='ltr'>non</span> <span class='ocrx_word' id='word_1_176' title='bbox 358 3089 398 3140; x_wconf 88' lang='lat' dir='ltr'>cd</span> <span class='ocrx_word' id='word_1_177' title='bbox 413 3105 497 3151; x_wconf 77' lang='lat' dir='ltr'>usura,</span> <span class='ocrx_word' id='word_1_178' title='bbox 515 3088 617 3141; x_wconf 79' lang='lat' dir='ltr'>sadud</span> <span class='ocrx_word' id='word_1_179' title='bbox 632 3089 782 3142; x_wconf 70' lang='lat' dir='ltr'>octenario-</span> <span class='ocrx_word' id='word_1_180' title='bbox 815 3094 859 3140; x_wconf 86' lang='lat' dir='ltr'>ter</span> <span class='ocrx_word' id='word_1_181' title='bbox 883 3085 954 3142; x_wconf 84' lang='lat' dir='ltr'>Flor.</span> <span class='ocrx_word' id='word_1_182' title='bbox 977 3085 1003 3140; x_wconf 88' lang='lat' dir='ltr'><strong>G</strong></span> <span class='ocrx_word' id='word_1_183' title='bbox 1030 3085 1076 3158; x_wconf 91' lang='lat' dir='ltr'>qui</span> <span class='ocrx_word' id='word_1_184' title='bbox 1095 3086 1178 3140; x_wconf 85' lang='lat' dir='ltr'>habat</span> <span class='ocrx_word' id='word_1_185' title='bbox 1203 3103 1342 3156; x_wconf 79' lang='lat' dir='ltr'>quumque,</span> <span class='ocrx_word' id='word_1_186' title='bbox 1369 3087 1416 3140; x_wconf 83' lang='lat' dir='ltr'>sed</span> 
     </span>
     <span class='ocr_line' id='line_1_24' title="bbox 180 3154 1417 3228; baseline 0 -20"><span class='ocrx_word' id='word_1_187' title='bbox 180 3157 247 3222; x_wconf 69' lang='lat' dir='ltr'>nan]</span> <span class='ocrx_word' id='word_1_188' title='bbox 284 3155 468 3226; x_wconf 84' lang='lat' dir='ltr'>Corruperunt</span> <span class='ocrx_word' id='word_1_189' title='bbox 484 3155 570 3210; x_wconf 86' lang='lat' dir='ltr'>locum</span> <span class='ocrx_word' id='word_1_190' title='bbox 588 3154 715 3224; x_wconf 80' lang='lat' dir='ltr'>editores,</span> <span class='ocrx_word' id='word_1_191' title='bbox 736 3156 781 3228; x_wconf 89' lang='lat' dir='ltr'>qui</span> <span class='ocrx_word' id='word_1_192' title='bbox 815 3163 938 3210; x_wconf 85' lang='lat' dir='ltr'>neutrum</span> <span class='ocrx_word' id='word_1_193' title='bbox 955 3155 1080 3210; x_wconf 80' lang='lat' dir='ltr'>Latinum</span> <span class='ocrx_word' id='word_1_194' title='bbox 1103 3155 1216 3208; x_wconf 81' lang='lat' dir='ltr'>videtur.</span> <span class='ocrx_word' id='word_1_195' title='bbox 1250 3155 1345 3226; x_wconf 86' lang='lat' dir='ltr'>ltaque</span> <span class='ocrx_word' id='word_1_196' title='bbox 1369 3173 1417 3208; x_wconf 85' lang='lat' dir='ltr'>an-</span> 
     </span>
     <span class='ocr_line' id='line_1_25' title="bbox 179 3222 1415 3346; baseline 0.002 -70"><span class='ocrx_word' id='word_1_197' title='bbox 179 3225 254 3276; x_wconf 85' lang='lat' dir='ltr'>modo</span> <span class='ocrx_word' id='word_1_198' title='bbox 272 3222 422 3278; x_wconf 85' lang='lat' dir='ltr'>adiicientes</span> <span class='ocrx_word' id='word_1_199' title='bbox 438 3224 596 3278; x_wconf 84' lang='lat' dir='ltr'>sententiam</span> <span class='ocrx_word' id='word_1_200' title='bbox 605 3225 639 3278; x_wconf 83' lang='lat' dir='ltr'>ad</span> <span class='ocrx_word' id='word_1_201' title='bbox 646 3225 782 3296; x_wconf 73' lang='lat' dir='ltr'>uulgarem</span> <span class='ocrx_word' id='word_1_202' title='bbox 815 3225 904 3296; x_wconf 85' lang='lat' dir='ltr'>tiquos</span> <span class='ocrx_word' id='word_1_203' title='bbox 930 3224 1043 3278; x_wconf 85' lang='lat' dir='ltr'>aditores</span> <span class='ocrx_word' id='word_1_204' title='bbox 1069 3225 1217 3346; x_wconf 82' lang='lat' dir='ltr'>sequendos</span> <span class='ocrx_word' id='word_1_205' title='bbox 1234 3223 1297 3277; x_wconf 88' lang='lat' dir='ltr'>mihi</span> <span class='ocrx_word' id='word_1_206' title='bbox 1315 3225 1415 3295; x_wconf 86' lang='lat' dir='ltr'>putavi.</span> 
     </span>
     <span class='ocr_line' id='line_1_26' title="bbox 179 3291 1416 3364; baseline 0.002 -18"><span class='ocrx_word' id='word_1_207' title='bbox 179 3291 308 3346; x_wconf 84' lang='lat' dir='ltr'>rationem</span> <span class='ocrx_word' id='word_1_208' title='bbox 333 3301 500 3348; x_wconf 84' lang='lat' dir='ltr'>revocarunt.</span> <span class='ocrx_word' id='word_1_209' title='bbox 538 3293 563 3348; x_wconf 84' lang='lat' dir='ltr'>E</span> <span class='ocrx_word' id='word_1_210' title='bbox 588 3293 685 3348; x_wconf 82' lang='lat' dir='ltr'>nostris</span> <span class='ocrx_word' id='word_1_211' title='bbox 708 3292 781 3348; x_wconf 88' lang='lat' dir='ltr'>libris</span> <span class='ocrx_word' id='word_1_212' title='bbox 815 3293 897 3350; x_wconf 84' lang='lat' dir='ltr'>Snak.</span> <span class='ocrx_word' id='word_1_213' title='bbox 920 3311 980 3347; x_wconf 89' lang='lat' dir='ltr'>cum</span> <span class='ocrx_word' id='word_1_214' title='bbox 1001 3293 1028 3346; x_wconf 93' lang='lat' dir='ltr'>in</span> <span class='ocrx_word' id='word_1_215' title='bbox 1054 3293 1101 3346; x_wconf 83' lang='lat' dir='ltr'>Lei</span> <span class='ocrx_word' id='word_1_216' title='bbox 1123 3334 1129 3346; x_wconf 95' lang='lat'>.</span> <span class='ocrx_word' id='word_1_217' title='bbox 1151 3296 1226 3346; x_wconf 85' lang='lat' dir='ltr'>Voss.</span> <span class='ocrx_word' id='word_1_218' title='bbox 1251 3299 1264 3346; x_wconf 94' lang='lat'>1</span> <span class='ocrx_word' id='word_1_219' title='bbox 1295 3299 1416 3364; x_wconf 80' lang='lat' dir='ltr'>quemque</span> 
     </span>
     <span class='ocr_line' id='line_1_27' title="bbox 179 3361 1415 3434; baseline 0.001 -20"><span class='ocrx_word' id='word_1_220' title='bbox 179 3377 214 3414; x_wconf 85' lang='lat' dir='ltr'>na</span> <span class='ocrx_word' id='word_1_221' title='bbox 235 3378 301 3416; x_wconf 85' lang='lat' dir='ltr'>unus</span> <span class='ocrx_word' id='word_1_222' title='bbox 331 3361 437 3432; x_wconf 86' lang='lat' dir='ltr'>quidem</span> <span class='ocrx_word' id='word_1_223' title='bbox 458 3362 540 3416; x_wconf 85' lang='lat' dir='ltr'>habet</span> <span class='ocrx_word' id='word_1_224' title='bbox 565 3379 650 3434; x_wconf 87' lang='lat' dir='ltr'>nequa</span> <span class='ocrx_word' id='word_1_225' title='bbox 675 3362 781 3418; x_wconf 88' lang='lat' dir='ltr'>Modins</span> <span class='ocrx_word' id='word_1_226' title='bbox 815 3379 872 3416; x_wconf 82' lang='lat' dir='ltr'>esse</span> <span class='ocrx_word' id='word_1_227' title='bbox 889 3361 1001 3428; x_wconf 84' lang='lat' dir='ltr'>scribat,</span> <span class='ocrx_word' id='word_1_228' title='bbox 1019 3362 1095 3416; x_wconf 86' lang='lat' dir='ltr'>Voss.</span> <span class='ocrx_word' id='word_1_229' title='bbox 1114 3369 1128 3416; x_wconf 83' lang='lat'>2</span> <span class='ocrx_word' id='word_1_230' title='bbox 1148 3379 1201 3415; x_wconf 90' lang='lat' dir='ltr'>non</span> <span class='ocrx_word' id='word_1_231' title='bbox 1219 3370 1415 3429; x_wconf 83' lang='lat' dir='ltr'>commemorat,</span> 
     </span>
     <span class='ocr_line' id='line_1_28' title="bbox 177 3427 1416 3503; baseline 0.002 -21"><span class='ocrx_word' id='word_1_232' title='bbox 177 3427 275 3484; x_wconf 83' lang='lat' dir='ltr'>edidit:</span> <span class='ocrx_word' id='word_1_233' title='bbox 306 3439 400 3484; x_wconf 84' lang='lat' dir='ltr'>contra</span> <span class='ocrx_word' id='word_1_234' title='bbox 425 3446 459 3484; x_wconf 83' lang='lat' dir='ltr'>ax</span> <span class='ocrx_word' id='word_1_235' title='bbox 485 3430 590 3486; x_wconf 83' lang='lat' dir='ltr'>silentio</span> <span class='ocrx_word' id='word_1_236' title='bbox 616 3430 697 3485; x_wconf 80' lang='lat' dir='ltr'>Snuk.</span> <span class='ocrx_word' id='word_1_237' title='bbox 724 3447 782 3486; x_wconf 82' lang='lat' dir='ltr'>esse</span> <span class='ocrx_word' id='word_1_238' title='bbox 815 3433 863 3486; x_wconf 82' lang='lat' dir='ltr'>sed</span> <span class='ocrx_word' id='word_1_239' title='bbox 879 3430 943 3484; x_wconf 89' lang='lat' dir='ltr'>mibi</span> <span class='ocrx_word' id='word_1_240' title='bbox 959 3430 1064 3503; x_wconf 88' lang='lat' dir='ltr'>quidem</span> <span class='ocrx_word' id='word_1_241' title='bbox 1077 3449 1131 3485; x_wconf 92' lang='lat' dir='ltr'>non</span> <span class='ocrx_word' id='word_1_242' title='bbox 1145 3432 1328 3502; x_wconf 75' lang='lat' dir='ltr'>persuadetur,</span> <span class='ocrx_word' id='word_1_243' title='bbox 1337 3431 1416 3484; x_wconf 78' lang='lat' dir='ltr'>fuisse</span> 
     </span>
     <span class='ocr_line' id='line_1_29' title="bbox 178 3498 1502 3554; baseline 0.001 -3"><span class='ocrx_word' id='word_1_244' title='bbox 178 3501 253 3552; x_wconf 85' lang='lat' dir='ltr'>modo</span> <span class='ocrx_word' id='word_1_245' title='bbox 272 3498 298 3551; x_wconf 90' lang='lat' dir='ltr'>in</span> <span class='ocrx_word' id='word_1_246' title='bbox 315 3499 393 3553; x_wconf 84' lang='lat' dir='ltr'>Voss.</span> <span class='ocrx_word' id='word_1_247' title='bbox 413 3505 426 3552; x_wconf 95' lang='lat' dir='ltr'>l</span> <span class='ocrx_word' id='word_1_248' title='bbox 445 3499 573 3554; x_wconf 73' lang='lat' dir='ltr'>conticere</span> <span class='ocrx_word' id='word_1_249' title='bbox 590 3500 694 3554; x_wconf 86' lang='lat' dir='ltr'>debeas.</span> <span class='ocrx_word' id='word_1_250' title='bbox 815 3499 842 3554; x_wconf 91' lang='lat' dir='ltr'>in</span> <span class='ocrx_word' id='word_1_251' title='bbox 865 3499 912 3554; x_wconf 91' lang='lat' dir='ltr'>illo</span> <span class='ocrx_word' id='word_1_252' title='bbox 971 3502 995 3553; x_wconf 83' lang='lat' dir='ltr'>is</span> <span class='ocrx_word' id='word_1_253' title='bbox 1030 3499 1188 3554; x_wconf 81' lang='lat' dir='ltr'>evidcatur.</span> <span class='ocrx_word' id='word_1_254' title='bbox 1223 3501 1318 3554; x_wconf 75' lang='lat' dir='ltr'>Portae</span> <span class='ocrx_word' id='word_1_255' title='bbox 1335 3500 1416 3553; x_wconf 86' lang='lat' dir='ltr'>Bern.</span> <span class='ocrx_word' id='word_1_256' title='bbox 1500 3547 1502 3552; x_wconf 83' lang='lat'><em>.</em></span> 
     </span>
    </p>

    <p class='ocr_par' dir='ltr' id='par_1_5' title="bbox 177 3519 1416 4130">
     <span class='ocr_line' id='line_1_30' title="bbox 214 3519 1415 3650; baseline 0.002 -30"><span class='ocrx_word' id='word_1_257' title='bbox 214 3569 238 3635; x_wconf 71' lang='grc'>5.</span> <span class='ocrx_word' id='word_1_258' title='bbox 254 3573 279 3620; x_wconf 76' lang='lat' dir='ltr'>t.</span> <span class='ocrx_word' id='word_1_259' title='bbox 314 3570 402 3624; x_wconf 81' lang='lat' dir='ltr'>omniu</span> <span class='ocrx_word' id='word_1_260' title='bbox 476 3569 671 3638; x_wconf 81' lang='lat' dir='ltr'>erecipr&#39;ebont</span> <span class='ocrx_word' id='word_1_261' title='bbox 688 3586 781 3650; x_wconf 75' lang='lat' dir='ltr'>capere</span> <span class='ocrx_word' id='word_1_262' title='bbox 815 3519 994 3623; x_wconf 49' lang='lat' dir='ltr'>Briorfflr</span> <span class='ocrx_word' id='word_1_263' title='bbox 1063 3568 1137 3623; x_wconf 85' lang='lat' dir='ltr'>Voss.</span> <span class='ocrx_word' id='word_1_264' title='bbox 1155 3576 1170 3622; x_wconf 78' lang='lat'>2</span> <span class='ocrx_word' id='word_1_265' title='bbox 1189 3568 1247 3622; x_wconf 87' lang='lat' dir='ltr'>Pal.</span> <span class='ocrx_word' id='word_1_266' title='bbox 1267 3575 1300 3634; x_wconf 91' lang='lat' dir='ltr'>l,</span> <span class='ocrx_word' id='word_1_267' title='bbox 1320 3579 1415 3638; x_wconf 82' lang='lat' dir='ltr'>potres</span> 
     </span>
     <span class='ocr_line' id='line_1_31' title="bbox 178 3585 1416 3761; baseline 0.004 -6"><span class='ocrx_word' id='word_1_268' title='bbox 178 3585 640 3760; x_wconf 54' lang='lat' dir='ltr'>aJlidrt</span> <span class='ocrx_word' id='word_1_269' title='bbox 660 3639 781 3760; x_wconf 60' lang='lat' dir='ltr'>amu</span> <span class='ocrx_word' id='word_1_270' title='bbox 814 3641 1004 3761; x_wconf 58' lang='lat' dir='ltr'>vrrs-a</span> <span class='ocrx_word' id='word_1_271' title='bbox 1021 3637 1177 3760; x_wconf 66' lang='lat' dir='ltr'>tarra</span> <span class='ocrx_word' id='word_1_272' title='bbox 1202 3638 1331 3708; x_wconf 57' lang='lat' dir='ltr'>a„</span> <span class='ocrx_word' id='word_1_273' title='bbox 1355 3653 1416 3690; x_wconf 65' lang='lat'><strong>”⁰⁸⁵-</strong></span> 
     </span>
     <span class='ocr_line' id='line_1_32' title="bbox 180 3713 1222 3854; baseline 0.006 -30"><span class='ocrx_word' id='word_1_274' title='bbox 180 3769 280 3826; x_wconf 88' lang='lat' dir='ltr'>dictum</span> <span class='ocrx_word' id='word_1_275' title='bbox 296 3789 365 3839; x_wconf 84' lang='lat' dir='ltr'>esse,</span> <span class='ocrx_word' id='word_1_276' title='bbox 383 3745 507 3854; x_wconf 85' lang='lat' dir='ltr'>quoniam</span> <span class='ocrx_word' id='word_1_277' title='bbox 523 3776 578 3828; x_wconf 84' lang='lat' dir='ltr'>reci</span> <span class='ocrx_word' id='word_1_278' title='bbox 596 3776 616 3828; x_wconf 81' lang='lat' dir='ltr'>ir</span> <span class='ocrx_word' id='word_1_279' title='bbox 633 3725 667 3828; x_wconf 72' lang='lat' dir='ltr'>ali</span> <span class='ocrx_word' id='word_1_280' title='bbox 687 3713 782 3843; x_wconf 52' lang='lat' dir='ltr'>milei</span> <span class='ocrx_word' id='word_1_281' title='bbox 815 3723 832 3764; x_wconf 69' lang='lat'>⁰</span> <span class='ocrx_word' id='word_1_282' title='bbox 913 3747 921 3775; x_wconf 58' lang='lat'><strong><em>⁹</em></strong></span> <span class='ocrx_word' id='word_1_283' title='bbox 1095 3725 1114 3760; x_wconf 60' lang='lat' dir='ltr'><em>n</em></span> <span class='ocrx_word' id='word_1_284' title='bbox 1136 3724 1222 3776; x_wconf 48' lang='lat' dir='ltr'>‘mm&#39;</span> 
     </span>
     <span class='ocr_line' id='line_1_33' title="bbox 178 3811 865 3931; baseline 0.006 -37"><span class='ocrx_word' id='word_1_285' title='bbox 178 3857 255 3922; x_wconf 63' lang='lat' dir='ltr'>upum</span> <span class='ocrx_word' id='word_1_286' title='bbox 271 3857 328 3894; x_wconf 84' lang='lat' dir='ltr'>esse</span> <span class='ocrx_word' id='word_1_287' title='bbox 345 3841 409 3923; x_wconf 74' lang='lat' dir='ltr'>dicit</span> <span class='ocrx_word' id='word_1_288' title='bbox 426 3843 497 3924; x_wconf 83' lang='lat' dir='ltr'>quod</span> <span class='ocrx_word' id='word_1_289' title='bbox 576 3851 638 3911; x_wconf 80' lang='lat' dir='ltr'>rtur,</span> <span class='ocrx_word' id='word_1_290' title='bbox 657 3843 679 3896; x_wconf 89' lang='lat' dir='ltr'>si</span> <span class='ocrx_word' id='word_1_291' title='bbox 696 3843 706 3897; x_wconf 87' lang='lat' dir='ltr'>i</span> <span class='ocrx_word' id='word_1_292' title='bbox 724 3843 782 3924; x_wconf 68' lang='lat' dir='ltr'>vin3</span> <span class='ocrx_word' id='word_1_293' title='bbox 815 3811 865 3931; x_wconf 51' lang='lat' dir='ltr'>fle}</span> 
     </span>
     <span class='ocr_line' id='line_1_34' title="bbox 177 3910 939 4060; baseline 0.004 -28"><span class='ocrx_word' id='word_1_294' title='bbox 177 3910 782 4060; x_wconf 64' lang='lat' dir='ltr'>recantamus</span> <span class='ocrx_word' id='word_1_295' title='bbox 815 3945 939 4000; x_wconf 59' lang='lat' dir='ltr'>nem-A</span> 
     </span>
     <span class='ocr_line' id='line_1_35' title="bbox 195 4014 909 4130; baseline 0.004 -28"><span class='ocrx_word' id='word_1_296' title='bbox 195 4065 220 4102; x_wconf 80' lang='lat' dir='ltr'>re</span> <span class='ocrx_word' id='word_1_297' title='bbox 282 4067 315 4103; x_wconf 85' lang='lat' dir='ltr'>ur</span> <span class='ocrx_word' id='word_1_298' title='bbox 331 4048 435 4129; x_wconf 74' lang='lat' dir='ltr'>passiva</span> <span class='ocrx_word' id='word_1_299' title='bbox 451 4048 645 4116; x_wconf 83' lang='lat' dir='ltr'>terminatione,</span> <span class='ocrx_word' id='word_1_300' title='bbox 663 4051 734 4130; x_wconf 84' lang='lat' dir='ltr'>quod</span> <span class='ocrx_word' id='word_1_301' title='bbox 747 4049 781 4104; x_wconf 86' lang='lat' dir='ltr'>ab</span> <span class='ocrx_word' id='word_1_302' title='bbox 815 4014 909 4086; x_wconf 53' lang='grc' dir='ltr'>ιώ)</span> 
     </span>
    </p>
   </div>
   <div class='ocr_carea' id='block_1_5' title="bbox 867 3808 1416 4015">
    <p class='ocr_par' dir='ltr' id='par_1_6' title="bbox 867 3808 1416 4015">
     <span class='ocr_line' id='line_1_36' title="bbox 867 3808 1414 3890; baseline 0.004 -29"><span class='ocrx_word' id='word_1_303' title='bbox 867 3815 916 3864; x_wconf 85' lang='grc'>,6.</span> <span class='ocrx_word' id='word_1_304' title='bbox 951 3819 1011 3862; x_wconf 82' lang='lat' dir='ltr'>onte</span> <span class='ocrx_word' id='word_1_305' title='bbox 1024 3811 1139 3879; x_wconf 81' lang='lat' dir='ltr'>prelium</span> <span class='ocrx_word' id='word_1_306' title='bbox 1156 3811 1208 3890; x_wconf 76' lang='lat' dir='ltr'>sur]</span> <span class='ocrx_word' id='word_1_307' title='bbox 1240 3808 1310 3890; x_wconf 81' lang='lat' dir='ltr'>Edd.</span> <span class='ocrx_word' id='word_1_308' title='bbox 1327 3819 1414 3878; x_wconf 82' lang='lat' dir='ltr'>anteo,</span> 
     </span>
     <span class='ocr_line' id='line_1_37' title="bbox 955 3876 1416 4015; baseline 0 -13"><span class='ocrx_word' id='word_1_309' title='bbox 955 3876 1416 4015; x_wconf 61' lang='lat' dir='ltr'>instaurantem:</span> 
     </span>
    </p>
   </div>
   <div class='ocr_carea' id='block_1_6' title="bbox 176 4116 1416 4603">
    <p class='ocr_par' dir='ltr' id='par_1_7' title="bbox 176 4116 1416 4464">
     <span class='ocr_line' id='line_1_38' title="bbox 206 4116 1416 4193; baseline 0.002 -24"><span class='ocrx_word' id='word_1_310' title='bbox 206 4117 262 4170; x_wconf 82' lang='lat' dir='ltr'>adr.</span> <span class='ocrx_word' id='word_1_311' title='bbox 278 4116 357 4171; x_wconf 89' lang='lat' dir='ltr'>Iumo</span> <span class='ocrx_word' id='word_1_312' title='bbox 373 4126 403 4171; x_wconf 91' lang='lat' dir='ltr'>et</span> <span class='ocrx_word' id='word_1_313' title='bbox 419 4117 512 4172; x_wconf 90' lang='lat' dir='ltr'>Modio</span> <span class='ocrx_word' id='word_1_314' title='bbox 533 4125 563 4171; x_wconf 86' lang='lat' dir='ltr'>ot</span> <span class='ocrx_word' id='word_1_315' title='bbox 580 4134 650 4190; x_wconf 81' lang='lat' dir='ltr'>seqq.</span> <span class='ocrx_word' id='word_1_316' title='bbox 667 4127 707 4172; x_wconf 76' lang='lat' dir='ltr'>ita</span> <span class='ocrx_word' id='word_1_317' title='bbox 724 4136 781 4174; x_wconf 85' lang='lat' dir='ltr'>mu·</span> <span class='ocrx_word' id='word_1_318' title='bbox 850 4124 875 4183; x_wconf 73' lang='lat' dir='ltr'>s.</span> <span class='ocrx_word' id='word_1_319' title='bbox 894 4125 917 4172; x_wconf 79' lang='grc'>7.</span> <span class='ocrx_word' id='word_1_320' title='bbox 935 4121 982 4193; x_wconf 77' lang='grc' dir='ltr'>Ιιἰι</span> <span class='ocrx_word' id='word_1_321' title='bbox 994 4135 1123 4189; x_wconf 82' lang='lat' dir='ltr'>praeceps</span> <span class='ocrx_word' id='word_1_322' title='bbox 1140 4120 1276 4191; x_wconf 80' lang='lat' dir='ltr'>iacientes]</span> <span class='ocrx_word' id='word_1_323' title='bbox 1311 4119 1416 4173; x_wconf 81' lang='lat' dir='ltr'>Editio-</span> 
     </span>
     <span class='ocr_line' id='line_1_39' title="bbox 177 4187 1415 4259; baseline 0.002 -20"><span class='ocrx_word' id='word_1_324' title='bbox 177 4191 263 4240; x_wconf 87' lang='lat' dir='ltr'>tatum</span> <span class='ocrx_word' id='word_1_325' title='bbox 285 4193 327 4240; x_wconf 85' lang='lat' dir='ltr'>est</span> <span class='ocrx_word' id='word_1_326' title='bbox 354 4194 385 4240; x_wconf 91' lang='lat' dir='ltr'>ut</span> <span class='ocrx_word' id='word_1_327' title='bbox 411 4187 557 4241; x_wconf 75' lang='lat' dir='ltr'>sonberent</span> <span class='ocrx_word' id='word_1_328' title='bbox 572 4189 777 4257; x_wconf 76' lang='lat' dir='ltr'>reperiebantur.</span> <span class='ocrx_word' id='word_1_329' title='bbox 813 4204 861 4242; x_wconf 88' lang='lat' dir='ltr'>nes</span> <span class='ocrx_word' id='word_1_330' title='bbox 878 4204 931 4244; x_wconf 85' lang='lat' dir='ltr'>una</span> <span class='ocrx_word' id='word_1_331' title='bbox 947 4187 1073 4242; x_wconf 86' lang='lat' dir='ltr'>Modiana</span> <span class='ocrx_word' id='word_1_332' title='bbox 1089 4196 1204 4259; x_wconf 78' lang='lat' dir='ltr'>excepta</span> <span class='ocrx_word' id='word_1_333' title='bbox 1225 4190 1351 4242; x_wconf 77' lang='lat' dir='ltr'>iactantes</span> <span class='ocrx_word' id='word_1_334' title='bbox 1369 4205 1415 4241; x_wconf 85' lang='lat' dir='ltr'>ex-</span> 
     </span>
     <span class='ocr_line' id='line_1_40' title="bbox 176 4251 1416 4328; baseline -0.001 -18"><span class='ocrx_word' id='word_1_335' title='bbox 176 4251 272 4310; x_wconf 76' lang='lat' dir='ltr'>Posset</span> <span class='ocrx_word' id='word_1_336' title='bbox 289 4253 384 4325; x_wconf 83' lang='lat' dir='ltr'>aliquis</span> <span class='ocrx_word' id='word_1_337' title='bbox 397 4257 559 4326; x_wconf 79' lang='lat' dir='ltr'>reperiebant</span> <span class='ocrx_word' id='word_1_338' title='bbox 570 4273 662 4312; x_wconf 80' lang='lat' dir='ltr'>rerum</span> <span class='ocrx_word' id='word_1_339' title='bbox 674 4263 778 4326; x_wconf 81' lang='lat' dir='ltr'>putare,</span> <span class='ocrx_word' id='word_1_340' title='bbox 813 4256 907 4310; x_wconf 86' lang='lat' dir='ltr'>hibent</span> <span class='ocrx_word' id='word_1_341' title='bbox 923 4273 1021 4324; x_wconf 82' lang='lat' dir='ltr'>omnes,</span> <span class='ocrx_word' id='word_1_342' title='bbox 1040 4256 1139 4327; x_wconf 87' lang='lat' dir='ltr'>inepte,</span> <span class='ocrx_word' id='word_1_343' title='bbox 1157 4273 1245 4328; x_wconf 84' lang='lat' dir='ltr'>nequo</span> <span class='ocrx_word' id='word_1_344' title='bbox 1261 4255 1331 4309; x_wconf 84' lang='lat' dir='ltr'>enim</span> <span class='ocrx_word' id='word_1_345' title='bbox 1344 4255 1416 4309; x_wconf 86' lang='lat' dir='ltr'>istud</span> 
     </span>
     <span class='ocr_line' id='line_1_41' title="bbox 177 4322 1415 4397; baseline 0.001 -21"><span class='ocrx_word' id='word_1_346' title='bbox 177 4322 205 4376; x_wconf 90' lang='lat' dir='ltr'>ni</span> <span class='ocrx_word' id='word_1_347' title='bbox 230 4322 258 4376; x_wconf 91' lang='lat' dir='ltr'>id</span> <span class='ocrx_word' id='word_1_348' title='bbox 282 4322 370 4394; x_wconf 85' lang='lat' dir='ltr'>ipsum</span> <span class='ocrx_word' id='word_1_349' title='bbox 400 4333 548 4396; x_wconf 81' lang='lat' dir='ltr'>praestaret</span> <span class='ocrx_word' id='word_1_350' title='bbox 578 4325 651 4397; x_wconf 91' lang='lat' dir='ltr'>quod</span> <span class='ocrx_word' id='word_1_351' title='bbox 677 4323 778 4379; x_wconf 80' lang='lat' dir='ltr'>codices</span> <span class='ocrx_word' id='word_1_352' title='bbox 812 4327 922 4380; x_wconf 77' lang='lat' dir='ltr'>verbnm</span> <span class='ocrx_word' id='word_1_353' title='bbox 938 4325 967 4379; x_wconf 91' lang='lat' dir='ltr'>in</span> <span class='ocrx_word' id='word_1_354' title='bbox 983 4341 1013 4380; x_wconf 85' lang='lat' dir='ltr'>re</span> <span class='ocrx_word' id='word_1_355' title='bbox 1049 4343 1099 4380; x_wconf 84' lang='lat' dir='ltr'>uae</span> <span class='ocrx_word' id='word_1_356' title='bbox 1116 4326 1196 4380; x_wconf 85' lang='lat' dir='ltr'>semel</span> <span class='ocrx_word' id='word_1_357' title='bbox 1217 4325 1248 4379; x_wconf 86' lang='lat' dir='ltr'>tit</span> <span class='ocrx_word' id='word_1_358' title='bbox 1265 4325 1351 4378; x_wconf 86' lang='lat' dir='ltr'>locum</span> <span class='ocrx_word' id='word_1_359' title='bbox 1369 4326 1415 4377; x_wconf 89' lang='lat' dir='ltr'>ha-</span> 
     </span>
     <span class='ocr_line' id='line_1_42' title="bbox 177 4343 1415 4464; baseline 0.001 -20"><span class='ocrx_word' id='word_1_360' title='bbox 177 4389 311 4445; x_wconf 76' lang='lat' dir='ltr'>axhibent</span> <span class='ocrx_word' id='word_1_361' title='bbox 811 4394 876 4448; x_wconf 87' lang='lat' dir='ltr'>bere</span> <span class='ocrx_word' id='word_1_362' title='bbox 932 4402 995 4448; x_wconf 83' lang='lat' dir='ltr'>test.</span> <span class='ocrx_word' id='word_1_363' title='bbox 1031 4343 1108 4448; x_wconf 68' lang='lat' dir='ltr'>labri</span> <span class='ocrx_word' id='word_1_364' title='bbox 1133 4393 1195 4450; x_wconf 85' lang='lat' dir='ltr'>meti</span> <span class='ocrx_word' id='word_1_365' title='bbox 1226 4395 1331 4461; x_wconf 80' lang='lat' dir='ltr'>eadem,</span> <span class='ocrx_word' id='word_1_366' title='bbox 1363 4410 1415 4464; x_wconf 81' lang='lat' dir='ltr'>qua</span> 
     </span>
    </p>

    <p class='ocr_par' dir='ltr' id='par_1_8' title="bbox 179 4461 1413 4603">
     <span class='ocr_line' id='line_1_43' title="bbox 212 4461 1413 4534; baseline 0.001 -21"><span class='ocrx_word' id='word_1_367' title='bbox 212 4461 237 4526; x_wconf 71' lang='lat'>§-</span> <span class='ocrx_word' id='word_1_368' title='bbox 254 4465 279 4514; x_wconf 79' lang='lat' dir='ltr'>b.</span> <span class='ocrx_word' id='word_1_369' title='bbox 296 4462 335 4514; x_wconf 87' lang='lat' dir='ltr'>od</span> <span class='ocrx_word' id='word_1_370' title='bbox 348 4478 378 4515; x_wconf 79' lang='lat' dir='ltr'>ac</span> <span class='ocrx_word' id='word_1_371' title='bbox 429 4463 502 4531; x_wconf 83' lang='lat' dir='ltr'>isque</span> <span class='ocrx_word' id='word_1_372' title='bbox 513 4471 618 4532; x_wconf 80' lang='lat' dir='ltr'>portem</span> <span class='ocrx_word' id='word_1_373' title='bbox 635 4463 776 4530; x_wconf 71' lang='lat' dir='ltr'>natantes]</span> <span class='ocrx_word' id='word_1_374' title='bbox 811 4462 876 4516; x_wconf 86' lang='lat' dir='ltr'>aditi</span> <span class='ocrx_word' id='word_1_375' title='bbox 907 4462 1005 4529; x_wconf 79' lang='lat' dir='ltr'>alcum,</span> <span class='ocrx_word' id='word_1_376' title='bbox 1028 4463 1179 4518; x_wconf 81' lang='lat' dir='ltr'>constantia</span> <span class='ocrx_word' id='word_1_377' title='bbox 1203 4479 1296 4516; x_wconf 82' lang='lat' dir='ltr'>verum</span> <span class='ocrx_word' id='word_1_378' title='bbox 1317 4477 1413 4534; x_wconf 87' lang='lat' dir='ltr'>suppe-</span> 
     </span>
     <span class='ocr_line' id='line_1_44' title="bbox 179 4525 1046 4603; baseline 0.008 -20"><span class='ocrx_word' id='word_1_379' title='bbox 179 4525 264 4588; x_wconf 70' lang='lat' dir='ltr'>Codd.</span> <span class='ocrx_word' id='word_1_380' title='bbox 280 4527 332 4592; x_wconf 86' lang='lat' dir='ltr'>mei</span> <span class='ocrx_word' id='word_1_381' title='bbox 350 4529 395 4603; x_wconf 90' lang='lat' dir='ltr'>qni</span> <span class='ocrx_word' id='word_1_382' title='bbox 414 4547 457 4586; x_wconf 87' lang='lat' dir='ltr'>em</span> <span class='ocrx_word' id='word_1_383' title='bbox 473 4547 563 4588; x_wconf 80' lang='lat' dir='ltr'>omncs</span> <span class='ocrx_word' id='word_1_384' title='bbox 572 4545 776 4603; x_wconf 80' lang='lat' dir='ltr'>quenrqaeprae·</span> <span class='ocrx_word' id='word_1_385' title='bbox 811 4531 898 4587; x_wconf 85' lang='lat' dir='ltr'>ditant</span> <span class='ocrx_word' id='word_1_386' title='bbox 914 4533 1046 4590; x_wconf 78' lang='lat' dir='ltr'>iacientes.</span> 
     </span>
    </p>
   </div>
   <div class='ocr_carea' id='block_1_7' title="bbox 0 0 1642 5290">
    <p class='ocr_par' dir='ltr' id='par_1_9' title="bbox 0 0 1642 5290">
     <span class='ocr_line' id='line_1_45' title="bbox 0 0 1642 5290; baseline 0 0"><span class='ocrx_word' id='word_1_387' title='bbox 0 0 1642 5290; x_wconf 95' lang='lat' dir='ltr'> </span> 
     </span>
    </p>
   </div>
  </div>
 </body>
</html>
