3270 5290
224 350 269 420 17
274 351 297 422 0
716 370 749 434 o.
777 367 901 422 cunrn
926 369 1011 421 eum

221 560 342 626 autem
373 552 525 626 subinde
559 552 774 643 cumulatae,
809 564 847 627 et
881 553 996 645 saxis,
1030 554 1107 652 quis
1133 577 1225 651 pons
1251 552 1458 642 sustinetur,

221 690 393 756 annexae,
419 675 606 738 morantur
631 689 782 755 amnem,
809 666 870 763 qui
894 674 1055 740 retentus
1082 664 1208 757 acrius,
1230 688 1338 762 quam
1364 662 1395 736 si
1419 664 1458 736 li·

170 776 191 847 5
219 777 307 850 bero
333 802 440 850 cursu
466 787 611 866 mearet,
638 775 793 849 illiditur.
832 777 964 850 Arcem
990 802 1132 876 quoque
1158 776 1294 851 ambitu
1307 799 1361 848 xx
1387 786 1457 848 sta-
1475 795 1507 843 si

220 886 280 960 dia
322 889 546 986 complexam
587 886 731 962 habent.
794 913 874 962 xxx
909 888 1019 988 pedes
1059 890 1096 962 in
1130 898 1264 962 terram
1304 888 1457 961 turrium

219 999 454 1076 fundamenta
490 998 644 1074 demissa
676 1008 776 1089 sunt,
817 1000 865 1073 ad
897 1024 1001 1074 nxxx
1034 1025 1213 1074 summum
1245 998 1457 1072 munimenti

153 1125 157 1133 '
219 1111 400 1211 festigium
425 1111 599 1209 pervenit.
652 1107 769 1210 Super
794 1137 922 1204 arcem,
949 1114 1135 1212 uulgatum
1163 1108 1382 1186 Graecorum
1406 1112 1456 1186 fa·
1473 1131 1507 1181 aa

219 1222 311 1296 bulis
344 1222 569 1313 miraculum,
603 1223 758 1322 pensiles
789 1222 884 1296 horti
917 1233 1019 1314 sunt,
1062 1247 1238 1297 summam
1271 1247 1455 1296 murorum

219 1333 443 1408 altitudinem
484 1345 694 1432 aequantes,
742 1335 1005 1433 multarumque
1045 1335 1213 1408 arborum
1252 1334 1379 1408 umbra
1419 1345 1457 1408 et

218 1447 432 1544 proceritate
464 1448 613 1522 amoeni.
643 1525 645 1530 ,
676 1443 773 1520 Saxo
805 1447 914 1546 pilae,
947 1471 1037 1544 quae
1072 1455 1190 1519 totum
1224 1470 1315 1518 onus
1351 1446 1455 1518 susti·
1473 1467 1507 1515 aa

218 1567 321 1648 nent,
356 1558 551 1634 instructae
586 1571 685 1651 sunt,
719 1584 826 1657 super
857 1559 947 1658 pilas
983 1554 1101 1656 lepide
1135 1554 1312 1655 quadrato
1340 1558 1456 1631 solum

217 1677 371 1740 stratum
396 1682 461 1762 est,
487 1663 627 1777 patiens
652 1682 779 1762 terrae,
806 1695 913 1767 quam
939 1671 1049 1744 altam
1074 1670 1242 1761 iniiciunt,
1269 1680 1307 1744 et
1331 1670 1455 1744 humo·

218 1778 286 1871 rie,
322 1806 393 1878 quo
424 1782 544 1880 rigant
577 1794 707 1858 terras:
743 1782 905 1878 adeoque
939 1778 1076 1854 validas
1103 1782 1249 1856 arbores
1276 1781 1456 1856 sustinent

218 1875 346 1986 mole's,
378 1903 421 1968 ut
451 1895 590 1995 stipites
626 1920 749 1970 earum
774 1915 842 1968 vm
873 1892 1074 1968 cubitorum
1107 1894 1261 1994 spatium
1287 1894 1454 1966 crassitu-

218 2001 300 2080 dine
327 2016 491 2104 aequent,
517 2008 554 2080 in
580 2031 603 2080 u
629 2003 763 2105 pedum
788 2005 1013 2080 altitudinem
1040 2008 1234 2097 emineant5
1261 2007 1453 2104 frugiferae

217 2141 329 2213 aeque
361 2118 448 2208 sint,
482 2129 525 2191 ut
556 2119 586 2191 si
617 2129 714 2194 terra
745 2143 811 2192 sua
841 2119 1030 2194 alerentur.
1097 2117 1145 2194 Et
1177 2144 1258 2192 cum
1289 2128 1452 2193 vetustas
1471 2139 1508 2188 34

216 2292 250 2344 de
270 2292 384 2347 veritate
402 2298 460 2347 'non
487 2293 640 2348 dubitantes
665 2302 817 2348 tenuerunt.
851 2311 936 2366 aquae
952 2295 1016 2349 alibi
1033 2295 1135 2349 elusum
1152 2295 1214 2349 alibi
1232 2291 1344 2348 ferocius
1362 2293 1452 2365 ingru-

216 2361 343 2430 Sqfficere
370 2380 435 2432 opus
462 2371 551 2433 potest
572 2363 697 2435 explicari
715 2371 818 2417 struere
852 2372 939 2419 entem
957 2364 1095 2435 repellant.
1254 2367 1257 2372 '

216 2429 243 2482 in
266 2429 352 2484 locum
373 2437 480 2501 egestae
506 2449 615 2498 arenae,
642 2449 691 2487 nec
713 2449 818 2486 necesse
887 2432 953 2503 Cap.
972 2439 997 2500 5,
1017 2438 1041 2500 s.
1058 2439 1101 2488 tt.
1125 2435 1232 2500 tutan,
1253 2431 1376 2486 nimirum
1397 2432 1452 2486 Ba·

216 2506 258 2551 est
281 2506 312 2552 ut
335 2499 449 2552 addatur
470 2499 627 2554 adiectivum
653 2499 761 2581 aliquod
784 2501 818 2554 ad
852 2501 968 2572 bylonii,
995 2511 1088 2574 estque
1115 2501 1152 2556 sic
1176 2500 1204 2554 in
1229 2501 1350 2554 omnibus
1377 2499 1451 2554 libria

215 2583 308 2620 vocem
323 2571 420 2634 solum,
439 2585 498 2622 cum
515 2569 635 2624 adiectus
652 2570 766 2623 daume-
773 2585 819 2640 ge-
851 2569 934 2638 mstia,
952 2570 1049 2624 nostris
1066 2579 1148 2638 certe,
1161 2577 1188 2624 et
1205 2568 1365 2624 editionibus
1383 2569 1451 2624 anti·

216 2635 304 2690 rundii
329 2636 373 2690 elli
393 2638 432 2691 sin
459 2638 580 2692 idoneam
601 2637 676 2692 facile
693 2638 818 2693 submini·
871 2639 919 2692 uis.
956 2639 1050 2708 (Suak
1076 2639 1154 2694 Voss.
1182 2647 1195 2692 1
1225 2645 1253 2691 et
1280 2645 1295 2692 2
1323 2639 1449 2709 appellat,

215 2713 290 2758 stret
326 2706 374 2760 Mo
394 2707 432 2760 ‘us
449 2707 483 2761 de
505 2707 659 2762 coniectura
675 2709 815 2776 sulciesdo
850 2657 926 2762 lleid.
944 2707 1023 2772 silet)
1054 2708 1162 2762 Medius
1181 2715 1209 2761 et
1225 2706 1270 2761 alii
1286 2707 1450 2761 recentiores

195 2791 197 2799 ¹
215 2772 327 2846 scripsit.
849 2779 932 2830 lubet.
967 2775 1022 2831 Sed
1043 2776 1071 2830 in
1092 2777 1188 2830 eodem
1210 2775 1268 2831 colo
1286 2793 1346 2830 mas.
1364 2775 1457 2834 nostri

850 2855 878 2900 et
899 2845 980 2900 Sualr.
1005 2862 1097 2899 omnes
1118 2847 1230 2899 ambitus
1253 2844 1394 2912 exhibent,
1418 2861 1450 2898 ac

848 2921 939 2986 potest
956 2914 1077 2982 defendi,
1102 2933 1180 2986 quam
1199 2929 1259 2968 uam
1281 2931 1335 2968 non
1351 2913 1449 2984 placet.

884 2987 958 3052 §.32
976 3001 1055 3054 asper
1068 2984 1166 3054 owen]
1211 2990 1311 3036 ctorem
1328 2999 1449 3036 errorem

848 3051 942 3106 sustuli
969 3069 1056 3106 urcem
1079 3068 1113 3104 ex
1138 3050 1294 3105 auctoritate
1320 3050 1448 3106 librorum

848 3130 999 3176 nostrorum
1032 3120 1148 3175 omnium
1178 3118 1329 3173 restituens.
1376 3119 1449 3172 Nam

250 2882 274 2944 s.
301 2885 342 2933 30.
380 2881 439 2950 quia
459 2897 530 2950 pons
557 2882 711 2947 sustinetur]
750 2881 815 2943 Quis

179 2949 183 2957 '
233 2965 262 3000 ro
287 2948 358 3001 vul.
402 2951 478 3003 uibus
497 2967 531 3002 ex
558 2949 663 3022 optimis
685 2949 767 3002 Bern.
789 2951 815 3002 A

214 2965 359 3098 lloaal
381 2967 457 3071 deiri.
480 3018 558 3072 Voss.
583 3027 595 3073 1
625 3017 815 3072 restimendum

213 3093 311 3156 putavi.
340 3085 368 3140 N
369 3104 411 3140 am
419 3087 630 3168 frequentissima
647 3089 712 3144 hacc
729 3087 815 3141 forma

213 3153 376 3223 pronominis
398 3155 501 3210 relatur
529 3161 596 3224 (non
617 3156 812 3226 interrogativit
848 3207 928 3260 super
951 3207 1012 3244 am
1038 3189 1102 3243 ΒΜ
1125 3187 1197 3242 ,liud
1217 3187 1376 3256 wffioem
1397 3187 1448 3244 nisi

214 3222 431 3371 ffidoecfflffi
444 3225 814 3359 siffiossczltemssegbffissss
849 3261 919 3379 quod
940 3259 996 3312 fere
1017 3267 1058 3312 eat
1080 3261 1112 3311 de
1128 3275 1197 3312 arce.
1233 3256 1303 3310 Vide
1321 3255 1446 3310 Ruddim

213 3363 411 3437 autlpodticam
434 3359 503 3414 esse:
535 3359 593 3430 peri
621 3361 691 3414 enim
716 3361 743 3414 in
764 3380 813 3415 usu

212 3427 732 3574 {incimmemmaum
745 3439 813 3551 aa
842 3482 894 3533 a
1055 3463 1256 3517 meu
1294 3463 1350 3517 a
1366 3462 1448 3517 a„

268 3581 315 3616 cae
337 3563 465 3618 orationis
487 3565 605 3619 aemulos
628 3565 710 3619 utitur
731 3567 812 3620 etiam
847 3551 895 3604 ΡΝ
912 3549 946 3586 ⁰⁰
964 3534 1038 3615 ‘lul'd
1055 3541 1096 3586 “l
1112 3534 1181 3586 ''m'’
1197 3542 1258 3586 Μ’
1276 3563 1288 3575 ·
1305 3542 1446 3601 ‘¹⁰le⁰'

212 3581 311 3686 lida.
346 3632 416 3686 viu
442 3633 643 3688 amiensem.
671 3635 706 3688 aa
730 3650 802 3688 xliv
847 3605 1025 3666 ·⁰''²⁰⁰'²²'·¹¹¹
1042 3601 1163 3656 ⁰¹¹¹¹¹ib¹²⁸
1183 3600 1241 3654 f⁰¹⁰
1261 3617 1321 3654 Μ’·
1338 3610 1447 3670 ΡΜ

213 3707 256 3768 43,
276 3708 299 3756 ὓ·
335 3700 396 3767 QUO
414 3703 660 3784 magia-notandum
677 3704 748 3777 apud
767 3677 812 3760 Oi:
845 3669 919 3794 {lg}
941 3669 993 3724 EG
1022 3670 1076 3740 legi
1102 3686 1236 3736 ‘'mm‘’
1262 3668 1291 3722 ln
1315 3668 1397 3722 Bm·
1420 3674 1445 3722 Α

876 3345 927 3380 om.
946 3341 979 3380 11.
996 3343 1023 3397 p.
1041 3333 1092 3382 824
1110 3325 1172 3380 edit.
1189 3324 1261 3396 Lips.
1288 3329 1377 3398 Atque
1396 3326 1447 3378 uti·

847 3413 906 3448 mur
923 3412 956 3449 ea
973 3394 1156 3450 observatione
1173 3395 1207 3447 ad
1223 3409 1276 3462 vn,
1294 3401 1382 3460 26,12
1401 3413 1447 3448 au·

934 3740 984 3793 AB
1003 3738 1084 3793 etiam
1102 3740 1248 3809 aequantia.

898 3816 963 3863 .33.
987 3809 1142 3879 fraqiferoe
1167 3808 1337 3877 aequarint,
1359 3816 1387 3862 ut
1408 3809 1445 3874 sil

213 3785 337 3824 aaronem
354 3789 409 3825 non
425 3771 545 3826 inveniri.

248 3873 329 3937 Quod
352 3874 386 3927 ad
407 3881 563 3930 structuram
580 3876 668 3948 pontia
685 3876 810 3946 pertinet,
845 3811 935 3947 vulgo
953 3894 1035 3946 oeque
1052 3877 1183 3930 omittitur
1199 3884 1227 3929 et
1243 3875 1351 3928 additur
1368 3886 1392 3930 st
1410 3881 1445 3938 (et

212 3942 244 3996 cf.
266 3941 416 3995 Diodorum
433 3959 464 4008 ιι,
483 3951 508 4012 8,
532 3944 578 4016 qui
595 3945 729 4026 singulare
747 3947 810 3999 arti·
835 3949 862 4017 f
908 3947 1016 4016 iserae);
1049 3947 1095 3999 sed
1121 3946 1173 3998 hoc
1190 3943 1296 4015 quidem
1317 3944 1344 3997 in
1370 3944 1444 4008 nullo

212 4011 299 4064 licium
320 4011 376 4064 eius
395 4011 487 4065 laudat
505 4015 579 4084 quod
602 4015 661 4082 pilis
678 4024 811 4085 praestru-
845 4033 877 4068 co
897 4014 905 4068 i
956 4014 1103 4080 invenitur,
1125 4013 1191 4066 illud
1213 4013 1288 4066 abeat
1309 4031 1325 4067 a
1346 4012 1444 4079 multis,

212 4089 272 4134 ctae
295 4080 379 4133 moles
401 4081 454 4134 sint
475 4089 567 4134 acuue
588 4082 616 4135 in
634 4084 723 4136 fronte
740 4084 810 4137 tian-
844 4091 919 4138 extat
935 4099 1001 4137 vero
1019 4083 1046 4135 in
1065 4100 1081 4137 o
1102 4081 1172 4136 timis
1185 4081 1445 4135 ModianisetBeru.

189 4149 360 4218 ·gend0rum
388 4149 514 4204 fluctuum
544 4152 705 4222 eaedemque
735 4169 807 4222 pone
842 4154 868 4206 A
886 4152 957 4206 Flor.
979 4151 1053 4205 ABC
1117 4151 1153 4206 id.
1178 4155 1253 4204 Voss.
1273 4157 1296 4203 1.
1334 4150 1391 4204 Pro
1409 4167 1443 4202 co

212 4218 341 4271 rotundae
373 4218 549 4272 sedandorum
580 4237 664 4274 causa.
704 4219 808 4274 Dahis
843 4223 917 4292 quod
939 4229 980 4274 eat
1002 4221 1057 4274 siat
1079 4219 1104 4272 le
1124 4219 1176 4272 'nir
1196 4219 1302 4272 suntin
1319 4219 1399 4274 Bern.
1416 4219 1443 4271 A

212 4303 267 4339 non
290 4284 353 4338 dicit
374 4284 493 4354 Curtius,
521 4289 570 4340 aed
587 4289 661 4359 quod
677 4290 759 4344 habet
775 4291 808 4343 de
843 4308 915 4362 apr.
934 4309 968 4343 m.
989 4288 1103 4343 Floro
1133 4287 1221 4342 EFHI
1238 4287 1318 4342 Bem.
1335 4287 1369 4354 B,
1396 4287 1443 4342 aed

212 4354 298 4408 meum
314 4355 471 4410 accumulari
488 4355 573 4430 politis
590 4375 643 4411 non
660 4357 712 4412 alio
728 4359 809 4430 perti-
843 4358 894 4414 feei
912 4377 965 4413 non
981 4365 1053 4411 recte
1071 4355 1322 4428 quodindiceu'vum
1338 4356 1365 4410 iu
1382 4363 1443 4412 tuu-

212 4430 259 4476 net
275 4423 325 4476 nisi
342 4429 373 4475 ut
388 4425 510 4478 ostendat
526 4443 573 4480 cur
587 4425 724 4497 imprimis*
731 4429 809 4482 roba·
843 4439 900 4483 tum
917 4426 1011 4498 prioris
1028 4425 1091 4480 edit.
1108 4443 1182 4480 meae
1197 4425 1295 4495 recepi,
1313 4441 1396 4496 esque
1412 4441 1443 4478 re

213 4501 269 4546 atae
292 4493 362 4565 pilae
384 4510 441 4548 esse
460 4495 613 4565 debuerint,
635 4503 666 4552 ut
682 4496 810 4568 impetum
844 4495 1070 4554 continuationem
1087 4495 1212 4550 orationis
1230 4493 1330 4548 diremi.
1367 4495 1443 4551 Unus
