3268 5286
203 369 276 442 284
670 387 704 450 o.
732 385 856 438 eunrn
882 385 966 436 eurr

200 599 324 648 rursus
364 572 551 646 tormentis
596 571 765 661 31333313,
811 595 892 644 cum
935 568 1021 666 ipsis
1062 591 1203 666 quoque
1241 567 1354 641 hastis
1394 595 1435 642 os

201 686 393 783 oculosque
420 685 495 758 cius
522 685 784 774 everbererent,
811 705 1031 780 expressere,
1044 690 1086 753 ut
1110 679 1180 752 hoc
1206 704 1347 777 quoque
1373 681 1435 753 cri·

200 824 283 873 men
309 798 547 870 confiteretur.
600 794 836 892 Exigentibus
864 791 1009 883 deinde,
1036 802 1077 864 ut
1102 790 1264 864 ordinem
1289 791 1436 890 cogitati
1453 811 1487 862 ae

201 907 342 983 sceleris
375 918 588 1006 exponeret,
622 931 702 980 eum
735 905 797 978 diu
822 905 953 978 Bactra
984 911 1169 976 retentura
1193 927 1314 1000 regem
1339 903 1436 978 vide·

199 1031 335 1111 rentur,
362 1020 521 1094 timuisse
547 1018 743 1118 respondit,
769 1043 816 1092 ne
841 1026 944 1115 pater
957 1039 1034 1088 nxx
1060 1025 1167 1090 natus
1194 1039 1318 1106 annos,
1345 1017 1436 1089 tanti

201 1133 378 1210 exercitus
405 1130 497 1221 dux,
530 1140 652 1205 tantae
678 1129 849 1229 pecuniae
877 1139 1013 1218 custos,
1045 1127 1187 1200 interim
1215 1127 1438 1225 extinguere·

203 1257 280 1336 tur,
312 1244 466 1342 ipsique,
500 1244 652 1340 spoliato
679 1242 788 1315 tantis
819 1241 974 1330 viribuS,
1001 1237 1185 1312 occidendi
1211 1239 1304 1335 regis
1331 1258 1439 1312 33333

201 1382 275 1430 333
301 1364 404 1428 esset.
457 1353 658 1428 Festinasse
685 1379 771 1451 ergo
799 1378 847 1443 se,
874 1349 960 1424 dum
986 1350 1121 1449 praemi
1147 1375 1184 1422 m
1209 1349 1246 1422 in
1271 1351 1435 1424 manibus
1454 1372 1487 1421 33

199 1468 363 1555 haberet,
398 1476 666 1564 repraesentare
700 1465 901 1555 consilium,
943 1465 1042 1537 euius
1076 1375 1216 1559 pubem
1252 1473 1437 1561 expertem

198 1579 308 1654 131333
333 1577 401 1651 3131
427 1576 621 1669 crederent,
641 1588 829 1668 tormenta,
849 1599 1064 1674 quemquam
1089 1573 1160 1647 iam
1186 1574 1339 1648 tolerare
1364 1601 1439 1650 non

199 1831 313 1887 universi
330 1841 466 1904 expertem
483 1848 539 1886 3333
558 1850 610 1886 333
628 1837 712 1899 certe,
740 1849 799 1885 cum
833 1832 902 1884 enim
927 1829 1082 1900 metaphora
1104 1830 1138 1885 (13
1160 1829 1271 1900 pecunia
1295 1829 1437 1900 praesenti,

197 1903 244 1957 illa
273 1903 406 1958 confessus
433 1910 517 1968 33333,
545 1900 666 1954 Philotas
692 1907 799 1971 poterat
834 1899 981 1966 33111331,
1000 1903 1077 1965 5,89
1104 1909 1223 1968 coeperat
1240 1916 1296 1952 3333
1309 1917 1437 1970 praeceps

198 1989 309 2042 negare3
333 1980 362 2024 et
387 1970 523 2042 aliquanto
542 1978 604 2040 post
626 1968 724 2040 legitur
744 1971 799 2021 De·
834 1973 871 2022 ad
887 1969 1110 2036 repraesentanda
1128 1969 1267 2038 simplicio.

196 2044 304 2095 33313133
327 2042 373 2110 qui
396 2040 515 2109 proximi
535 2039 641 2092 sceleris
662 2039 799 2108 particeps
868 2039 942 2090 cuias
988 2045 1069 2090 utrem
1096 2045 1223 2105 expertem
1244 2037 1344 2106 flasse.
1378 2035 1437 2090 Me·

199 2129 255 2164 3333
272 2111 440 2179 arpuebotar.
833 2106 942 2160 moriam
958 2055 1081 2159 inlotae
1102 2103 1165 2174 ipsis
1182 2105 1329 2160 tortoribus
1345 2106 1437 2160 erude-

203 2237 216 2259 ..
233 2181 256 2248 ξ.
275 2186 316 2232 31.
339 2195 395 2230 cum
397 2178 589 2299 ⁰p'psiaqiroqae
599 2177 691 2230 333113.
709 2175 798 2256 Vulgo
833 2175 883 2257 lius
916 2174 1031 2228 13333333
1056 2172 1171 2254 editores
1197 2173 1242 2244 qui
1277 2173 1314 2228 sic
1335 2174 1437 2256 313333

197 2253 400 2379 irretiat,
423 2243 800 2392 3131133333
834 2244 1439 2376 3333133313313131313

197 2383 252 2436 rint
269 2382 436 2454 inquisitores
454 2382 562 2434 dubium
572 2399 623 2440 non
635 2389 683 2434 est.
702 2381 799 2434 llastas
833 2381 876 2433 rel
885 2379 1022 2434 mentienti
1032 2378 1158 2432 credituri
1167 2377 1286 2446 13133333,
1300 2379 1361 2433 idne
1370 2380 1438 2434 lrlius

197 2452 339 2522 gestabant
347 2450 461 2502 muneris
476 2449 587 2520 insignia
596 2457 730 2520 tamquam
740 2467 800 2502 eor·
834 2465 861 2502 33
883 2456 1005 2520 paratum
1028 2447 1100 2502 dicet
1116 2449 1241 2501 adversus
1258 2456 1360 2519 patrem
1376 2457 1437 2502 tor-

217 2519 268 2573 3313
293 2517 360 2590 regii
386 2519 516 2572 custodes.
557 2519 721 2586 Expressere
748 2518 800 2571 hoc
833 2517 928 2570 mentis
946 2516 1123 2571 confirmare?
1158 2516 1216 2569 Vae
1233 2517 1384 2588 impietatis,
1403 2519 1438 2572 ob

197 2539 257 2642 lbco
275 2606 328 2660 quo
346 2603 397 2657 ego
419 2586 496 2658 posui
518 2585 678 2640 collocatum¹
697 2585 800 2640 eratin
851 2603 912 2639 uam
936 2585 1017 2639 solam
1039 2593 1070 2638 tu
1105 2585 1155 2638 iter
1176 2585 1262 2657 perire
1283 2593 1438 2641 mereretur.

197 2656 275 2711 Voss.
296 2663 306 2709 1
326 2655 406 2710 Β333.
424 2657 450 2709 Δ
467 2654 538 2708 Flor.
556 2653 640 2707 ABG.
833 2603 918 2736 ltqui
936 2673 987 2708 non
1005 2661 1046 2708 est
1063 2654 1071 2706 i
1092 2671 1177 2708 avon
1195 2665 1324 2708 auctorem
1341 2655 1369 2708 in
1383 2654 1438 2710 ullo

232 2729 256 2792 s.
275 2731 317 2779 82.
352 2725 419 2778 tanti
445 2725 572 2777 exercitus
590 2725 651 2776 (133.
687 2723 799 2776 Addunt
834 2725 939 2790 codiee,
952 2723 1164 2794 supplementum
1182 2731 1223 2776 cst
1239 2723 1363 2804 principis
1381 2723 1436 2777 edi-

197 2793 277 2848 331333
304 2804 391 2848 tanais
419 2795 486 2861 (dua
504 2793 609 2860 133133)
640 2793 717 2846 codd.
743 2793 799 2845 fere
832 2792 908 2858 toris,
928 2791 973 2862 qui
990 2809 1049 2846 cum
1067 2792 1157 2844 deesse
1171 2791 1269 2863 aliquid
1277 2799 1349 2846 recte
1358 2791 1437 2846 intel-

197 2880 297 2928 omnes,
315 2869 422 2934 praeter
438 2861 509 2915 Flor.
518 2861 551 2914 E.
569 2860 622 2914 Sed
638 2860 702 2931 quid
719 2860 799 2914 lanias
833 2861 943 2932 ligeret.
962 2877 1047 2914 none
1085 2860 1172 2913 lerata
1190 2877 1233 2926 re,
1258 2861 1328 2932 quod
1346 2861 1437 2915 sacilli-

198 2931 245 2985 nisi
270 2941 301 2986 ut
323 2932 446 2986 mendum
467 2946 502 2984 cx
527 2927 686 3003 repetitione
718 2947 799 3001 agno·
833 2947 905 2982 mum
930 2928 979 3000 ipsi
1006 2927 1066 2982 ride
1085 2937 1146 2982 atur
1171 2928 1282 2982 infersit.
1326 2929 1436 2994 Quanto

197 3001 271 3054 scas?
833 2998 925 3052 melius
946 2997 987 3050 vir
1004 2997 1095 3051 doctus
1116 2996 1162 3068 qui
1179 2996 1252 3051 Flor.
1273 2995 1300 3051 G
1320 2999 1437 3054 correxit

231 3071 365 3125 occidendi
382 3071 453 3140 repis
472 3085 553 3122 33333
570 3065 799 3120 333333333111133
834 3069 867 3121 ad
888 3066 1034 3148 marginem
1057 3074 1207 3134 „expertem
1226 3069 1323 3120 deest.“
1360 3068 1435 3122 Nihil

196 3139 251 3193 sere
268 3141 336 3193 ratio
353 3157 408 3193 non
426 3145 495 3191 esset
512 3134 799 3205 oecidemregemdiei-
834 3153 896 3189 sane
912 3135 1011 3188 febeius
1032 3135 1133 3206 potuit:
1160 3151 1221 3187 nam
1239 3134 1378 3190 verisimile
1394 3138 1436 3206 113,

196 3216 250 3276 tur,
269 3216 300 3261 ut
318 3207 372 3262 Cic
395 3207 423 3259 in
440 3206 516 3259 Verr.
535 3219 555 3271 1,
575 3211 590 3258 9
613 3205 712 3256 minori
733 3206 799 3256 divi-
833 3204 969 3258 librsrium
986 3202 1048 3256 olim
1066 3219 1125 3257 eum
1139 3213 1242 3274 putrem
1259 3202 1375 3273 vidisset,
1394 3223 1438 3260 ea-

196 3276 299 3330 eor-ibas
312 3278 382 3328 ratio
395 3293 447 3328 aon
457 3283 522 3340 erat,
541 3291 566 3343 p.
579 3271 682 3326 Caeci>
700 3274 799 3326 nullam
829 3283 928 3342 pertem
946 3273 980 3326 ob
998 3270 1193 3326 similitudinem
1209 3271 1358 3326 litterarum
1371 3275 1437 3328 omi-

197 3361 253 3397 esse
270 3345 397 3397 rationem
414 3345 529 3396 omittere
546 3341 672 3393 3333333311
685 3341 799 3393 occasio-
833 3341 903 3394 sisse.
918 3341 1082 3407 Concedent,
1091 3340 1287 3412 opinor‚lunius
1294 3351 1321 3396 et
1329 3343 1437 3398 Medius

197 3431 263 3466 aem.
299 3411 367 3465 Galli
394 3411 472 3464 hodie
499 3425 605 3490 quoque
631 3407 668 3461 313
697 3407 798 3474 dieunt,
835 3409 879 3480 qui
910 3427 969 3463 cum
1002 3409 1135 3463 diritatem
1171 3409 1286 3480 vulgaria
1317 3411 1437 3466 lectionis

197 3481 216 3533 il
234 3482 275 3551 n'y
292 3496 309 3533 a
328 3479 403 3552 point
424 3479 458 3531 (13
475 3494 562 3531 333333
585 3475 751 3530 d'assassiner
775 3476 799 3530 le
833 3477 1033 3545 intellexissent,
1051 3478 1174 3531 medendi
1182 3495 1261 3532 eausa
1273 3482 1299 3532 si
1316 3482 1437 3535 fecerunt

199 3549 260 3603 Roi,
834 3563 867 3599 ex
884 3547 947 3614 uisi,
965 3563 1026 3599 nam
1039 3545 1087 3600 nisi
1100 3545 1163 3618 quid
1177 3549 1309 3616 credatur,
1326 3547 1436 3604 dicimus

233 3621 256 3688 ἓ.
274 3624 316 3672 33.
337 3619 365 3669 in
373 3615 603 3668 manibasbaberet
620 3612 748 3668 manuacri
768 3613 798 3681 ti,
834 3633 880 3687 nos
909 3621 1041 3668 tormenta
1069 3615 1216 3684 subituros,
1245 3634 1298 3670 333
1325 3618 1346 3670 31
1372 3619 1437 3690 quid

198 3685 263 3740 editi
284 3693 390 3756 praeter
406 3683 481 3737 Mod.
504 3683 608 3736 13333331
625 3683 653 3734 in
671 3631 798 3762 mabilla.
833 3685 964 3738 credatur.
998 3683 1102 3737 Deinde
1119 3686 1172 3738 ium
1190 3683 1272 3738 adieci
1295 3694 1357 3739 ante
1375 3689 1437 3740 tole-

198 3756 295 3810 Postr
342 3762 478 3807 3333331333
495 3753 629 3806 renalium
653 3750 726 3804 dedit
748 3768 799 3804 ram
833 3770 895 3806 rare
912 3769 946 3805 ex
963 3750 1078 3805 Bern.A
1095 3752 1166 3806 Flor.
1182 3752 1258 3807 ABG
1275 3753 1436 3808 Leidvoss.

199 3823 333 3878 Snalren.
361 3823 502 3875 secundum
529 3819 603 3874 Leid.
628 3819 705 3874 Voss.
730 3827 741 3872 1
770 3827 800 3874 et
835 3827 858 3874 1.
890 3821 1045 3874 Extremum
1062 3823 1171 3875 verbum
1188 3822 1222 3876 ob
1240 3823 1437 3891 grammaticam

198 3901 302 3947 nostros
326 3891 407 3944 Bern.
425 3891 451 3943 A
477 3889 548 3944 Flor.
568 3889 632 3956 AB,
657 3905 743 3959 aquo
765 3905 799 3942 ne
833 3889 962 3944 rationem
980 3898 1052 3944 reete
1070 3897 1221 3943 correxerat
1237 3890 1323 3943 Aldus
1341 3892 1437 3946 secuti-

198 3959 291 4032 reliqui
343 3959 420 4013 'idem
442 3959 554 4012 multum
577 3956 714 4010 discedunt
737 3957 800 4010 dum
835 3975 886 4029 que
903 3957 976 4012 illum
994 3965 1070 4011 erant
1079 3959 1169 4012 Iunius
1183 3967 1211 4011 et
1220 3958 1335 4026 Medius,
1354 3961 1438 4014 donec

198 4047 308 4100 3333333
355 4027 489 4081 exhibent.
512 4025 584 4080 Olim
598 4042 660 4080 vero
673 4025 801 4079 edebatur
835 4045 923 4080 rursus
940 4035 1043 4080 veteres
1057 4029 1438 4083 sordesrerasuretrevocatae

198 4107 408 4168 repraesentasse
417 4113 475 4151 eum
484 4094 694 4165 interpunctione
703 4093 800 4147 maiore
834 4104 903 4150 sunt.
938 4095 1051 4165 Legitur
1068 4103 1157 4148 tamen
1174 4111 1266 4150 revera
1283 4096 1357 4151 31313
1366 4097 1437 4151 codi-

198 4175 257 4238 post
279 4167 396 4232 toberet,
423 4179 491 4234 (quae
514 4161 592 4216 lectio
615 4181 696 4216 unum
718 4162 799 4216 habet
833 4164 907 4218 cibus
926 4173 956 4217 ut
973 4165 1078 4218 videtur
1095 4163 1230 4230 omnibus,
1249 4166 1295 4218 sed
1312 4165 1436 4220 mendum

199 4243 300 4289 certum
321 4241 457 4288 auctorem
473 4232 544 4286 Flor.
563 4230 589 4284 G
616 4238 644 4285 et
669 4231 799 4284 incertum
833 4239 874 4286 est
899 4249 933 4286 ex
959 4249 991 4288 eo
1017 4249 1115 4303 genere
1163 4251 1197 4286 uo
1226 4234 1241 4286 f
1285 4234 1437 4288 uentissime

197 4305 326 4373 Bongars.
345 4310 368 4354 1.
403 4301 512 4354 Dictum
525 4307 618 4354 'autem
635 4305 676 4351 est
693 4317 799 4368 reprae-
833 4301 953 4356 librarios
998 4317 1090 4354 eccere
1110 4249 1439 4374 videmusmitesmgatnr

108 4431 111 4436 ,
197 4382 301 4427 seniore
318 4389 367 4443 pro
385 4369 488 4441 exequi,
506 4369 534 4422 in
551 4386 567 4423 3
587 4385 617 4420 33
635 4376 664 4420 33
677 4367 799 4422 effectum
834 4371 938 4440 quidem
994 4369 1102 4442 opkens.
1120 4370 1207 4424 Lectt.
1227 4370 1297 4424 Τ311.
1321 4371 1365 4425 lib.
1384 4386 1404 4438 1,
1414 4389 1437 4426 3.

199 4443 276 4509 darc,
298 4440 490 4510 interpretante
514 4437 535 4490 1.
576 4454 598 4490 r.
616 4436 751 4491 Gronovio
771 4437 799 4490 in
835 4447 866 4492 14
884 4457 909 4510 p.
919 4445 979 4506 103,
997 4439 1043 4492 sed
1060 4455 1127 4510 quae
1145 4439 1223 4492 affert
1236 4440 1356 4512 exempla
1366 4439 1438 4494 Con-

198 4511 265 4566 libro
287 4510 320 4564 de
341 4525 396 4582 pec.
418 4515 470 4562 vet.
494 4513 522 4573 1,
545 4523 566 4560 3
585 4512 609 4560 G.
644 4505 733 4560 Ducta
758 4515 800 4560 est
832 4507 941 4562 iunctivi
958 4525 1011 4562 non
1027 4508 1166 4579 quadrant
1189 4507 1324 4580 Necopus
1332 4508 1439 4564 videtur
