3238 5296
229 329 303 401 870
696 351 729 413 o.
758 349 881 402 cnara
906 351 991 402 anm

222 556 354 630 equum
378 557 482 606 suum
508 535 681 608 offerente
706 530 929 632 Lysimach0,
955 557 1021 608 nec
1046 543 1167 606 tamen
1193 543 1235 605 ut
1260 531 1461 632 digredere⁴

222 654 282 717 tur
306 671 329 717 a
354 670 438 742 rege
465 645 556 719 effici
581 645 714 744 potuit,
753 669 834 718 oum
859 645 969 720 lorica
993 644 1141 719 indutus
1166 669 1266 719 arma
1290 655 1461 743 gestaret.

222 752 337 847 Idem,
372 782 454 830 cum
478 768 693 856 perventum
719 768 814 830 esset
839 759 877 830 in
902 758 1049 848 saltum,
1084 758 1121 830 in
1145 783 1217 855 quo
1245 782 1284 830 se
1315 755 1461 829 barbari
1479 775 1513 823 ar

221 865 451 961 abdiderant,
492 870 648 942 nobilem
680 868 791 943 edidit
822 895 996 967 pugnam,
1037 893 1228 967 regemque
1261 868 1459 940 comminus

221 1004 302 1053 cum
326 977 430 1052 hoste
457 978 684 1055 dimicantem
715 981 884 1079 protexit.
938 977 1009 1054 Sed
1034 991 1226 1080 postquam
1252 979 1395 1054 barbari
1421 979 1460 1052 in
1479 995 1514 1045 ³8

220 1091 342 1188 lugam
359 1091 462 1164 effusi
480 1090 668 1166 deseruere
691 1093 810 1184 silvas,
836 1093 986 1183 animus,
1013 1093 1072 1190 qui
1099 1093 1136 1165 in
1161 1091 1290 1166 ardore
1316 1114 1462 1190 pugnae

221 1227 351 1301 corpus
377 1211 653 1294 sustentaverat,
679 1203 799 1302 liquit3
827 1205 1016 1303 subitoque
1035 1229 1083 1277 ex
1100 1203 1264 1278 omnibus
1289 1202 1461 1276 membris

220 1315 368 1412 profuso
385 1313 526 1406 sudore,
553 1315 690 1390 arboris
708 1321 893 1414 proximae
911 1316 1021 1416 stipiti
1040 1341 1079 1390 se
1096 1316 1274 1414 applicuit.
1318 1311 1461 1388 Deinde
1481 1333 1516 1381 aa

110 1439 115 1452 ·
220 1450 266 1499 ne
291 1425 352 1498 illo
379 1423 522 1522 quidem
547 1425 762 1500 adminiculo
789 1427 1003 1519 sustinente,
1037 1428 1200 1501 manibus
1231 1427 1325 1525 regis
1358 1451 1462 1500 exce-

220 1549 304 1635 ptus
332 1546 396 1628 est,
421 1537 515 1611 inter
541 1563 629 1636 quas
655 1539 832 1637 collapsus
860 1539 1089 1637 extinguitur.
1134 1537 1313 1613 Maestum
1337 1562 1462 1636 regem

222 1650 311 1722 alius
337 1647 435 1721 baud
460 1649 549 1722 levis
576 1647 679 1722 dolor
705 1651 856 1748 excepit.
907 1649 1074 1750 Erigyius
1099 1650 1192 1722 inter
1215 1651 1330 1724 claros
1349 1648 1461 1722 duces
1481 1669 1518 1716 4⁰

222 1760 352 1852 fiierat3
386 1785 492 1858 quem
519 1761 717 1834 extinctum
742 1787 836 1853 esse,
868 1761 975 1859 paulo
1002 1771 1194 1858 antequam
1219 1772 1463 1835 reverteretur

221 1872 257 1945 in
284 1883 401 1946 castra
426 1873 605 1973 cognovit.
658 1869 853 1971 Utriusque
883 1873 990 1946 fimus
1022 1873 1119 1947 omni
1151 1884 1327 1972 apparatu
1352 1859 1463 1969 atque

219 1983 355 2058 honore
382 1985 600 2058 celebratum
622 1995 686 2057 est.

173 2097 218 2168 ll
321 2096 443 2170 Dahas
470 2095 599 2170 deinde
626 2105 802 2170 statuerat
827 2107 967 2194 petere:
994 2095 1042 2168 ibi
1060 2119 1214 2192 namque
1228 2091 1516 2192 Spitamenenm.

221 2233 300 2281 esse
326 2217 554 2304 cognoverat
607 2205 679 2281 Sed
705 2209 797 2290 hanc
819 2232 960 2305 quoque
984 2206 1258 2304 expeditionem,
1286 2215 1327 2279 ut
1347 2207 1462 2304 plera·

222 2342 291 2415 que
317 2318 402 2408 alia,
428 2319 573 2392 fortuna
598 2317 817 2417 indulgendo
843 2319 876 2392 ei
900 2342 1083 2415 nunquam
1109 2318 1274 2416 fatigata,
1306 2343 1373 2416 pro
1400 2317 1463 2390 ab·

222 2439 323 2502 sente
350 2430 532 2524 transegit.
586 2427 808 2525 Spitamenes
835 2431 958 2504 uxoris
982 2428 1171 2504 immodico
1194 2455 1316 2504 amore
1333 2429 1463 2528 flagra·

221 2541 300 2616 bat:
328 2565 434 2638 quam
461 2563 567 2639 aegre
592 2540 714 2637 fugam
741 2550 778 2614 et
802 2565 898 2616 nova
924 2539 1076 2616 subinde
1102 2542 1209 2616 exilia
1234 2541 1462 2632 tolerantem,

221 2653 258 2726 in
291 2677 395 2726 omne
428 2650 617 2726 discrimen
649 2652 814 2726 comitem
851 2653 1027 2726 trahebat.
1079 2650 1145 2726 illa
1177 2653 1279 2728 malis
1311 2651 1498 2749 fatigatas

221 2761 415 2836 identidem
441 2763 633 2836 muliebres
661 2763 829 2838 adhibere
856 2762 1062 2854 blanditias,
1100 2775 1142 2837 ut
1166 2763 1314 2838 tandem
1338 2765 1464 2862 fugam

221 2876 371 2965 sisteret,
397 2876 612 2973 victorisque
638 2873 836 2949 Alexandri
854 2875 1077 2948 clementiam
1094 2888 1275 2973 expertus,
1302 2876 1464 2972 placaret

224 3012 329 3084 quem
356 2987 512 3083 effugere
544 3012 617 3059 non
649 3000 781 3084 posset.
834 2985 922 3058 Tres
949 2985 1062 3059 adulti
1089 2997 1192 3060 erant
1216 2987 1318 3059 liberi
1345 3011 1392 3059 cx
1418 3005 1498 3058 eoa

174 3163 177 3168 .
222 3100 346 3196 geniti:
374 3122 462 3195 quos
490 3123 571 3170 cum
595 3098 732 3195 pectori
749 3098 861 3199 patris
879 3096 1107 3189 admovisset,
1133 3107 1175 3170 nt
1192 3097 1319 3171 saltem
1337 3121 1463 3170 eornm

222 3209 381 3282 misereri
412 3210 536 3299 vellet,
572 3209 717 3298 orabat;
757 3219 794 3281 et
825 3233 895 3306 quo
928 3209 1141 3282 efficaciores
1175 3219 1295 3282 essent
1326 3231 1463 3305 preces,

222 3318 319 3392 haud
354 3321 478 3417 procul
513 3329 590 3394 erat
624 3318 841 3392 Alexander.
893 3317 956 3392 Ille
989 3345 1027 3394 se
1061 3319 1184 3419 prodi,
1218 3342 1292 3393 non
1323 3319 1499 3391 maneria

222 3440 339 3520 ratus,
372 3440 409 3502 et
434 3430 569 3502 formae
595 3431 756 3527 profecto
782 3428 912 3502 fiducia
938 3457 1068 3530 cupere
1094 3457 1174 3506 earn
1199 3431 1464 3529 quamprimum

224 3537 306 3612 dedi
323 3537 548 3636 Alexandro,
570 3540 750 3614 acinacem
772 3541 926 3633 strinxit,
952 3567 1186 3641 percussurus
1204 3565 1367 3631 uxorem,
1394 3539 1464 3612 nisi

222 3774 365 3830 ruminum
374 3793 438 3845 esse,
458 3778 531 3847 quod
541 3773 651 3830 concedi
660 3773 749 3846 possit.
776 3773 826 3828 Ed.
895 3794 973 3846 aeyre
990 3777 1089 3848 sapam
1107 3787 1130 3830 et
1148 3807 1183 3820 -
1199 3777 1280 3830 exilia
1299 3775 1464 3845 tolerantem]

223 3861 262 3964 pr.
275 3861 329 3924 per
338 3848 409 3898 dicta
427 3848 525 3912 stadia,
544 3845 629 3899 Aldus
643 3847 825 3914 perastadia,
862 3843 948 3898 Codd.
965 3863 1071 3916 aegram
1087 3845 1175 3916 supa,
1201 3863 1268 3917 quos
1285 3861 1339 3898 uon
1356 3858 1465 3914 sequor,

237 3930 313 3964 umus
325 3931 377 3981 per
386 3917 575 3983 quinquaqinta
585 3924 617 3966 st.
635 3913 681 3966 sed
699 3911 726 3965 in
743 3931 826 3982 marg.
861 3929 922 3966 narn
944 3931 1021 3984 aegre
1044 3917 1155 3968 tolerare
1176 3921 1207 3967 ut
1229 3913 1405 3982 coniungatur
1431 3911 1467 3965 ad

223 3981 375 4034 notavital.
402 3984 533 4048 ainqenta,
552 3999 601 4035 nec
617 3989 675 4034 erat
692 3998 738 4033 cur
755 3980 827 4033 illam
861 3999 964 4035 sensum
982 4001 1088 4052 prorsus
1105 3981 1281 4036 necessarium
1298 3990 1346 4035 est.
1372 3983 1466 4051 Atque

223 4048 364 4103 lectionem
412 4037 487 4104 odius
509 4049 649 4120 pessimam
672 4048 826 4118 appellaret.
860 4058 977 4104 senserat
994 4052 1044 4104 hoc
1060 4049 1173 4104 Aldinus
1194 4051 1292 4110 editor,
1320 4067 1382 4102 cum
1403 4059 1467 4102 ante

259 4123 334 4184 §³10-
356 4120 385 4170 in
402 4119 502 4189 castra]
529 4118 577 4171 ie.
591 4117 827 4171 hibernaadNau-
854 4116 946 4256 ipsum
976 4119 1101 4171 ederetur
1130 4121 1238 4188 prorsus
1263 4117 1329 4172 falso
1356 4135 1468 4199 asperam

224 4192 293 4250 tace,
312 4204 341 4238 su
361 4204 390 4238 ra
409 4203 431 4240 a.
443 4193 467 4240 8.

260 4204 379 4323 Caplpl,
398 4259 456 4316 §.L
485 4255 659 4325 Spitamenen]
687 4251 731 4305 Sic
748 4255 826 4306 Bern.
860 4273 916 4308 ram
934 4257 1123 4325 neyramsupa
1139 4253 1283 4310 mactavit.

224 4326 250 4375 A
268 4323 338 4375 Flor.
353 4322 442 4376 ADFI
464 4341 522 4378 eum
541 4321 622 4376 Snak.
641 4329 669 4374 et
691 4319 760 4374 illius
783 4339 827 4376 co·
896 4327 919 4392 ᾖ.
928 4330 953 4378 4.
988 4325 1121 4378 acinacem
1138 4325 1246 4378 strinxit
1273 4321 1470 4378 FloaAleid.

225 4389 326 4445 ilicibus
345 4389 467 4446 universe
484 4389 631 4464 appellatis.
657 4388 747 4460 Vulgo
765 4391 827 4459 Spi·
863 4393 961 4462 (Bong.
975 4397 1033 4456 tt)
1052 4393 1190 4458 acinacim,
1207 4393 1255 4446 sed
1274 4407 1325 4458 vn,
1347 4398 1378 4446 lt
1396 4400 1469 4446 aaa.

225 4471 359 4516 tamenem.
862 4463 995 4516 acinacem
1013 4459 1068 4513 siue
1085 4458 1205 4514 valante
1222 4460 1344 4516 lectione.

875 4205 962 4256 upum,
980 4185 1086 4240 Modius
1100 4193 1189 4240 minen
1206 4185 1334 4240 librorum
1350 4195 1468 4256 smptu-
