3268 5286
220 367 294 440 334
390 399 393 405 ·
689 385 722 448 Q.
751 385 875 437 cusrn
899 383 984 437 aum

219 565 294 643 Sibi
331 570 425 643 enirn
464 564 623 641 adalia
660 568 810 666 gloriam
842 566 1039 642 concedere
1071 565 1168 640 deos.
1229 564 1454 640 Consultanti
1471 579 1507 631 2⁹

217 677 299 752 inde
326 703 407 752 cum
432 679 575 770 iisdem,
610 702 766 776 quonam
792 678 901 752 modo
927 679 1059 751 flumen
1085 678 1295 767 transirent,
1332 701 1453 775 super·

218 790 318 863 venit
343 787 574 879 Aristander,
612 813 686 862 non
718 791 806 863 alias
838 790 988 884 laetiora
1021 799 1108 862 exta
1137 787 1272 862 vidisse
1298 811 1338 862 se
1363 788 1455 860 affir-

216 925 335 994 mans,
374 900 497 997 utique
533 899 711 999 prioribus
749 901 855 998 longe
895 899 1052 988 diversa,
1098 909 1176 972 turn
1210 897 1453 972 sollicitudinis

218 1035 344 1086 carmes
370 1012 587 1108 apparuisse,
612 1033 709 1084 nunc
734 1035 882 1109 prorsus
908 1011 1051 1110 egregie
1076 1010 1217 1084 litatum
1242 1033 1330 1082 esse.

169 1123 215 1194 32
321 1118 488 1195 Ceterum
519 1147 610 1220 quae
643 1121 795 1195 subinde
825 1123 990 1196 nuntiata
1021 1131 1106 1194 scint
1136 1122 1229 1219 regi,
1265 1120 1454 1193 continuae
1472 1138 1508 1186 so

218 1233 376 1306 felicitati
401 1255 521 1305 rerum
553 1231 628 1306 eius
660 1233 905 1330 imposuerant
935 1233 1062 1308 labem.
1114 1229 1379 1321 Menedemum,
1414 1240 1456 1302 ιιι
1473 1247 1507 1297 31

219 1367 329 1442 supra
367 1343 502 1416 dictum
541 1351 612 1432 est,
658 1343 805 1416 miserat
841 1342 888 1416 ad
927 1339 1164 1415 obsidendum
1203 1338 1454 1440 Spitamenem,

217 1451 428 1526 Bactrianae
460 1450 667 1527 defectionis
699 1463 891 1526 auctorem.
945 1443 1014 1542 ffil
1045 1461 1228 1550 comperto
1254 1451 1367 1525 hostis
1394 1451 1456 1525 ad·

219 1573 349 1653 ventu,
391 1589 438 1638 ne
472 1564 583 1636 muris
616 1565 715 1638 urbis
750 1562 1009 1658 includeretur,
1053 1563 1158 1636 simul
1190 1563 1304 1636 fretus
1339 1563 1455 1662 excipi

217 1699 340 1774 posse,
376 1699 447 1772 qua
472 1686 665 1750 venturum
691 1675 841 1765 sciebat,
874 1673 1036 1748 consedit
1060 1675 1231 1747 occultus.
1284 1670 1455 1748 Silvestre
1473 1691 1508 1740 aa

216 1788 285 1861 iter
311 1795 435 1884 aptum
460 1783 596 1858 insidiis
622 1785 785 1884 tegendis
812 1795 904 1858 erat:
930 1785 979 1859 ibi
1004 1783 1127 1858 Dahas
1154 1779 1322 1857 condidit.
1361 1781 1456 1880 Equi

216 1895 320 1971 binos
345 1907 501 1970 armatos
526 1898 671 1988 vehunt,
697 1922 849 1995 quorum
873 1897 1024 1970 invicem
1044 1895 1174 1994 singuli
1198 1905 1345 1992 repente
1365 1894 1455 1968 desi·

217 2007 322 2081 liunt:
342 2007 516 2105 equestris
535 2032 678 2106 pugnae
697 2006 859 2082 ordinem
878 2007 1035 2080 turbant.
1075 2005 1260 2105 Equorum
1273 2005 1454 2080 velocitati
1472 2024 1505 2073 ss

216 2143 283 2217 par
316 2118 500 2190 hominum
531 2117 730 2216 pernicitas.
782 2116 860 2191 Hos
887 2114 1088 2216 Spitamene
1115 2119 1246 2192 saltum
1272 2118 1455 2191 circumire

217 2231 333 2302 iussos
359 2229 492 2326 pariter
518 2239 556 2300 et
581 2254 604 2301 a
629 2229 812 2320 lateribus,
848 2218 885 2301 et
910 2253 933 2302 a
957 2230 1086 2320 fronte,
1118 2240 1155 2302 et
1181 2253 1203 2302 a
1229 2239 1332 2326 tergo
1358 2229 1454 2301 hosti

218 2338 384 2412 ostendit
435 2335 668 2412 Menedemus
695 2339 851 2436 undique
877 2339 1043 2432 inclusus,
1069 2365 1115 2412 ne
1132 2357 1282 2414 numero
1309 2339 1453 2437 quidem
1471 2359 1505 2407 sc

218 2475 302 2550 par,
345 2447 406 2522 diu
438 2459 558 2522 tamen
593 2450 744 2542 resistit,
780 2450 983 2543 clamitans,
1017 2451 1106 2523 nihil
1138 2449 1235 2523 aliud
1267 2472 1453 2548 superesse

219 2561 380 2634 locorum
410 2559 536 2632 fraude
572 2558 748 2659 deceptis,
783 2585 892 2659 quarn
924 2561 1098 2634 honestae
1131 2560 1257 2635 mortis
1288 2559 1454 2634 solatium

219 2695 266 2744 ex
291 2669 449 2744 hostium
474 2669 592 2744 caede.
644 2670 766 2769 Ipsum
792 2671 1003 2771 praevalens
1036 2696 1148 2768 equus
1173 2671 1347 2767 vehebat,
1382 2695 1452 2769 quo
1471 2688 1505 2737 ss

218 2783 359 2881 saepius
386 2781 422 2853 in
449 2806 581 2855 cuneos
603 2781 839 2855 barbarorum
856 2783 977 2856 effusis
994 2782 1142 2857 habenis
1161 2792 1306 2857 evectus
1323 2803 1454 2880 magna

218 2905 338 2992 strage
364 2916 426 2966 eos
453 2892 604 2966 fuderat.
658 2890 731 2968 Sed
757 2919 838 2968 cum
861 2919 973 2967 unum
990 2919 1114 2968 omncs
1131 2901 1305 2992 peterent,
1331 2893 1452 2966 multis
1471 2910 1505 2959 ιι

218 3003 425 3078 vulneribus
453 3004 645 3102 exsanguis
671 3001 872 3104 Hypsidem
898 3003 1077 3102 quendam
1104 3021 1151 3078 ex
1183 3005 1303 3078 amicis
1334 3006 1453 3080 horta·

216 3126 276 3190 tus
303 3125 368 3206 est,
394 3113 494 3188 utin
519 3139 650 3212 equum
677 3140 782 3188 suum
807 3113 1026 3208 ascenderet,
1053 3125 1091 3189 et
1115 3141 1153 3190 se
1179 3117 1266 3214 fuga
1290 3116 1453 3215 eriperet.

217 3223 316 3302 Haec
342 3237 508 3323 agentern
534 3227 652 3300 anima
678 3224 822 3317 defecit,
860 3249 1059 3325 corpusque
1094 3252 1141 3301 ex
1173 3252 1266 3325 equo
1300 3222 1453 3300 defluxit

217 3338 254 3410 in
280 3348 422 3410 terram.
474 3333 656 3435 Hypsicles
681 3347 825 3435 poterat
851 3337 993 3435 quidem
1020 3337 1193 3436 effugere,
1230 3336 1295 3412 sed
1320 3337 1452 3410 amisso
1471 3355 1504 3404 sc

207 3571 305 3639 'aridio
332 3571 363 3624 id
387 3567 460 3622 aleae
483 3569 536 3623 sthi
556 3570 594 3624 ed
616 3563 728 3640 pieriam
756 3585 817 3623 con·
850 3569 932 3626 libris.
968 3573 1063 3644 Itaque
1084 3571 1197 3626 sonasse
1220 3571 1286 3627 haec
1303 3589 1363 3626 cum
1380 3570 1453 3644 prio-

215 3640 400 3719 ccdere'dcoc.
422 3636 585 3759 ¹hlcsdqgius
607 3637 635 3719 in
660 3635 754 3692 litteris
766 3638 815 3720 'ad
848 3639 921 3694 ribus
937 3639 975 3694 ita
992 3641 1188 3711 coniungenda,
1214 3649 1246 3694 ut
1267 3639 1356 3696 turbat
1372 3637 1453 3694 con-i-

214 3723 256 3761 me
265 3707 334 3760 detis
349 3707 473 3776 (dimicat)
486 3707 512 3759 Τ
547 3725 564 3760 a
581 3707 631 3760 aibr
649 3709 687 3760 ed
701 3709 815 3776 pionem
848 3717 935 3779 gutur.

537 3725 545 3759 ι

215 3777 353 3829 concedere
370 3776 430 3828 deos
447 3774 592 3845 proposuit.
884 3779 907 3858 ᾗ.
925 3783 967 3832 34,
1003 3779 1049 3830 diu
1075 3785 1160 3831 tomen
1180 3778 1288 3831 resistit.
1321 3775 1454 3846 vulgares

250 3845 273 3912 ξ.
296 3849 337 3897 29.
377 3843 535 3912 consultanti
566 3845 635 3897 indc.
676 3841 760 3898 codd
787 3851 816 3896 et
849 3845 926 3898 editt.
943 3848 1048 3912 restitit,
1069 3861 1119 3898 nos
1137 3843 1287 3899 Mediums
1322 3845 1408 3898 uimur
1425 3851 1453 3897 et

215 3913 274 3966 edd
301 3909 429 3983 principes
454 3913 531 3978 miti,
558 3911 641 3965 Aldus
667 3919 695 3965 et
720 3910 815 3983 reliqui
850 3913 925 3967 codd.
941 3913 1074 3980 meliores,
1092 3911 1166 3968 Leid.
1184 3913 1293 3967 Vosal
1336 3911 1384 3967 lor.
1401 3911 1452 3965 AB

215 3981 308 4034 deinde
339 3979 480 4046 dederunt,
512 3997 580 4033 unus
605 3978 676 4033 Flor.
698 3980 722 4033 E
744 3983 815 4048 inde,
849 3983 931 4038 Bcru.
949 3983 974 4035 Δ
994 3999 1054 4035 eum
1071 3981 1128 4034 aliis
1145 3981 1284 4035 nonnullis.

217 4049 287 4119 quod
305 4063 391 4101 merae
409 4045 574 4101 coniecturae
589 4047 815 4119 ridebaturprac-
885 4069 908 4134 §-
926 4073 968 4120 gg
1003 4067 1149 4135 Hypsidem
1190 4069 1309 4120 vendam,
1344 4064 1388 4120 350
1404 4063 1454 4118 Al,

215 4125 293 4170 m·
506 4161 509 4167 ,
849 4133 899 4188 dus
916 4134 1015 4206 primus
1033 4133 1125 4202 edidit,
1144 4086 1191 4188 sed
1208 4135 1357 4204 Hrpsidem,
1380 4133 1453 4204 prio·

250 4200 315 4272 Cap.
333 4207 380 4266 82,
399 4201 421 4268 ξ.
437 4205 478 4254 31.
513 4219 565 4270 quc
591 4211 724 4256 venturum
750 4203 816 4256 scie·
849 4218 892 4255 res
912 4203 1058 4272 conpetens
1077 4206 1215 4273 quendam,
1232 4211 1263 4255 ut
1274 4211 1314 4256 eet
1328 4201 1356 4255 in
1375 4201 1453 4256 codd.

216 4269 267 4324 bct.
297 4271 355 4332 Qua
374 4269 560 4322 emendaverat
576 4267 719 4338 Acidalids,
738 4269 815 4324 codd.
849 4270 983 4341 plerisque
1000 4268 1129 4337 omnibus,
1147 4271 1200 4326 duo
1216 4267 1334 4324 morsi
1351 4277 1379 4323 et
1393 4269 1453 4324 Pul.

215 4345 243 4392 et
260 4336 383 4408 antiquae
400 4335 528 4390 editiones
546 4353 627 4406 quens
852 4347 863 4391 1
883 4341 1054 4420 suspiciant
1090 4341 1171 4393 sidem
1185 4341 1322 4408 quendem.
1345 4337 1451 4407 int-ti

249 4411 272 4474 ξ.
289 4412 331 4461 88.
361 4421 417 4474 par
434 4407 572 4485 lominum:
594 4403 684 4486 Vulgo
696 4415 815 4485 pcr'cct,
849 4405 895 4486 ily
927 4409 982 4461 edes
1000 4415 1047 4459 ant
1084 4409 1182 4476 ispides
1195 4416 1245 4472 est,
1263 4407 1310 4460 sed
1319 4407 1453 4477 Hypsicles

215 4477 261 4530 sed
287 4484 325 4529 cst
351 4475 426 4528 abest
451 4473 486 4527 ab
512 4482 619 4544 optimis
645 4481 673 4528 et
697 4473 815 4544 plurimrs
849 4493 878 4528 ιιι
895 4425 969 4528 dein.
987 4475 1068 4530 Bern.
1086 4475 1112 4527 A
1129 4475 1200 4530 Flor.
1217 4475 1289 4528 AFI.
