3254 5292
233 365 281 436 76
704 385 738 449 o.
766 385 890 437 cusan
915 385 1001 436 aum

130 647 134 653 ,
231 566 478 668 magnitudine
502 567 625 657 molis,
652 567 752 640 cuius
778 545 1039 640 incrementum
1064 591 1127 639 eos
1155 576 1263 639 antea
1288 567 1471 661 fefellerat,

231 687 440 776 conspecta,
474 677 614 752 levibus
654 675 806 775 navigiis
845 676 1007 750 nondum
1034 677 1262 749 commissum
1288 701 1380 775 opus
1407 680 1470 752 eir·

231 789 364 862 cumire
397 797 614 885 coeperunt,
652 787 846 861 missilibus
887 811 1028 884 quoque
1062 811 1143 875 eos,
1183 787 1243 882 qui
1270 813 1336 885 pro
1362 813 1472 887 opere

231 898 386 990 stabant,
412 900 599 971 incessere.
651 895 774 970 Multis
802 921 888 996 ergo
914 898 1059 995 impune
1085 898 1300 988 vulneratis,
1327 921 1408 971 curn
1434 909 1471 972 et
1488 915 1520 964 22

229 1033 416 1103 remouere
442 1017 480 1081 et
504 1007 683 1105 appellere
709 1007 860 1104 scaphas
886 1009 924 1080 in
950 1006 1121 1105 expedito
1147 1015 1253 1097 esset,
1274 1007 1322 1080 ad
1348 1033 1471 1081 curam

231 1127 345 1191 semet
376 1118 474 1215 ipsos
506 1116 631 1192 tuendi
656 1117 702 1190 ab
729 1141 838 1216 opere
864 1128 1132 1192 converterunt:
1168 1127 1205 1189 22
1230 1141 1301 1213 quo
1326 1118 1470 1217 longius

229 1229 343 1300 moles
375 1227 548 1325 agebatur
583 1253 606 1300 a
630 1228 750 1319 litore,
785 1228 854 1303 hoc
887 1229 1001 1326 magis
1037 1226 1205 1325 quicquid
1239 1228 1470 1326 ingerebatur

230 1338 431 1435 praealtum
465 1337 683 1411 absorbebat
708 1362 816 1411 mare.
868 1337 983 1437 Igitur
1007 1363 1075 1411 rex
1101 1337 1352 1442 munientibus·
1371 1339 1468 1410 coria
1484 1365 1516 1413 22

228 1448 380 1544 velaque
405 1448 510 1520 iussit
535 1447 698 1538 obtendi,
733 1459 774 1521 ut
799 1459 906 1532 extra
939 1449 1001 1521 teli
1026 1449 1160 1521 iactum
1186 1459 1322 1522 essent:
1363 1447 1466 1520 duas·

228 1582 298 1652 que
332 1568 450 1630 turres
485 1583 532 1631 ex
564 1559 680 1655 capite
712 1559 816 1630 molis
843 1559 972 1648 erexit,
1005 1559 1180 1655 equibus
1207 1559 1244 1632 in
1271 1557 1471 1632 subeuntes

228 1668 380 1766 scaphas
414 1670 487 1742 tela
520 1669 633 1767 ingeri
667 1679 826 1765 possent.
880 1667 1016 1743 Contra
1040 1668 1140 1768 Tyrii
1171 1670 1317 1770 nauigia
1341 1670 1467 1766 procul
1484 1687 1517 1736 24

229 1789 472 1876 aconspeetu
496 1779 654 1851 hostium
680 1779 775 1850 litori
801 1779 996 1876 appellunt,
1015 1778 1259 1876 expositisque
1285 1774 1468 1868 militibus,

230 1911 309 1978 eos,
345 1888 405 1985 qui
437 1913 528 1962 saxa
558 1889 765 1987 gestabant,
800 1888 1027 1961 obtnmcsnt.
1092 1887 1135 1960 In
1159 1887 1310 1962 Libano
1325 1911 1468 1986 quoque

228 1996 391 2070 Arabum
422 2009 582 2098 agrestes
621 1997 876 2096 incompositos
902 1997 1119 2073 Macedonas
1146 1998 1279 2088 adorti,
1319 1999 1468 2097 triginta

227 2211 323 2266 mirum
340 2229 403 2266 sane
420 2215 622 2268 admovebantur
639 2211 692 2283 legi
709 2213 737 2267 in
753 2213 828 2267 Laid.
862 2215 932 2268 lene
952 2215 1071 2282 videtin,
1086 2213 1126 2268 'si
1150 2213 1252 2284 cogites
1274 2221 1353 2268 22222
1376 2213 1465 2284 plures

227 2280 303 2334 Voss.
324 2288 336 2333 1
356 2280 436 2333 Beni.
455 2282 481 2334 A
493 2280 569 2334 Flor.
587 2281 673 2334 ABD.
863 2283 981 2337 homines
998 2283 1026 2336 in
1044 2299 1141 2354 aggere
1151 2281 1343 2353 comportando
1352 2299 1464 2352 occupa-

261 2349 497 2470 unteuqellerat]
521 2346 612 2418 Vulgo
631 2347 723 2414 (etism
739 2347 828 2417 Mod.)
863 2358 905 2406 tos
923 2351 1010 2405 fuisse.
1425 2381 1434 2394 ·

227 2425 326 2482 antas
378 2415 481 2486 plenior
498 2416 582 2469 forma
599 2414 709 2468 inLeid.
719 2423 748 2468 et
757 2414 828 2468 Flor.
897 2421 921 2487 5.
939 2427 981 2474 23.
1016 2421 1099 2488 igitur
1116 2435 1162 2471 rea
1179 2418 1365 2487 munientibus]
1387 2417 1464 2471 Haec

227 2483 348 2537 omnibus
365 2492 471 2555 praeter
488 2483 539 2538 GH
555 2483 673 2554 itemque
690 2483 718 2536 in
734 2483 828 2553 fragm
862 2495 904 2540 est
934 2486 1069 2540 2221221222
1095 2484 1222 2540 Gronorii
1252 2483 1416 2548 emendatio,
1447 2503 1465 2538 2

226 2551 343 2605 Dsnnst
361 2560 410 2605 est.
445 2551 489 2604 Ex
510 2552 588 2606 Voss.
612 2558 624 2603 1
649 2559 677 2604 22
699 2549 827 2604 Beruensi
861 2553 1040 2608 Freinshsmio
1070 2561 1195 2624 recepta,
1227 2569 1287 2606 cum
1318 2550 1463 2622 antiquitus

227 2617 827 2691 Bnihilsvulg.seriptursdiversumnoutur.
862 2621 927 2676 editi
959 2623 1089 2676 haberent
1115 2624 1151 2702 ip.
1178 2639 1209 2675 ca
1235 2623 1370 2687 iunustis,
1403 2619 1463 2673 libri

261 2688 405 2740 missilibus
424 2704 522 2758 quoque
540 2689 595 2807 aeq]
620 2687 684 2740 Non
700 2687 827 2757 putabam
863 2698 952 2744 sutem
985 2708 1045 2744 mss.
1076 2690 1195 2744 meliores
1222 2707 1254 2742 ea
1279 2689 1463 2754 munientibus,

228 2753 292 2807 ferri
308 2771 386 2824 posse
404 2755 474 2826 quod
488 2755 567 2876 vulfio
586 2756 827 2835 egiturniissitibm
862 2757 1006 2812 (1222212222
1029 2775 1060 2811 es
1082 2759 1258 2811 aninentibus.
1295 2755 1402 2811 Medias
1419 2773 1464 2810 vo·

228 2839 271 2876 eas
289 2840 403 2892 quoque,
428 2840 481 2893 qua
498 2841 530 2877 co
550 2831 669 2878 22222222
686 2823 827 2876 verborum
862 2825 1034 2879 2222122222
1052 2825 1164 2893 abiecit,
1182 2825 1229 2878 sed
1245 2824 1337 2880 melius
1358 2823 1463 2879 Grono-

227 2899 351 2944 acoentus
367 2889 484 2945 iniieitur
500 2891 527 2944 in
545 2908 688 2962 pronomen
723 2891 778 2944 uod
789 2891 827 2944 12·
860 2893 918 2947 vius
936 2893 1080 2964 duplicavit
1097 2902 1243 2947 extremam
1259 2892 1364 2946 literam
1381 2911 1404 2945 r.

227 2967 285 3013 tere
302 2959 390 3014 debet.
426 2959 580 3030 Opponitur
601 2959 640 3012 illi
660 2909 732 3031 quob
749 2975 827 3042 prae-
895 2971 969 3016 extra
987 2963 1032 3015 teli
1048 2962 1157 3031 iactum]
1192 2959 1353 3015 Auctonbru
1370 2957 1401 3012 Li
1422 2958 1461 3013 sio

227 3027 298 3081 eedit
315 3030 452 3081 circumire
468 3039 605 3098 cooperient
622 3030 672 3082 hoc
682 3029 827 3082 missilibus
860 3027 975 3084 Polione.
992 3044 1026 3096 v,
1051 3036 1066 3084 9
1085 3037 1113 3082 22
1129 3027 1250 3083 Acidalio
1266 3047 1337 3083 nune
1355 2977 1462 3098 quiem

226 3097 362 3150 incessere.
397 3095 494 3166 Itaque
517 3105 564 3150 aut
582 3098 710 3151 incessere
727 3111 826 3165 quoque
859 3097 948 3151 editur
974 3107 1048 3150 extra
1075 3097 1120 3150 teli
1149 3099 1226 3151 ictum
1257 3105 1351 3152 222222
1380 3095 1461 3150 libros

225 3171 273 3216 sut
289 3165 432 3217 missilibus
456 3181 556 3233 quoque
578 3164 825 3284 auiunqqmpoterat,
859 3181 959 3232 omues,
979 3173 1052 3220 certe
1069 3173 1180 3220 nostros.
1216 3163 1321 3220 Volunt
1337 3164 1407 3218 enim
1425 3163 1462 3218 sie

225 3239 307 3300 atque
323 3231 375 3284 hoo
392 3231 479 3300 ipsum
495 3231 520 3283 12
541 3231 594 3284 'tur
610 3231 687 3285 exo'
723 3231 825 3286 22112222
859 3232 930 3287 inter
947 3234 1043 3286 iactum
1056 3240 1084 3286 et
1094 3235 1170 3286 ictum
1184 3231 1319 3302 distingui,
1334 3234 1461 3286 utiactus

224 3296 253 3349 in
280 3299 338 3350 cod.
363 3297 479 3363 Fauch.,
530 3315 545 3350 e
577 3299 673 3352 nostris
698 3299 726 3351 in
751 3298 823 3352 Flor.
859 3300 894 3354 sit
909 3317 1047 3371 quousque
1061 3300 1116 3354 tela
1124 3299 1283 3370 pertineant,
1291 3303 1357 3354 ictus
1392 3300 1461 3353 uoad

223 3362 323 3417 DFGI.
358 3364 442 3417 Iidem
459 3366 535 3418 oodd.
553 3365 700 3419 Florentini
717 3377 825 3436 praeter
858 3367 911 3422 vim
929 3386 1002 3422 22222
1019 3367 1172 3421 vulnerandi
1190 3367 1339 3420 exhibeant.
1393 3383 1460 3436 eque

225 3429 252 3484 G
277 3439 305 3485 22
327 3447 361 3484 ex
383 3431 446 3486 olim
472 3432 574 3486 eollatis
595 3431 653 3486 Pal.
673 3440 685 3485 1
705 3435 824 3486 inuasere
859 3452 909 3506 ego
926 3435 1036 3490 dixerim
1054 3453 1150 3490 vanum
1166 3451 1223 3488 esse
1236 3435 1352 3506 ipsorum
1365 3435 1459 3488 verbo-

223 3499 325 3552 habent
407 3502 543 3567 incessere,
563 3502 635 3572 quod
651 3508 744 3553 natum
752 3500 824 3553 vide·
858 3522 918 3557 rum
941 3503 1094 3572 discrimen,
1120 3511 1249 3574 quatenus
1271 3501 1379 3556 alterius
1400 3511 1459 3572 ety-

224 3573 270 3620 tur
286 3583 321 3619 ex
338 3517 405 3620 lilia
422 3567 644 3647 interpretatione
660 3585 760 3636 eorum,
779 3569 824 3640 qui
858 3589 921 3626 mon
938 3573 1032 3640 iacere,
1051 3571 1158 3626 alterius
1176 3573 1243 3625 icere
1260 3579 1310 3636 est,
1328 3567 1374 3623 sed
1389 3587 1459 3640 nego

224 3637 353 3688 incessere
370 3643 479 3690 tertium
493 3637 747 3709 periectiputsmnt,
765 3654 825 3690 eum
859 3639 956 3694 servari
975 3657 1050 3710 posse
1067 3639 1113 3694 ubi
1131 3639 1190 3710 quis
1207 3649 1282 3692 extra
1300 3639 1345 3691 teli
1362 3641 1459 3692 iactum

223 3701 258 3756 sit
275 3701 425 3758 infinitivus.
860 3707 1034 3761 coniunxerit.
1063 3707 1135 3761 Nam
1152 3707 1206 3761 sive
1223 3706 1326 3786 longius
1343 3715 1459 3762 remotus

224 3773 383 3893 212321
392 3773 823 3895 922Ἢωῖ11ἵέ111.Ἧέἐῖ
858 3774 1071 3897 212222
1088 3775 1459 3896 dttltt'sfflltltit

222 3913 312 3974 retur,
331 3909 373 3976 Ι22
400 3909 471 3962 Aldo
496 3859 609 3980 peilam
638 3908 718 3980 paulo
743 3925 824 3979 supra
858 3882 913 3964 Sed
929 3909 990 3964 libri
1006 3861 1205 3978 sammullam
1222 3927 1245 3964 2.
1265 3859 1405 3979 ΙΒΡῗὶνοαιὶ
1422 3917 1458 3960 te-

222 3982 285 4045 post
301 3976 383 4028 rerba
400 3979 513 4030 nondum
539 3988 625 4031 tamen
642 3993 728 4046 aquae
735 3978 823 4046 sasti-
858 3979 879 4032 li
891 3980 963 4032 iactu
980 3995 1070 4032 omnes
1088 3977 1258 4032 consentiunt
1278 3993 1369 4030 verum
1391 3991 1457 4043 esse,

220 4043 293 4111 pium
323 4045 452 4122 aequabat
481 4045 639 4098 collocatum
671 4053 721 4097 est.
763 4043 823 4113 Ego
857 4051 886 4099 et
903 4053 992 4099 tamen
1009 4046 1103 4118 optimi
1120 4046 1181 4100 libri
1202 4061 1233 4100 22
1257 4045 1315 4099 1222
1337 4048 1389 4098 ictu
1410 4045 1458 4096 22-

223 4127 275 4164 non
309 4111 420 4164 22222221
452 4121 554 4167 eeteros
583 4113 697 4166 22122222
725 4112 824 4165 12222
857 4115 930 4167 bant.
964 4114 1067 4168 Ceteris
1089 4122 1178 4167 sutem
1202 4113 1265 4168 locis
1282 4113 1310 4166 in
1327 4111 1378 4165 hae
1395 4129 1458 4166 eon·

178 4209 179 4212 =
222 4177 470 4248 transpositionem
491 4181 531 4248 ui,
549 4197 619 4247 nam,
638 4180 749 4233 sirecte
766 4179 822 4231 ani-
856 4181 990 4236 iunctione
1006 4183 1147 4236 verborum
1161 4179 1359 4234 sinererietsts
1373 4181 1458 4234 incisu

222 4245 403 4313 madverteris,
423 4263 455 4300 ne
471 4198 518 4302 illo
536 4248 642 4318 quidem
660 4247 821 4301 122222122-
856 4247 966 4320 legitur:
984 4261 1058 4303 extra
1077 4252 1121 4302 teli
1138 4251 1234 4303 iactum
1252 4263 1294 4316 111,
1305 4255 1352 4316 253
1371 4253 1458 4315 v,10;

222 4320 307 4366 teram
328 4315 549 4369 constructionem
579 4323 641 4386 apte
672 4315 738 4382 ooit,
770 4314 822 4368 1222
855 4325 1055 4386 v,12;v1‚r.

222 4389 312 4435 autem
328 4390 401 4435 certe
418 4384 558 4437 verborum
571 4382 721 4438 coniunctio
735 4399 821 4454 gram
890 4389 913 4454 5.
935 4393 976 4439 22.
994 4387 1176 4455 incompositos
1184 4384 1348 4438 Macedonas
1357 4383 1456 4449 admei]

221 4449 318 4505 metica
340 4451 466 4522 quadrat,
484 4467 579 4524 ¹neque
606 4450 736 4506 sententia
767 4467 822 4506 nou
854 4452 945 4524 Vulgo
962 4452 1034 4507 'editi
1055 4455 1189 4523 aggressi,
1213 4452 1284 4524 quod
1301 4467 1335 4506 ne
1351 4448 1379 4503 in
1403 4465 1457 4504 uno

10 4634 470 5096 ‘s
