3270 5290
210 358 283 430 252
682 375 715 438 Q.
744 373 868 426 curru
894 373 980 424 amu

211 557 293 649 Sed,
320 558 457 656 opinor,
482 558 602 632 liberis
628 557 783 655 pretium
809 556 991 631 servitutis
1017 557 1199 654 ingratum
1224 568 1289 630 est
1337 558 1453 658 Igitur
1471 581 1504 630 12

208 695 254 742 ne
279 669 316 740 in
344 668 554 743 seditionem
579 693 638 743 res
663 675 881 757 verteretur,
908 665 1021 738 otium
1046 665 1348 764 interpellandum
1372 681 1454 745 erat
1623 756 1624 770 χ

209 781 319 870 belle,
354 779 454 852 cuius
480 779 630 852 materia
664 790 867 876 opportune
894 775 1066 849 alebatur.
1118 775 1281 875 Namque
1305 778 1451 874 Bessus,
1471 770 1505 850 ra
1623 779 1624 872 l

209 901 311 964 veste
336 889 436 986 regia
462 898 623 986 sumpta,
649 888 882 962 Artaxerxen
908 885 1081 984 appellari
1106 911 1146 960 se
1170 887 1336 981 iusserat,
1362 885 1449 992 Scy·

209 1000 362 1096 thasque
387 1009 425 1072 et
450 1010 588 1073 ceteros
615 997 745 1072 'lanais
771 999 910 1072 accolas
938 996 1183 1070 conumebar.
1234 997 1334 1073 Haeo
1359 997 1450 1075 Sati·

210 1112 383 1184 barzanes
409 1109 609 1199 nuntiabat,
635 1133 742 1206 quem
767 1118 952 1207 receptum
977 1108 1014 1179 in
1040 1106 1149 1182 fidem
1175 1109 1321 1208 regioni,
1342 1135 1450 1208 quam

209 1233 316 1294 antea
342 1220 562 1310 obtinuerat,
595 1220 775 1317 praefecit.
826 1217 982 1292 Etcum
1013 1243 1125 1318 grave
1152 1219 1273 1317 spoliis
1299 1242 1502 1320 appara-14

208 1344 318 1428 tuque
343 1331 506 1403 luxmiac
532 1355 661 1430 agmen
687 1329 751 1402 vix
775 1339 992 1418 moveretur,
1019 1353 1103 1402 suas
1129 1330 1293 1426 primum,
1320 1330 1450 1406 deiude

209 1442 319 1514 totius
355 1441 533 1514 exercitus
572 1440 747 1529 sarcinas,
791 1440 951 1538 exceptis
996 1439 1191 1513 admodum
1231 1442 1450 1534 necessariis,

209 1550 360 1624 conferri
386 1550 490 1624 iussit
515 1551 552 1623 in
570 1547 745 1624 medium.
780 1547 952 1623 Planities
979 1551 1139 1648 spatiosa
1164 1561 1252 1642 erat,
1278 1552 1315 1624 in
1342 1577 1449 1650 quam
1468 1571 1501 1619 15

209 1659 373 1733 vehicula
399 1669 531 1733 onusta
555 1659 810 1758 perduxerant.
862 1659 1147 1757 Expectantibus
1174 1662 1327 1752 cunctis,
1363 1663 1449 1760 quid

208 1768 338 1845 deinde
370 1781 466 1845 esset
495 1772 751 1869 imperatruus,
790 1770 950 1844 iumenta
982 1771 1087 1844 iussit
1118 1769 1263 1861 abduci,
1305 1773 1450 1870 suisque

208 1882 363 1980 primum
398 1880 545 1978 sarcinis
587 1881 665 1954 face
700 1879 858 1971 subdita,
900 1891 1038 1954 ceteras
1076 1880 1217 1954 incendi
1256 1884 1448 1981 praecepit.

207 1990 428 2090 Plagrabant
463 1991 697 2065 exurentibus
729 1989 899 2080 dominis,
934 2015 1026 2087 quae
1052 2001 1094 2064 ut
1119 1991 1255 2065 intacta
1280 2018 1328 2066 ex
1353 1994 1447 2066 urbi·
1466 2013 1499 2062 1c

208 2102 276 2175 bus
310 2101 468 2174 hostium
502 2112 685 2198 raperent,
722 2125 829 2199 saepe
860 2101 1022 2174 flammas
1057 2102 1314 2192 restinxeraut,
1349 2095 1447 2176 u'ullo

209 2211 390 2310 sanguinis
422 2211 577 2308 pretium
609 2210 764 2284 audente
800 2211 947 2302 deflere,
981 2236 1063 2284 cum
1095 2213 1213 2310 regias
1240 2237 1327 2311 opes
1352 2212 1450 2286 idem

209 2321 299 2418 ignis
336 2332 512 2394 exureret.
576 2319 703 2394 Brevis
742 2319 870 2396 deinde
909 2321 1023 2394 oratio
1057 2322 1236 2420 mitigavit
1274 2323 1498 2416 dolorem,1r

208 2432 416 2529 habilesque
442 2431 587 2504 militiae
615 2441 651 2504 et
677 2430 724 2503 ad
750 2432 869 2504 omnia
894 2431 1010 2528 parati
1036 2432 1273 2523 laetabantur,
1296 2434 1450 2508 sarcina·

208 2568 289 2616 rum
314 2541 445 2639 potius,
472 2565 580 2639 quam
606 2539 828 2638 disciplinae,
854 2541 980 2614 fecisse
1006 2541 1189 2616 iacturam.
1241 2541 1355 2641 Igitur
1379 2543 1447 2618 Ba·
1465 2563 1500 2612 rs

211 2654 384 2726 ctriauam
409 2651 592 2750 regionem
617 2651 799 2748 petebant.
1439 2719 1443 2736 ,

160 2766 207 2836 22
308 2758 386 2852 δρᾶ
410 2759 581 2853 Nicanor,
614 2759 859 2834 Parmenionis
885 2760 994 2851 filius,
1034 2761 1154 2834 subita
1191 2773 1308 2836 morte
1334 2787 1448 2837 corre·

209 2886 303 2972 ptus,
343 2897 473 2970 magno
493 2965 494 2968 Ἴ
513 2870 689 2946 desiderio
716 2871 771 2944 sui
798 2873 966 2944 affecerat
1005 2882 1162 2944 cunctos.
1227 2871 1323 2963 Rex,
1363 2884 1448 2947 ante
1467 2893 1500 2942 19

210 3008 333 3057 omnes
359 2993 528 3072 maestus,
543 2982 709 3082 cupiebat
736 2979 879 3077 quidem
905 2979 1099 3054 subsistere
1125 2981 1240 3054 luueri
1261 2983 1450 3075 affirturus,

211 3094 274 3167 sed
300 3095 451 3192 penuria
476 3104 740 3165 commeatuum
765 3091 934 3164 festinare
966 3091 1127 3188 cogebat.
1178 3091 1304 3190 Itaque
1331 3092 1449 3166 Philo·

210 3216 266 3277 tas
294 3229 376 3275 cum
401 3202 542 3275 duobus
568 3203 710 3274 milibus
737 3210 774 3274 et
799 3221 849 3274 Dc
875 3202 1031 3293 relictus,
1057 3211 1099 3273 ut
1124 3200 1218 3275 iusta
1243 3204 1345 3277 fratri
1370 3229 1449 3302 per-

214 3313 385 3387 solveret:
411 3313 488 3408 ipse
516 3310 700 3383 contendit
726 3308 773 3381 ad
798 3308 958 3383 Bessum.

245 3565 270 3628 s.
298 3565 338 3613 12.
390 3561 468 3614 otium
506 3560 722 3628 interpellandam
756 3568 813 3612 erat
847 3557 912 3610 nihil
938 3574 1019 3638 quem
1042 3560 1188 3631 vulgatum.
1223 3560 1309 3616 Paulo
1420 3562 1449 3616 iu

212 3630 286 3696 bello]
326 3626 397 3680 Edit.
455 3627 503 3682 'uc
528 3628 579 3680 otio
602 3627 729 3695 interpell.
756 3636 813 3679 eret
848 3626 926 3679 codd.
953 3633 1016 3680 rtem
1042 3629 1161 3684 omuibus
1193 3639 1301 3700 praeter
1349 3631 1396 3685 lor.
1423 3629 1451 3685 G

212 3699 319 3763 bellom,
337 3695 415 3750 Mem
460 3697 511 3750 otio
529 3697 738 3764 interpolandton
756 3704 812 3747 erut
847 3695 876 3747 in
893 3711 946 3764 quo
963 3694 1128 3766 negligenter
1153 3715 1203 3768 pro
1228 3700 1256 3751 in
1282 3716 1360 3769 quom
1386 3699 1449 3754 scri·

212 3767 316 3832 tellam,
339 3763 422 3819 Aldus
449 3763 547 3835 primus
572 3763 645 3834 quod
667 3761 761 3816 deinde
778 3762 812 3815 ab
847 3771 932 3832 ptum.

212 3832 333 3886 omnibus
350 3841 529 3904 propagatum
551 3839 606 3898 est,
634 3833 714 3885 ollam
731 3832 812 3884 inter·
882 3830 1251 3901 §.17.breolsdelndeorulio]
1270 3832 1366 3887 Primis
1381 3839 1449 3887 tem·

207 3903 361 3970 pollentinos
384 3912 441 3954 eret
467 3903 539 3954 bello.
585 3900 695 3954 Codices
717 3898 813 3952 mirum
846 3898 954 3968 poribus
971 3898 1099 3953 edebatur
1116 3901 1199 3954 berla
1210 3903 1450 3969 camerariam·

211 3976 251 4021 est
269 3975 367 4037 quanta
384 3968 534 4022 constantia
556 3968 687 4022 retineant
710 3969 812 4034 bellum,
846 3983 896 4020 uec
917 3966 1009 4020 Iunius
1033 3967 1107 4022 dedit
1132 3969 1216 4022 breme
1238 3971 1332 4024 delude
1355 3973 1448 4024 motio.

212 4035 303 4106 optimi
320 4036 358 4090 ita
374 4044 404 4089 ut
421 4036 497 4089 simul
514 4035 594 4089 etiam
609 4038 688 4090 otiam
697 4043 812 4103 servent,
847 4033 901 4088 Sed
918 4051 1010 4088 rernm
1036 4037 1169 4107 estquod
1194 4035 1301 4091 Medius
1327 4046 1447 4107 annotat,

211 4103 355 4158 deteriores
372 4112 403 4156 ut
421 4105 496 4158 ocius
511 4104 636 4157 scnbant.
656 4103 731 4159 Unus
740 4103 812 4157 Flor.
845 4101 989 4174 inoptimis
1007 4103 1083 4158 codd.
1095 4120 1152 4158 eam
1170 4106 1240 4159 breta
1257 4107 1351 4160 dende
1368 4109 1447 4174 rollo,

212 4171 238 4227 G
271 4171 385 4225 Aldinae
406 4171 511 4226 lectioni
536 4172 624 4239 favet,
641 4189 657 4224 a
674 4189 727 4242 que
744 4170 813 4224 diffi·
848 4172 893 4224 sed
911 4172 995 4226 brevis
1022 4178 1110 4225 umen
1127 4181 1168 4226 est
1185 4173 1212 4226 in
1230 4173 1301 4228 Flor.
1319 4173 1352 4242 G,
1370 4176 1448 4228 loro·

211 4240 260 4295 cile
277 4248 319 4294 est
336 4240 476 4294 discedere.
848 4239 928 4293 ticin
945 4238 1080 4304 leidensi,
1108 4249 1136 4294 et
1161 4241 1231 4312 quod
1255 4259 1290 4294 ru
1361 4242 1449 4296 editur

246 4312 269 4377 §.
297 4315 338 4361 14.
379 4309 493 4378 aufferri
525 4309 602 4362 iussit
634 4309 663 4360 in
689 4308 812 4378 medium]
847 4306 874 4360 iu
891 4307 962 4361 Flor.
981 4307 1097 4362 DEFHI
1113 4309 1194 4362 Beru.
1212 4310 1245 4363 B.
1308 4328 1357 4364 nus
1376 4310 1447 4364 Plor.

184 4393 189 4404 ·
213 4377 297 4431 Godd.
320 4391 410 4430 omnes
432 4383 539 4446 praeter
562 4375 633 4430 Flor.
652 4374 679 4428 G
704 4375 813 4444 referre.
848 4373 873 4429 G
892 4377 963 4430 brevi
981 4377 1073 4432 deinde
1091 4378 1193 4432 ratione
1210 4380 1354 4449 mitigabat.

211 4441 303 4500 Voluit
310 4442 435 4498 Heinsius
450 4445 558 4515 deferri,
577 4445 622 4498 sed
640 4442 726 4514 aptius
743 4452 814 4498 certe
