3214 5288
659 397 878 450 rasurarro.
1081 367 1082 372 ’
1326 400 1380 451 xv

146 605 225 654 ram
253 581 319 655 sub
346 581 488 656 nomine
514 581 609 654 Patr.
636 579 794 655 Danielis
820 591 1028 680 excerptam
1060 581 1129 680 legi
1161 582 1197 654 in
1224 581 1379 656 editione

145 707 444 782 Freinshemiana.
496 709 623 784 Altera
648 710 770 783 classis
797 720 853 783 est
877 710 1050 783 librorum
1075 719 1317 782 correctorum
1343 719 1379 782 et

147 847 412 935 corruptorum,
447 863 536 936 quos
567 839 604 911 in
629 838 837 912 universum
868 835 1063 912 deteriores
1089 837 1200 911 libros
1227 836 1378 935 appello.

147 961 218 1038 Sed
245 991 288 1039 ea
312 965 540 1065 interpolatio
565 967 632 1040 hos
658 967 760 1064 quasi
786 965 920 1066 gradus
946 966 1072 1056 habet,
1104 976 1146 1038 ut
1172 966 1274 1040 alteri
1299 991 1378 1063 par·

145 1093 212 1166 tim
236 1093 353 1166 minus
385 1119 493 1193 saepe
519 1092 705 1168 discedant
735 1094 781 1168 ab
813 1094 976 1192 integris,
1011 1094 1142 1193 partim
1174 1094 1235 1168 ubi
1269 1093 1379 1167 disce·

146 1219 253 1313 dunt,
285 1221 384 1296 haud
407 1247 490 1296 raro
515 1223 608 1298 bene
634 1248 687 1296 ac·
700 1221 897 1322 prudenter
922 1222 1117 1322 corrigant,
1152 1222 1256 1296 alteri
1281 1223 1379 1295 nulla

145 1351 247 1448 quasi
271 1350 441 1449 religione
467 1351 628 1426 obstricti
661 1351 802 1450 saepius
838 1375 880 1424 ac
914 1351 990 1426 sine
1025 1358 1133 1425 causa
1159 1352 1205 1424 ab
1231 1351 1378 1448 integris

145 1477 287 1569 abeant,
312 1479 494 1578 verbaque
520 1491 750 1570 commutent,
776 1489 1024 1580 transponant,
1051 1479 1228 1552 omittant
1268 1476 1377 1551 Cuius

144 1605 426 1704 interpolationis
453 1607 532 1704 quis
565 1607 701 1706 primus
733 1619 859 1682 auctor
884 1608 1006 1697 fuerit,
1041 1605 1183 1681 difficile
1209 1615 1265 1680 est
1290 1605 1377 1680 divi·

144 1757 240 1806 nare.
293 1732 468 1831 Equidem
492 1736 618 1833 putavi
643 1737 680 1808 in
705 1736 832 1835 prioris
852 1735 1017 1809 editionis
1034 1735 1253 1834 praefatione
1269 1734 1377 1808 firisse

145 1858 293 1934 doctum
318 1860 509 1960 quendam·
522 1862 652 1936 Italum
679 1889 726 1938 ex
750 1865 869 1962 priore
894 1875 997 1962 parte
1023 1864 1153 1938 saeculi
1169 1885 1233 1954 XV,
1259 1863 1378 1934 nullus

145 1989 241 2064 enim
265 1989 356 2064 liber
385 1990 491 2064 huius
523 1991 675 2066 familiae
702 1992 878 2065 vetustior
909 2002 964 2065 est
996 2014 1040 2064 ea
1065 2000 1203 2064 aetate:
1233 2015 1301 2063 nec
1325 2013 1378 2062 re·

144 2115 290 2216 darguit
313 2117 407 2192 hanc
432 2119 670 2193 coniecturam
698 2144 815 2192 meam
841 2118 1079 2210 Muetzellius,
1115 2118 1200 2192 dum
1226 2117 1379 2217 probare

144 2244 278 2337 studet,
303 2245 557 2346 interpolatum
583 2257 725 2320 textum
750 2248 822 2319 iam
847 2244 941 2320 circa
967 2273 997 2320 a
1030 2249 1126 2321 1200
1152 2271 1257 2322 aerae
1281 2244 1379 2320 Chri·

142 2373 282 2448 stianae
313 2383 508 2448 tractatum
539 2385 577 2450 et
608 2399 818 2474 expressum
853 2399 931 2449 esse
963 2400 986 2449 a
1011 2374 1176 2473 Philippo
1209 2371 1380 2449 Gualtero

141 2501 182 2574 in
207 2501 484 2577 Alexandreide.
535 2501 628 2577 Nam
654 2504 782 2608 quibus
808 2504 894 2578 locis
920 2501 957 2576 id
985 2502 1230 2577 demonstrare
1255 2501 1379 2592 voluit,

141 2655 219 2703 non
245 2631 362 2704 effecit
388 2641 429 2704 ut
454 2631 706 2730 persuaderet:
739 2657 851 2706 unum
882 2631 952 2705 hcc
987 2629 1142 2704 dubitari
1168 2631 1297 2730 possit,
1332 2654 1380 2702 an

142 2755 273 2832 doctus
307 2759 367 2832 ille
392 2759 503 2834 Italus
535 2759 627 2835 libro
658 2761 777 2860 aliquo
811 2761 1011 2858 antiquiore
1043 2757 1265 2833 emendatius
1297 2759 1379 2832 scri·

141 2895 209 2986 pto
234 2911 322 2961 usus
348 2887 410 2978 sit,
443 2886 730 2986 quandoquidem
755 2913 828 2961 non
854 2913 990 2986 paucae
1016 2888 1253 2962 correctiones
1279 2911 1380 2985 prae-

142 3014 269 3088 sertim
293 3015 332 3087 in
356 3015 614 3114 posterioribus
639 3016 738 3090 libris
769 3025 846 3088 tam
877 3014 1086 3090 commodae
1111 3024 1214 3105 sunt,
1249 3014 1314 3086 vix
1339 3023 1379 3086 ut

143 3141 192 3215 ab
218 3143 416 3246 recentiore
442 3143 563 3216 critico
590 3142 785 3242 excogitari
811 3144 971 3242 potuisse
988 3141 1188 3216 videantur.
1230 3138 1380 3216 Verum·

143 3280 269 3343 tamen
308 3272 423 3370 magis
464 3269 623 3345 adducor
660 3283 702 3346 ut
738 3271 838 3344 illum
872 3269 1139 3346 emendatorem
1174 3295 1240 3344 suo
1275 3294 1380 3343 usum

141 3422 225 3472 esse
258 3397 402 3496 ingenio
437 3399 638 3474 existimem
671 3398 799 3472 callido
840 3410 878 3474 et
912 3399 1127 3490 exercitato,
1173 3399 1267 3497 quali
1302 3409 1380 3471 tum

140 3523 242 3599 haud
276 3527 381 3624 pauci
415 3526 616 3600 litterarum
646 3501 907 3602 restauratores
942 3527 1022 3602 Itali
1054 3525 1232 3600 valebant
1285 3523 1380 3598 Dua-

140 3678 225 3726 rum
250 3653 360 3751 igitur
386 3654 553 3728 classium
577 3653 802 3747 deteriorum,
830 3680 919 3753 quos
940 3655 1091 3754 appello,
1117 3653 1290 3728 librorum
1308 3676 1382 3724 una

142 3789 201 3853 est
226 3780 334 3878 paulo
368 3783 627 3879 praestantior,
665 3783 702 3854 in
737 3807 845 3880 quam
874 3784 991 3858 refero
1022 3782 1116 3859 Flor.
1142 3779 1219 3856 DF
1219 3777 1280 3855 GI.
1333 3777 1380 3852 Iis

140 3907 356 3981 accensendi
384 3920 469 3983 sunt
500 3921 538 3984 et
561 3909 738 3984 Palatinas
766 3914 786 3983 l
820 3909 916 4009 apud
943 3909 1239 3999 Freinshemium,
1275 3932 1380 4005 quem

137 4035 308 4134 proxime
333 4034 382 4108 ad
406 4012 499 4112 Flor.
517 4035 557 4112 D
582 4036 751 4111 accedere
777 4040 940 4136 cognovi,
966 4048 1004 4112 et
1028 4031 1274 4112 Faaclctiaoua
1295 4037 1382 4109 itam

140 4162 242 4262 apud
266 4162 559 4255 Freinshemium‚
586 4174 624 4238 et
649 4178 714 4240 tres
738 4165 893 4240 Paraloi
916 4190 1027 4264 supra
1051 4191 1075 4238 a
1099 4163 1203 4238 nobis
1230 4188 1381 4238 comme·

138 4291 283 4382 morati,
309 4313 464 4388 quorum
489 4315 600 4365 unum
626 4291 675 4392 (n.
704 4292 819 4391 5718)
846 4317 926 4368 esse
942 4292 1158 4368 Pitltoeam
1180 4290 1218 4364 in
1240 4293 1376 4366 varian-

138 4420 233 4494 tium
258 4417 456 4492 lectionum
486 4417 604 4492 libello
631 4417 922 4494 Freinshemiano
957 4419 1168 4518 cognovisse
1201 4420 1306 4493 nobis
1332 4417 1383 4492 vi·

142 4546 278 4620 demur.
334 4541 599 4619 Additamentis
626 4572 673 4621 ex
698 4545 824 4621 Iustini
850 4548 1001 4622 historia
1019 4544 1227 4646 desumptis,
1254 4545 1382 4643 quibus
