3238 5296
515 373 560 422 ou
587 371 713 424 ensrrs
738 371 847 422 anax.
873 372 950 441 vm,
976 370 1019 418 66.
1235 445 1237 452 Ι
1287 355 1359 426 421

127 583 211 630 nam
235 556 309 647 his,
336 557 397 655 qui
423 581 469 632 ex
496 557 570 630 acie
596 583 670 637 non
695 556 926 649 rettulissent,
952 568 1067 649 metu,
1095 583 1200 655 quem
1228 585 1274 632 ex
1300 561 1360 632 illo

126 669 229 742 hoste
256 668 436 766 quondam
463 679 708 768 conceperant,
736 669 842 742 etiam
869 670 905 740 in
931 670 1137 766 religionem
1163 672 1360 744 veneratio

125 804 279 878 nemque
317 806 500 856 converso.
557 781 772 855 Macedonas
803 805 876 853 non
914 781 1099 854 beluarum
1132 781 1255 871 modo,
1296 781 1360 855 sed
1432 825 1439 839 -

71 909 104 957 13
125 893 232 966 etiam
258 883 368 990 ipsius
394 894 487 990 regis
510 903 674 992 aspectus
701 917 893 991 parumper
918 892 1079 965 inhibuit.
1132 891 1265 965 Beluae
1292 891 1360 964 dis·

124 1003 263 1099 positae
289 1005 556 1078 interamnates
575 1005 729 1103 speciem
756 1005 906 1078 tumium
923 1003 1049 1101 procul
1075 1003 1242 1076 fecerant.
1277 1003 1359 1103 Ipse

124 1111 238 1186 Porus
270 1115 447 1188 humanae
480 1115 733 1214 magnitudinis
765 1113 1025 1216 propemodum
1057 1125 1260 1188 excesserat
1290 1117 1359 1189 for·

123 1251 228 1298 mam.
280 1224 517 1323 Magnitudini
543 1227 627 1300 Pori
653 1226 805 1302 adiicere
831 1225 1021 1299 videbatur
1046 1225 1166 1316 belua,
1204 1252 1275 1322 qua
1300 1253 1359 1300 ve-

121 1336 292 1428 hebatur,
333 1347 476 1411 tautum
507 1339 599 1412 inter
636 1349 772 1413 ceteras
800 1338 974 1427 eminens,
1008 1347 1142 1434 quanto
1175 1337 1251 1410 aliis
1283 1339 1359 1437 ipse

70 1464 104 1512 14
123 1449 338 1545 praestabat.
391 1449 515 1548 ltaque
548 1449 773 1542 Alexander,
806 1449 1067 1546 contemplatus
1101 1457 1138 1520 et
1168 1473 1289 1547 regem
1322 1462 1359 1522 et

123 1583 251 1657 agmen
278 1560 464 1652 ludorum,
496 1563 665 1655 Tandem,
688 1563 819 1660 inquit,
847 1586 916 1660 par
941 1561 1053 1634 eninm
1078 1584 1150 1636 neae
1169 1561 1359 1659 peniculum

70 1687 104 1736 1⁵
122 1660 227 1747 video.
269 1670 356 1748 Cam
382 1673 490 1747 desdia
504 1675 607 1748 simiel
629 1688 659 1749 et
673 1701 748 1749 aim
762 1671 902 1772 egregiis
919 1671 1002 1746 viris
1027 1696 1081 1745 res
1098 1686 1152 1746 est.
1189 1670 1357 1745 'Intuens-

122 1807 191 1878 que
209 1780 365 1877 Coenon,
382 1783 469 1862 Cam
484 1810 551 1886 eya,
577 1786 700 1884 inquit,
727 1785 910 1862 Ptolemaeo
927 1783 1150 1882 Perdiccaque
1164 1796 1195 1856 et
1205 1781 1358 1880 Hephae·

10 1903 11 1912 ’
121 1897 411 1971 sedecennitates
432 1897 469 1970 in
487 1898 616 1972 mevam
636 1899 775 1972 besdum
794 1921 896 1971 corna
924 1894 1081 1994 impetam
1097 1891 1359 1997 fenerandam-

10 1997 11 2026 ³
122 2031 183 2105 qne
195 2032 248 2080 me
268 2008 304 2082 in
316 2008 424 2082 medio
443 2009 563 2084 ardere
581 2009 777 2100 certaminis,
803 2009 874 2105 ipse
893 2007 1044 2080 demum
1057 2032 1159 2099 move,
1176 2018 1206 2078 et
1222 2005 1359 2080 tardatis

10 2211 11 2224 ἵ
124 2117 222 2216 signo
240 2118 336 2220 mser.
381 2118 619 2218 TaAntiqene,
644 2133 675 2192 et
691 2132 727 2192 ta
742 2121 918 2212 Leonnum,
943 2131 973 2191 at
990 2117 1136 2208 Tauron,
1163 2116 1361 2191 invehemini

10 2321 13 2328 .
74 2227 161 2300 min
186 2229 332 2303 acediam
357 2230 475 2322 arian,
507 2243 537 2303 et
560 2231 716 2330 urgebitis
737 2236 894 2334 fimana.
941 2229 1070 2303 Hastae
1101 2241 1231 2303 menae
1256 2253 1357 2327 prae-

10 2331 13 2366 *
124 2339 239 2440 lenpae
265 2354 295 2412 et
317 2341 451 2416 aolidae
474 2367 542 2416 non
566 2341 652 2417 aima
677 2344 787 2443 magis
813 2367 913 2442 quom
935 2341 1097 2415 adaman
1122 2339 1235 2413 belam
1260 2353 1357 2414 recto-

10 2547 12 2562 1
121 2475 239 2551 resque
256 2476 372 2526 earam
397 2454 478 2528 usai
500 2479 569 2529 6666
578 2467 750 2553 poteram:
776 2455 941 2528 maestae
964 2478 1026 2546 666,
1052 2451 1111 2552 qai
1135 2452 1304 2543 velamur,
1330 2465 1361 2526 et

10 2563 12 2590 ²
122 2563 217 2661 maus
246 2565 415 2668 confodite.
474 2566 609 2666 Anceps
642 2592 749 2666 penas
781 2565 903 2639 emilii
926 2578 986 2656 est,
1021 2576 1052 2636 et
1076 2562 1113 2636 in
1136 2589 1214 2639 suos
1245 2565 1358 2639 anias

72 2694 105 2742 1⁷
114 2674 214 2778 finit.
260 2675 304 2750 In
328 2676 449 2750 bodan
475 2678 563 2751 enim
588 2678 742 2776 imperio,
774 2679 812 2751 in
836 2699 1061 2776 ortospanum
1087 2675 1206 2772 epitom
1260 2675 1360 2750 Haec

123 2787 282 2859 elocutus
304 2789 460 2861 concitat
478 2813 609 2886 equum
622 2788 774 2886 primus3
800 2789 951 2884 iamque,
978 2795 1020 2858 ut
1034 2784 1249 2860 destinatum
1269 2799 1355 2878 erat,

10 2897 11 2906 ’
122 2897 302 2972 invaserat
323 2897 466 2972 ordines
484 2899 652 2989 hostium,
679 2923 760 2972 cum
778 2897 919 2972 Coenus
936 2896 1071 2995 ingenti
1089 2896 1126 2968 vi
1152 2896 1188 2968 iu
1214 2898 1357 2972 laevum

155 3117 179 3184 ξ.
210 3123 250 3171 18.
292 3118 469 3188 magnitudini
493 3117 560 3170 Pori
593 3117 719 3186 adiicere]
754 3115 835 3170 suerit
851 3116 1002 3169 invehimini
1018 3123 1043 3168 et
1058 3122 1153 3184 urgete.
1181 3114 1290 3170 correxi
1307 3115 1357 3186 igi-

121 3181 222 3256 Supplc
238 3187 354 3254 aliquid,
380 3195 411 3240 ut
426 3184 522 3241 omimo
547 3201 580 3238 eo
606 3186 722 3239 adiicere
756 3192 801 3240 tur
817 3185 981 3248 invehemini,
1008 3191 1036 3237 et
1056 3183 1144 3236 inveni
1170 3182 1241 3238 idem
1266 3183 1358 3238 fecisse

121 3253 278 3308 cnmdativo
292 3253 527 3325 significetaugere
535 3253 649 3336 aliquem
658 3269 721 3307 rem.
754 3252 882 3307 Medium.
916 3253 1007 3307 Verbo
1028 3251 1115 3305 indico
1139 3251 1166 3305 in
1183 3252 1358 3308 deterioribus

119 3321 178 3376 Hoc
194 3324 362 3393 perturbasse
379 3323 483 3378 videtur
499 3321 621 3377 librarios
645 3323 720 3377 codd.
755 3321 858 3393 aliquot
875 3323 952 3376 codd.
968 3321 1038 3374 Flos.
1050 3318 1113 3373 FGI
1131 3319 1212 3375 Pell
1232 3337 1358 3375 essenon

121 3388 190 3444 Flor.
203 3390 245 3444 DI
264 3391 309 3462 qui
326 3394 531 3462 magnitudinem
553 3391 604 3446 scri
701 3399 720 3444 t.
755 3392 905 3444 invehimini
923 3393 952 3444 in
968 3392 1080 3444 mediam
1097 3391 1194 3456 aman,
1217 3393 1266 3444 sed
1281 3409 1314 3443 ar
1333 3407 1357 3442 6-

120 3459 188 3513 Item
205 3478 254 3530 pro
272 3477 304 3514 eo
322 3462 394 3531 quod
410 3469 451 3514 est
467 3471 563 3531 quanto
581 3477 596 3514 6
615 3461 641 3514 d.
658 3460 721 3514 Ald.
756 3461 816 3514 titis
832 3460 958 3530 frontem.
993 3457 1075 3513 Vides
1102 3457 1246 3512 scribarum
1268 3476 1297 3512 so
1317 3475 1358 3511 er-

120 3526 178 3581 Iun.
195 3529 269 3582 Mod.
287 3539 412 3609 quantum
428 3528 625 3600 praetulerunt,
648 3529 721 3600 quod
755 3528 833 3582 bam:
860 3527 982 3581 nimirum
1004 3527 1075 3580 Flos.
1097 3526 1124 3579 D
1149 3531 1198 3581 sed
1222 3529 1358 3596 urpebitis,

120 3603 146 3648 et
168 3596 268 3666 legitur
288 3615 316 3649 m
337 3597 455 3651 codicum
476 3597 557 3651 classe
580 3597 720 3652 deterrima
756 3597 841 3667 (quod
851 3605 879 3650 et
893 3595 1000 3650 iuMod.
1009 3595 1072 3648 edit.
1082 3598 1135 3663 est)
1146 3596 1280 3664 quodcum
1295 3594 1358 3648 scri-

119 3661 191 3716 Flor.
208 3664 260 3716 ΕΗ
279 3665 359 3718 Bern.
377 3665 410 3718 B.
444 3665 518 3718 Nihil
535 3666 655 3734 interest,
673 3667 718 3720 sed
753 3677 829 3736 ptum
845 3665 981 3719 invention
998 3671 1081 3730 esset,
1105 3663 1310 3718 necessitatium
1331 3663 1359 3716 in

119 3741 214 3801 quanto
231 3731 360 3790 usitatius.
761 3732 920 3805 praegressis
945 3733 1060 3802 negandi
1076 3731 1213 3801 particula.

152 3807 174 3867 5.
194 3804 234 3853 15.
263 3799 303 3853 Ta
320 3801 462 3882 amineae]
497 3801 586 3881 Vulgo
609 3802 719 3870 Antiye-
787 3807 812 3868 s.
832 3807 871 3855 16.
893 3803 1009 3880 etipscs
1027 3799 1169 3920 i⁰ff⁰dil⁸l
1205 3798 1251 3853 Sic
1268 3817 1358 3880 omnes

118 3870 720 4016 trasnmmslssu.m
754 3865 1358 4016 asstitit.latitantia:

118 4005 388 4146 tanatem
404 4005 522 4130 aar
539 4005 721 4130 6666
754 4003 1357 4144 alienissimam

1284 4111 1291 4138 1

118 4143 234 4266 &gitatin
265 4144 320 4198 dux
349 4143 510 4214 appellatur,
541 4143 585 4198 lib.
612 4144 652 4208 V,
679 4150 719 4197 lt.
754 4143 835 4198 miror
851 4159 900 4196 nec
914 4139 1144 4211 Snnkenbmgium
1160 4157 1209 4195 nec
1227 4140 1306 4194 elium
1324 4141 1357 4192 de

10 4241 11 4246 =
132 4281 138 4292 .
167 4212 209 4266 'be
231 4211 313 4282 igitur
328 4215 472 4293 Antigene,
496 4213 588 4294 6661666
605 4211 719 4292 declina·
754 4211 885 4278 codicibus
902 4209 1060 4292 meminisse.

10 4315 12 4402 ξ
118 4281 581 4417 ἷὲἫἭΐηῖἶιῗζὝιῖἰῗιίἓ
597 4289 719 4403 vomilll
753 4283 810 4404 ...t
836 4276 1357 4416 teramnensem

119 4415 154 4469 Sc
172 4415 241 4470 naid.
260 4417 375 4474 Grsmm.
393 4438 419 4490 p.
437 4426 479 4474 44.
514 4419 581 4473 Post
597 4437 651 4473 non
668 4418 718 4473 tuli
752 4419 855 4473 laevum
871 4416 987 4472 hostium
1004 4433 1088 4470 comu
1105 4429 1242 4483 aggressus
1259 4418 1309 4490 <est²
1328 4418 1358 4463 ct

10 4521 12 4532 .
119 4485 268 4538 invehimini
283 4498 307 4540 a
320 4489 454 4559 urgebitis,
473 4506 532 4544 cum
549 4487 719 4560 inpromptu
752 4503 831 4558 supra
847 4485 959 4542 susem
977 4485 1087 4541 Coenon
1109 4479 1357 4534 dextrumhosnum
