3158 5294
505 363 554 414 on
581 359 708 413 ansus
734 359 843 410 Anax.
869 359 919 429 ιιι,
946 357 990 410 aa
1284 338 1357 411 471

61 565 99 612 2⁷
119 546 274 619 colorem
301 571 443 644 quoque
468 546 602 621 herbae
627 544 824 634 referebat,
860 543 1084 640 agniturum,
1121 541 1151 616 si
1178 544 1256 642 quis
1282 567 1360 642 rep·

118 658 287 754 perisset,
323 658 514 732 affirmans.
566 658 756 731 Inventam
781 654 927 746 deinde,
964 656 1094 753 quippe
1120 681 1143 727 a
1168 655 1289 728 multis
1316 654 1359 727 si-

117 769 192 842 mul
226 778 305 843 erat
337 769 525 868 requisita,
564 768 704 843 vulneri
738 767 924 865 imposuit:
965 766 1201 865 protinusque
1236 764 1360 840 dolore

7 959 11 972 ,
117 881 236 972 finito,
275 881 371 954 intra
400 881 511 955 breve
543 881 699 981 spatium
738 878 886 952 cicatrix
926 903 1068 976 quoque
1105 876 1263 952 obducta
1294 887 1359 952 cst

8 999 9 1002 ’
60 1011 100 1060 aa
118 990 296 1064 Barbaros
322 1001 364 1066 ut
388 992 504 1089 prima
528 1015 611 1092 spes
636 991 826 1082 fefellerat,
853 989 1015 1087 seipsos
1041 988 1238 1088 urbemque
1264 986 1360 1062 dedi·

119 1102 258 1176 derunt.

221 1213 314 1290 Hinc
348 1214 385 1287 in
424 1215 625 1314 proximam
664 1223 809 1314 gentem
834 1211 1010 1287 Pataliam
1040 1221 1255 1312 perventum
1295 1215 1413 1286 estet

119 1325 198 1399 Rex
225 1335 303 1400 erat
327 1323 477 1415 Moeris,
517 1327 577 1423 qui
611 1326 700 1400 urbe
727 1324 870 1398 deserta
900 1326 937 1398 in
963 1335 1104 1398 montes
1139 1323 1357 1422 profugerat

7 1427 10 1534 f
63 1456 102 1504 aa
123 1436 248 1536 Itaque
295 1435 505 1510 Alexander
544 1436 676 1536 oppido
723 1435 877 1535 potitur,
923 1459 1101 1534 agrosque
1151 1437 1354 1533 populatur.

119 1547 271 1647 Magnae
313 1546 396 1622 inde
430 1546 586 1647 praedae
621 1558 723 1623 actae
764 1557 849 1621 sunt
891 1570 1061 1646 pecorum
1101 1555 1358 1621 armentorum·

7 1677 12 1686 ’
63 1679 101 1728 so
120 1685 205 1756 que,
243 1684 375 1757 magna
408 1659 463 1733 vis
495 1671 639 1759 reperta
676 1660 854 1734 frtunenti.
893 1657 1054 1732 Ducibus
1100 1654 1229 1732 deinde
1266 1683 1360 1730 sum·
1467 1736 1474 1745 ,

7 1755 11 1796 ⁷
118 1771 190 1868 ptis
216 1771 330 1844 amnis
355 1771 494 1869 peritis,
530 1770 681 1846 defluxit
715 1769 762 1844 ad
787 1770 940 1844 insulam
965 1769 1084 1844 medio
1118 1770 1230 1844 ferme
1257 1769 1361 1849 alveo

7 1885 16 1912 ³'
121 1890 274 1955 enatum.

7 1983 15 2050 ss‘
62 2009 111 2058 IX·
205 1991 260 2066 lbi
277 1992 623 2090 diutiussubsistere
639 2001 795 2082 nocetne,
812 1989 895 2088 quia
917 1990 1025 2068 duces
1044 1991 1229 2067 socordius
1247 2016 1359 2067 asser·

7 2093 15 2136 ³
118 2104 194 2176 vati
218 2105 461 2201 profugerant,
487 2104 584 2177 misit
609 2104 670 2202 qui
696 2104 945 2201 conquirerent
972 2105 1077 2179 alios:
1103 2128 1171 2177 nec
1196 2104 1360 2203 repertis,

7 2207 13 2278 3³
119 2215 290 2311 pervicax
328 2215 457 2312 cupido
501 2214 642 2288 visendi
677 2211 875 2307 Oceanum,
923 2215 1149 2314 adeundique
1186 2216 1359 2290 terminos

120 2325 254 2415 mundi,
274 2325 350 2398 sine
363 2326 518 2424 regionis
531 2326 664 2425 peritis,
685 2325 822 2400 flumini
839 2328 965 2426 ignoto
978 2338 1087 2427 caput
1100 2352 1216 2419 suum,
1232 2337 1360 2425 totque

10 2464 14 2474 ·
86 2435 394 2512 sfortissimorum
439 2439 598 2512 virorum
637 2440 788 2512 salutem
840 2439 1094 2537 permittere*
1132 2436 1361 2538 Navigabant

7 2545 11 2588 ³
119 2573 204 2646 ergo
232 2549 390 2623 omnium
429 2575 494 2649 per
520 2575 611 2647 quae
642 2550 850 2624 serebantur
884 2551 1008 2649 ignari.
1062 2547 1245 2640 Quantum
1278 2549 1361 2624 inde

118 2659 261 2734 abesset
287 2685 403 2752 marc,
430 2687 523 2759 quae
547 2671 673 2760 gentes
700 2663 874 2753 colerent,
907 2686 1015 2759 quam
1039 2660 1221 2760 placidum
1246 2662 1360 2741 amnis

7 2807 9 2816 v
117 2796 175 2862 oe,
202 2795 310 2869 quam
335 2773 476 2870 patiens
502 2772 691 2870 longarum
716 2772 863 2846 navium
888 2781 1000 2863 esset,
1033 2796 1164 2870 anceps
1191 2780 1228 2845 et
1254 2797 1361 2846 caeca

83 2882 318 2960 aaestimatio
358 2883 612 2980 augurabatur.
674 2881 795 2955 Unum
831 2893 910 2956 erat
948 2881 1159 2956 temeritatis
1192 2882 1360 2956 solatium

7 3019 9 3042 ¹
117 3003 292 3092 perpetua
316 2993 476 3068 felicitas.
528 2991 605 3066 lam
632 3014 725 3067 cccc
752 2992 869 3067 stadia
895 3002 1160 3092 processerant,
1188 3017 1270 3065 cum
1295 3019 1358 3092 gu·

7 3109 10 3146 ³
117 3105 326 3180 bernatcres
353 3128 547 3204 agnoscere
584 3106 700 3212 ipsos.
716 3129 841 3178 auram
871 3105 998 3196 maris,
1039 3113 1076 3178 et
1107 3100 1206 3176 haud
1232 3106 1359 3201 procul

152 3312 175 3374 5.
193 3313 235 3360 2⁷.
270 3307 407 3362 Inventum
424 3307 530 3378 danda]
566 3305 656 3378 Vulgo
679 3307 720 3360 ia·
754 3314 783 3360 et
799 3305 912 3377 primurn
930 3303 1062 3378 impressis
1079 3303 1186 3376 legitur,
1223 3320 1284 3358 usm
1301 3321 1360 3359 eor·

117 3385 266 3447 aaronque
293 3377 399 3442 ᾱιίιιάι,
426 3374 473 3428 sed
490 3375 568 3429 abest
591 3392 623 3431 co
643 3375 720 3429 ulna
753 3374 776 3429 ri
811 3391 841 3430 re
857 3381 1004 3428 nectamen
1022 3389 1172 3444 persanare.
1227 3391 1270 3426 am
1288 3374 1360 3445 quod

117 3444 213 3499 nostris
230 3443 358 3499 omnibus.
397 3443 441 3496 Ex
466 3443 559 3498 iisdem
576 3445 611 3498 sd
638 3445 665 3498 di
682 3446 720 3498 si·
753 3391 834 3514 adzo
851 3451 915 3514 post
930 3443 1026 3498 Aldum
1043 3443 1131 3496 oditur
1148 3444 1242 3511 aspide
1260 3443 1362 3498 inces-
1444 3499 1447 3504 ,

117 3515 171 3566 mul
187 3521 251 3582 post
267 3513 367 3578 multis,
391 3513 462 3582 quod
479 3513 556 3567 abest
576 3531 592 3566 s
617 3512 719 3584 paucis,
753 3513 908 3566 silvaendi
916 3520 966 3566 cet
975 3511 1088 3584 primum
1097 3509 1224 3565 librorum
1233 3517 1361 3564 mstorunr

117 3579 191 3633 Flor.
208 3580 315 3650 quidem
332 3579 381 3633 DI.
754 3580 914 3636 auctoritate
936 3589 1120 3651 praeterquam
1141 3579 1218 3632 unius
1243 3577 1315 3633 Flor.
1334 3579 1360 3632 G

153 3647 218 3730 Cap.
228 3655 270 3712 84,
281 3651 304 3715 ς.
314 3653 355 3701 28.
363 3658 463 3727 qentem
472 3648 617 3722 Pataliam]
627 3650 720 3704 Arris-
753 3649 780 3702 in
798 3649 871 3703 cuius
888 3666 971 3718 marg.
990 3647 1151 3718 adscriptam
1170 3655 1221 3715 est,
1239 3647 1360 3702 natiui-

118 3733 212 3768 nusra
225 3713 344 3768 Πάταλα
358 3715 582 3772 srveIIdrralas
600 3717 720 3788 pellntet
754 3725 806 3785 tur,
824 3716 919 3770 deinde
937 3733 987 3770 nec
1004 3715 1161 3770 sententiam
1174 3731 1224 3768 nec
1242 3723 1359 3770 consuu-

117 3784 209 3838 urbem
227 3791 255 3836 et
271 3791 369 3836 terram
387 3779 418 3853 (3
437 3781 470 3849 δὴ
487 3785 521 3838 τὸ
540 3735 630 3839 Atlas
647 3789 720 3856 ἔφην
753 3785 869 3840 ctionem
877 3785 1018 3838 verborum
1027 3784 1143 3838 adiuvat.
1157 3781 1360 3848 QuodSchmie-

118 3853 192 3904 εἶναι
214 3852 248 3904 τὸ
272 3851 343 3925 πρὸς
369 3857 420 3904 τοῦ
443 3859 575 3920 ποταμοῦ
598 3859 649 3907 τοῦ
667 3855 719 3906 Ἰν·
755 3853 833 3906 demus
850 3869 885 3906 cx
902 3851 1085 3908 ood.Theoor.
1102 3851 1216 3905 edidisse
1234 3868 1262 3906 se
1280 3852 1358 3908 dicit:

118 3918 169 3974 dou
186 3919 369 3988 ποιούμενον,
387 3922 487 3988 μεῖζον
504 3923 546 3973 ἔτι
563 3927 614 3975 τοῦ
630 3919 720 3975 Atlra
755 3923 847 3990 cupido
873 3921 976 3974 visendi
998 3952 1033 3963 —
1058 3923 1146 3974 adsit
1167 3929 1196 3973 nt
1221 3921 1279 3974 sine
1305 3939 1359 3992 rep.

116 3996 168 4043 τοῦ
185 3991 225 4042 At
243 3993 352 4054 υπτίοο,
378 4003 422 4054 vr,
451 3991 495 4054 17)
521 3997 629 4060 gentem
654 3990 721 4046 rode
751 3990 846 4060 peritis
863 3989 1024 4070 pemittant
1047 3939 1140 4059 expiilt
1164 3987 1230 4041 illud
1253 3989 1360 4061 quidem

116 4010 282 4124 Πατταῖιῑι,
303 4055 401 4112 Strabo
414 4057 506 4112 urbem
522 4057 559 4110 τὰ
573 4055 720 4125 Πάτταλα,
755 4064 928 4126 sententiam,
952 4057 1000 4111 sed
1017 4055 1176 4113 correctoris
1193 4075 1300 4111 manum
1317 4058 1359 4112 ni·

116 4127 241 4194 insulam,
269 4125 303 4179 τὸ
322 4123 426 4192 Δέλτα,
452 4125 506 4192 τὴν
528 4126 720 4194 ποτταληνήν.
754 4126 802 4180 mis
827 4133 920 4196 aperte
946 4125 1055 4180 indicat.
1098 4125 1232 4197 Equidem
1254 4125 1283 4180 in
1305 4127 1359 4180 fine

115 4197 253 4250 Edebatur
270 4193 295 4246 h.
303 4193 322 4247 l.
339 4194 420 4266 vulgo
429 4195 596 4265 Poetelium,
614 4213 661 4252 nos
678 4212 719 4252 ss·
754 4193 881 4248 excidisse
902 4193 1020 4250 arbitror
1044 4195 1154 4249 verbum
1178 4196 1267 4264 coepit.
1302 4195 1358 4250 Pro

117 4265 170 4320 cuti
187 4281 276 4319 sumus
295 4280 356 4316 mss.
755 4274 839 4334 totque
856 4263 884 4318 in
902 4263 972 4318 Flor.
991 4263 1066 4318 Dus
1083 4264 1160 4318 Voss⁴
1178 4269 1193 4317 2
1211 4263 1267 4317 Pal.
1287 4273 1299 4318 l
1321 4275 1358 4319 to·

117 4337 219 4482 nuqnll.
241 4334 376 4456 §erucae
397 4333 491 4403 aspide
513 4333 615 4387 suendi
639 4333 721 4387 Ocea·
755 4344 866 4404 tamque,
892 4331 920 4386 in
940 4332 1043 4387 Flor.I
1067 4331 1284 4403 totomlegitur,
1309 4349 1359 4404 pm

272 4400 365 4455 utilurn
398 4401 486 4482 locum
523 4409 720 4483 repraesentare
749 4403 900 4524 permittere
917 4405 1016 4483 Voss52
1036 4401 1107 4456 Flor.
1122 4399 1360 4481 superastaret,

117 4469 198 4524 malus
222 4470 442 4543 quemadmodum
469 4487 498 4526 ιιι
519 4470 594 4526 lrbns
619 4479 721 4544 scrupus
778 4469 826 4525 lor.
843 4469 881 4523 FI
898 4479 1063 4525 romnrstteret
1079 4469 1216 4524 sumbone.
