3214 5288
510 395 559 445 nn
587 393 713 447 onsms
740 391 849 444 anax.
876 395 927 464 m,
949 393 974 444 ι.
1315 377 1360 448 15

126 573 253 650 diebus
277 575 389 650 totius
416 577 500 650 anni
526 569 630 675 pares
657 603 826 668 nmner03
855 577 986 675 quippe
1012 577 1132 651 Persis
1159 603 1300 675 quoque
1326 581 1363 652 in

71 709 105 758 11
124 686 278 762 totidem
312 685 388 761 dies
422 687 620 788 descriptus
655 697 712 762 est
746 713 871 762 annus.
933 685 1087 761 Currum
1105 688 1251 763 deinde
1285 689 1364 763 Ioui

124 808 306 872 sacratum
331 798 494 872 albentes
519 798 703 872 vehebant
727 800 831 897 equi:
857 800 925 872 hos
944 799 1094 874 eximiae
1107 797 1362 897 magnimdiriis

124 935 249 1008 equus,
276 933 383 1008 quem
409 905 501 983 Solis
526 911 766 1008 appellabant,
793 911 1018 1008 sequebatur.
1071 910 1214 983 Aureae
1240 911 1363 1008 virgae

66 1033 104 1082 12
124 1031 164 1094 et
189 1020 291 1094 albae
315 1029 437 1093 vestes
463 1029 629 1117 regentes
656 1045 768 1118 equos
803 1020 1038 1094 adornabant
1096 1017 1204 1094 Haud
1238 1022 1364 1119 procul

65 1153 104 1204 13
124 1140 230 1207 erant
253 1131 419 1204 vehicula
443 1130 568 1205 decem
593 1132 706 1205 multo
734 1157 822 1206 auro
849 1140 1070 1230 argentoque
1096 1131 1242 1204 caelata
1302 1129 1363 1205 Se·

125 1241 304 1340 quebatur
328 1241 417 1314 haec
443 1241 623 1338 equitatus
649 1241 839 1316 duodecim
869 1243 1031 1340 gentium
1056 1241 1165 1316 variis
1192 1241 1299 1316 armis
1326 1252 1364 1315 et

122 1352 293 1425 moribus.
346 1350 507 1425 Proximi
538 1353 640 1425 ibant
674 1379 764 1450 quos
798 1352 931 1427 Persae
962 1351 1185 1426 Immortales
1219 1362 1363 1444 vocant,

123 1461 173 1535 ad
199 1461 325 1536 decem
351 1463 457 1535 milia.
493 1460 619 1536 Cultus
645 1465 850 1561 opulentiae
875 1463 1050 1536 barbarae
1075 1488 1149 1536 non
1176 1464 1264 1538 ahos
1289 1489 1363 1535 ma·

122 1575 179 1671 gis
201 1573 512 1647 honestabatzvilli'
534 1598 662 1647 aureos
687 1583 844 1671 torques,
870 1575 920 1646 illi
945 1585 1084 1647 vestem
1118 1599 1205 1648 auro
1242 1572 1364 1670 distin·

124 1693 220 1757 ctam
245 1683 437 1773 habebant,
463 1685 727 1782 manicatasque
759 1686 913 1775 tunicas,
940 1686 1090 1783 gemmis
1117 1685 1226 1760 etiam
1261 1683 1363 1758 ador·

64 1819 102 1867 ιι
121 1803 237 1867 natas.
290 1791 433 1892 Exiguo
467 1795 674 1887 intervallo,
707 1821 797 1893 quos
833 1805 1006 1894 cognatos
1040 1796 1134 1894 regis
1171 1795 1364 1894 appellant,

122 1904 249 1977 decem
276 1914 314 1977 et
339 1905 494 2002 quinque
519 1907 616 1980 milia
641 1907 834 1981 hominum.
895 1904 995 1978 Haec
1029 1930 1118 1979 vero
1154 1907 1262 1977 turba
1286 1929 1363 1976 mu-

119 2014 282 2088 liebriter
293 2013 556 2114 propemodum
568 2018 674 2108 culta,
699 2019 789 2090 luxu
814 2016 929 2113 magis
956 2039 1064 2111 quam
1090 2013 1229 2087 decoris
1256 2015 1363 2088 armis

63 2143 100 2192 15
121 2125 315 2223 conspicua
354 2137 443 2200 erat.
512 2125 753 2226 Doryphoroe
791 2126 1016 2200 vocabantur
1059 2125 1286 2224 proximum·
1307 2125 1363 2198 his

120 2261 277 2332 agmen,
307 2237 402 2310 soliti
433 2247 573 2311 vestem
599 2239 763 2336 excipere
790 2237 956 2334 regalem.
1021 2234 1069 2308 Hi
1100 2259 1243 2308 cunum
1269 2237 1363 2332 regis

63 2367 100 2416 re
121 2346 328 2439 anteibant,
360 2373 431 2444 quo
456 2348 532 2445 ipse
559 2349 717 2422 eminens
743 2347 952 2421 vehebatur.
1010 2345 1210 2443 Utrumque
1237 2371 1363 2418 eunus

119 2457 219 2530 latus
245 2455 395 2531 deorum
421 2459 608 2532 simulacra
634 2483 681 2532 ex
699 2485 787 2534 auro
813 2467 1035 2556 argentoquo
1061 2481 1233 2553 expressa
1259 2455 1364 2529 deco·

118 2569 271 2641 rabant:
299 2567 567 2666 distinguebant
587 2570 835 2644 internitentes
861 2593 1023 2667 gemmae
1048 2569 1181 2665 iugum,
1209 2591 1257 2638 ex
1289 2589 1360 2662 quo

119 2679 331 2752 eminebant
356 2678 429 2753 duo
456 2705 564 2754 aurea
591 2683 792 2754 sumulaera
818 2679 1004 2769 cubitalia,
1031 2703 1184 2775 quorum
1211 2679 1364 2752 alterum

156 2907 180 2973 5.
201 2910 242 2958 11.
260 2916 378 2974 repentes
395 2909 485 2977 equos]
515 2913 630 2960 rectores
647 2922 728 2977 equo-
763 2915 844 2960 terren
862 2907 890 2958 in
905 2907 1059 2958 alterutram
1078 2901 1363 2970 telli,Flor.DEapr.

118 2990 190 3038 mm,
209 2981 242 3026 ut
260 2971 335 3027 Suet
356 2974 412 3027 Tit
430 2985 455 3028 4.
761 2992 797 3026 m.
815 2976 882 3027 alter
898 2975 928 3025 in
944 2973 1107 3035 αὶιονιιιτιιιιι,
1125 2967 1233 3022 Flor.G
1250 2985 1266 3019 a
1282 2984 1363 3036 pam.

156 3044 181 3108 §-
201 3048 242 3094 111.
285 3044 417 3122 equitatus
442 3045 576 3096 duodecim
600 3043 727 3112 peritiam]
762 3044 830 3094 ulter
846 3043 875 3092 in
893 3041 1012 3103 alteram,
1038 3036 1109 3090 Flor.
1126 3037 1151 3088 B
1173 3051 1281 3102 qaorum
1298 3035 1365 3111 qlter

120 3107 211 3160 Recte
228 3107 411 3164 Schmredems
432 3111 466 3162 de
486 3110 623 3165 duodecim
643 3109 729 3162 tribu·
763 3111 792 3162 in
815 3110 969 3161 alterutnum
992 3113 1029 3158 est
1051 3105 1119 3158 belli.
1158 3102 1191 3154 ln
1214 3101 1366 3180 ridges-rbus

120 3176 175 3229 bus
188 3175 327 3232 Persarum
343 3177 483 3231 intellexit
497 3177 728 3250 Xenoph.0yrop.
763 3175 884 3229 adiicitur
895 3174 1131 3245 pereboteffiqiem,
1149 3170 1220 3240 quod
1237 3187 1264 3221 m
1358 3207 1365 3221 .

119 3259 144 3310 1,
164 3250 191 3311 2,
211 3249 226 3296 5
246 3242 356 3298 δώδεκα
371 3246 407 3317 yd
443 3253 489 3298 καὶ
506 3253 624 3320 Περσῶν
643 3243 730 3316 φυλαὶ
762 3244 833 3298 Flor.
852 3242 878 3298 G
895 3250 945 3310 est,
963 3241 1095 3296 omittitur
1111 3246 1201 3292 autem
1218 3237 1246 3291 in
1262 3236 1333 3315 Flor.

121 3267 587 3386 dap'pquaaMorumdiversitatem
596 3313 729 3385 pertinere
762 3313 791 3365 Η
807 3313 888 3365 Bern.
907 3312 931 3364 Α
948 3319 977 3364 et
993 3309 1067 3362 Leid
1094 3309 1145 3376 (de
1163 3307 1240 3360 Voss.
1264 3311 1276 3357 1
1305 3304 1366 3358 silet

119 3389 189 3454 puto
212 3381 249 3434 ad
274 3380 404 3435 divermm
429 3382 564 3452 pugnandi
589 3381 727 3448 rationem,
763 3381 907 3446 Snakenb.)
925 3378 1081 3460 Edprinoe
1130 3393 1238 3454 quoram
1255 3376 1367 3426 atteram

119 3457 255 3522 quatenus
272 3457 320 3503 aut
337 3449 427 3504 iaurlis
448 3445 601 3521 sagittisque
618 3451 729 3503 uteban-
763 3451 792 3502 ia
809 3452 920 3502 atterum
937 3449 996 3502 tella
1013 3463 1074 3515 pere
1091 3454 1138 3524 ant
1155 3445 1283 3563 fflim’
1305 3441 1366 3521 M0‘.
1471 3493 1473 3500 ,

119 3528 168 3573 tur
185 3526 235 3570 aut
252 3517 374 3571 stabilem
391 3535 506 3590 pugnam
523 3519 702 3572 conserebant
763 3517 821 3570 dius
839 3517 1161 3586 qaorruaoltermnpoctr,
1180 3529 1196 3564 α
1219 3527 1291 3563 mm
1305 3511 1365 3561 belle

155 3589 181 3654 ς.
202 3591 244 3638 15.
262 3587 433 3658 Doryphoroe
449 3587 618 3656 vocabantur]
641 3587 729 3654 Dory·
780 3587 867 3638 nebat
892 3585 1012 3662 effigiem.
1052 3581 1106 3660 Sed
1129 3580 1239 3658 deorum
1261 3575 1367 3656 nomina

116 3656 200 3724 ptari
217 3653 318 3706 Aldina
343 3671 374 3708 ac
401 3655 494 3708 deinde
519 3654 567 3708 reli
585 3671 646 3720 uae;
683 3653 729 3706 sed
761 3605 889 3723 losephus
912 3651 1030 3720 Scaliger
1056 3651 1101 3718 (m
1117 3647 1210 3700 Addit.
1229 3662 1314 3725 opens
1333 3644 1367 3696 de

122 3723 190 3775 edit
219 3723 311 3791 prinae
368 3724 501 3793 direptores
530 3731 559 3776 et
595 3722 643 3776 'bri
668 3739 729 3775 mes.
763 3721 895 3774 emendat.
910 3728 991 3788 temp.
1029 3719 1107 3784 .751)
1125 3714 1277 3793 εἰιιοιάιὼιρ
1294 3719 1367 3792 recte

120 3804 218 3844 omnes
235 3791 294 3842 dori
357 3808 403 3857 ae,
426 3793 579 3860 doriptore,
603 3791 728 3860 derisore,
762 3787 896 3842 intellexit
912 3787 990 3840 fuisse
1026 3785 1062 3837 ini
1085 3781 1368 3899 etBeh,ant1qmqs1-

120 3857 213 3912 nullus
231 3864 304 3910 certe
320 3876 379 3912 oum
395 3858 493 3912 Latina
509 3858 693 3912 terminatione
709 3859 728 3909 ι’.
762 3874 865 3910 morum
893 3872 985 3926 regum
1007 3851 1131 3930 Assyriae
1154 3857 1182 3902 et
1206 3849 1368 3927 Babyomae

118 3927 145 3981 Δ
166 3933 246 3997 purat
263 3924 392 3980 Graecam
408 3945 438 3980 oe
454 3927 643 3980 restituendam
660 3942 729 3979 esse:
763 3929 933 4046 {quamquam
950 3920 1031 3974 Belus
1052 3928 1133 3972 etiam
1149 3924 1279 3995 vetustror
1295 3914 1368 3993 limo

147 4035 154 4046 .
176 4002 298 4048 nostram
320 4003 410 4048 annot.
431 3995 466 4047 ad
488 3993 543 4049 Cic.
565 3994 623 4047 libr.
646 4009 680 4048 ιν
701 3993 730 4046 in
801 4001 813 4044 t
845 3991 979 4060 secutique
988 4007 1048 4042 eum
1057 3991 1289 4066 suntreoentrores
1306 3982 1368 4061 rude

118 4063 200 4116 Verr.
219 4070 245 4128 8,
265 4067 289 4131 §.
308 4069 332 4116 5.
378 4064 545 4119 Voeotoatar
562 4069 649 4114 autem
666 4061 729 4114 satis
764 4079 780 4114 a
820 4058 982 4112 reinshendo.
1000 4057 1101 4111 Verum
1118 4061 1170 4132 rata
1185 4051 1291 4120 peretot
1308 4051 1368 4126 effe-

119 4139 279 4186 constanter
295 4129 356 4184 libri
374 4139 403 4184 et
419 4130 654 4252 ffimoegssmnim
671 4145 731 4208 νοεῖ
762 4131 831 4209 piem
849 4135 878 4181 et
895 4125 1012 4180 codicum
1029 4129 1172 4177 auetontas
1196 4126 1224 4170 et
1242 4133 1367 4170 sermome

118 4201 186 4255 bum
209 4199 266 4252 fere
294 4198 416 4270 proxime
439 4217 473 4251 an
549 4197 606 4250 enti
633 4197 731 4250 nomim
764 4195 905 4250 insolentia
921 4193 1009 4263 arguit
1026 4187 1146 4244 aCurtio
1163 4203 1216 4239 non
1234 4201 1289 4237 esse
1308 4200 1368 4252 pro-

119 4269 281 4340 “dflpssml't
325 4269 468 4322 vocabatur
499 4275 589 4321 autom
614 4282 732 4318 meonrm
764 4265 846 4318 fecta:
865 4271 912 4316 aut
920 4260 1072 4331 simpliciter
1081 4255 1192 4308 delenda
1201 4269 1302 4317 censeo,
1321 4257 1368 4302 aut
1480 4323 1483 4330 γ

119 4338 202 4392 Bern.
221 4337 247 4390 B
265 4336 339 4390 Flor.
359 4333 385 4390 G
404 4337 441 4390 H.
766 4334 908 4386 secundum
929 4328 1001 4382 Flor.
1017 4327 1042 4380 Β
1070 4321 1235 4378 scribendum
1260 4333 1369 4400 quoram

155 4410 178 4475 ἦ.
198 4413 241 4461 16.
268 4423 380 4474 quonam
397 4407 508 4458 altem
524 4404 603 4470 Nini,
621 4405 732 4456 altman
766 4403 878 4454 altason
897 4399 981 4462 Nini,
1008 4397 1120 4470 alterna
1138 4399 1194 4442 erat
1210 4387 1278 4440 Belo.
1317 4386 1369 4437 At-

122 4487 178 4531 erat
187 4477 265 4549 Bet]
281 4473 368 4529 Codd.
378 4491 439 4528 mss.
449 4472 566 4528 nonnulli
575 4489 683 4542 quom
692 4471 733 4524 ot·
766 4485 818 4539 que
835 4471 886 4523 hoo
902 4483 972 4520 nunc
989 4459 1110 4535 praetim.
