3158 5294
235 247 308 318 488
704 262 738 326 Q.
766 261 890 314 curru
914 262 1000 314 surr

337 446 436 522 Haec
462 445 583 547 egenti
609 447 693 519 Pori
720 456 757 520 et
775 445 916 546 'Taxilis
950 471 1077 545 regum
1102 446 1243 522 litterae
1268 445 1485 536 traduntur,
1498 469 1517 514 s

233 561 411 636 Abisaren
435 557 579 649 morbo,
605 557 825 657 Philippum,
850 559 1070 658 praefectum
1095 557 1222 656 ipsius,
1250 582 1300 630 ex
1327 560 1485 633 vulnere

236 672 414 762 interisse,
447 693 708 768 oppressosque
740 671 799 767 qui
826 670 1075 744 vulnerassent
1107 693 1198 742 eum.
1251 667 1377 767 Igitur
1406 670 1485 744 Phi·
1499 693 1518 736 r.

234 784 332 881 lippo
359 781 545 857 substituit
569 778 846 854 Eudaemonem.
889 777 976 852 Dux
1001 791 1080 854 erat
1105 779 1296 853 Thracum.
1353 781 1518 856 Abies-e

237 895 286 968 ris
312 919 462 991 regnum
487 894 560 968 filio
587 893 662 966 eius
689 891 862 966 attribuit.
1532 955 1533 980 2

186 1009 209 1078 4
338 1003 497 1078 Ventum
524 1013 581 1078 est
605 1000 734 1078 deinde
747 1001 962 1101 Perssgcds.
1002 1002 1147 1076 Persico
1172 1011 1228 1076 est
1245 1027 1355 1101 gens,
1384 1006 1487 1078 cuius

236 1128 398 1215 satrapes
413 1113 559 1190 Orsines
586 1125 674 1205 erat,
698 1113 886 1188 nobilitate
912 1139 954 1186 ac
973 1113 1105 1188 divitiis
1130 1115 1223 1186 inter
1242 1139 1380 1188 omnes
1410 1116 1487 1188 bar-

237 1230 345 1304 baros
384 1227 551 1301 eminens.
611 1223 733 1300 Genus
773 1225 928 1300 ducebat
966 1250 989 1298 a
1023 1222 1134 1324 Cyro,
1171 1223 1364 1322 quondam
1403 1247 1521 1323 reges.-

238 1338 448 1426 Persarum3
488 1362 575 1436 opes
601 1347 638 1410 et
669 1363 692 1410 a
716 1336 909 1410 maioribus
941 1335 1092 1409 traditus
1124 1336 1302 1426 habebat,
1343 1346 1385 1409 et
1414 1339 1488 1435 ipse

237 1452 346 1548 longa
370 1449 507 1546 imperii
532 1450 756 1547 possessione
783 1447 1036 1521 cumulaverat.
1076 1446 1123 1520 ·Is
1149 1448 1227 1544 regi
1251 1472 1342 1519 cum
1370 1451 1521 1522 omnus

238 1541 377 1660 generis
410 1559 527 1650 donis,
565 1585 639 1633 non
664 1560 732 1658 ipsi
766 1557 874 1632 modo
901 1581 958 1647 eo,
999 1557 1063 1634 sed
1090 1559 1197 1644 etium
1235 1559 1369 1633 amicis
1415 1561 1487 1634 eius

239 1670 409 1762 daturus,
449 1671 611 1744 occurrit.
672 1669 856 1768 Equorum
890 1667 1016 1742 domiti
1050 1695 1177 1770 greges
1221 1671 1489 1768 sequebantur,

241 1807 435 1881 currusque
462 1790 611 1880 argento
638 1790 675 1855 et
700 1807 788 1856 suro
813 1780 995 1872 adornati,
1035 1781 1192 1880 pretiosa
1218 1782 1417 1879 supellex,
1458 1802 1489 1855 et

240 1895 377 1969 nobiles
424 1918 605 1994 gemmae,
657 1918 766 1966 aureo
806 1893 928 1990 magni
969 1892 1137 1991 ponderis
1186 1917 1293 1982 vasa,
1350 1905 1490 1968 vestes

242 2031 311 2103 que
345 2030 564 2110 purpureae,
609 2013 644 2077 et
688 2003 818 2102 signati
861 2005 999 2102 argenti
1041 2005 1217 2078 talentum
1266 2003 1344 2078 tria
1381 2009 1489 2080 milis

242 2115 409 2191 Ceterum
448 2125 550 2188 tenta
597 2115 798 2213 benignitas
849 2116 1003 2190 barbaro
1065 2141 1173 2189 causa
1223 2115 1358 2188 mortis
1416 2119 1518 2191 firitu

241 2224 441 2301 Nemeum
475 2251 599 2300 omnes
624 2227 756 2300 amicos
791 2225 884 2324 regis
911 2224 1014 2300 donis
1055 2251 1162 2326 super
1199 2227 1371 2324 ipsorum
1405 2245 1489 2301 vota

243 2337 428 2430 coluisset,
483 2335 626 2435 Bagoae
683 2336 850 2436 spadoni,
898 2339 959 2434 qui
1010 2336 1258 2412 Alexandrum
1307 2337 1488 2437 obsequio

244 2448 401 2545 corporis
436 2447 648 2522 devinxerat
689 2448 774 2537 sibi,
817 2449 954 2522 nullum
987 2451 1160 2523 honorem
1199 2448 1342 2522 habuit
1421 2449 1519 2522 Ad-st

243 2560 470 2658 monitusque
504 2585 527 2633 a
561 2559 795 2657 quibusdam,
838 2585 945 2656 quam
981 2559 1189 2635 Alexandro
1233 2559 1339 2634 cordi
1385 2575 1488 2650 esset,

243 2670 445 2772 respondit,
484 2672 616 2746 amicos
648 2671 758 2770 regis,
795 2695 869 2743 nou
896 2683 1015 2749 scorta
1041 2696 1079 2744 se
1105 2671 1236 2761 colere,
1271 2696 1345 2745 nec
1380 2676 1488 2748 moris

244 2809 322 2858 esse
360 2782 497 2872 Persis,
548 2807 666 2856 mares
705 2781 853 2879 ducere,
905 2787 965 2884 qui
1005 2794 1130 2881 stupro
1178 2783 1487 2859 effeminarentur.

243 2892 309 2967 His
348 2893 478 2968 auditis
517 2892 631 2989 spado
661 2893 881 2992 potentiam,
920 2893 1055 2994 flagitio
1094 2903 1148 2966 et‘
1161 2891 1341 2968 dedecore
1387 2921 1488 2993 quse
1501 2911 1519 2959 Ξῖ

245 3005 365 3095 sitam,
404 3005 441 3078 in
481 3014 589 3102 caput
624 3003 834 3077 nobilissimi
880 3020 916 3082 et
954 3005 1104 3080 insontis
1139 3004 1312 3077 exercuit.
1386 3007 1488 3080 Ncm-

245 3142 314 3213 que
360 3115 477 3213 gentis
517 3114 677 3188 eiusdem
715 3114 912 3210 levissimos
953 3117 1050 3192 falsis
1098 3115 1303 3190 criminibus
1347 3119 1488 3194 adstru-

246 3341 318 3394 ciunt
334 3356 435 3396 omnes:
454 3343 554 3396 editum
571 3354 613 3399 est
630 3346 845 3400 crecentioribue
879 3346 1027 3414 drinpento,
1045 3361 1112 3396 unus
1121 3342 1226 3398 Flore
1245 3350 1275 3396 ut
1293 3341 1393 3400 editur
1411 3351 1488 3401 roles-

245 3409 412 3476 Babylonem.
430 3411 574 3465 Noseado
590 3430 620 3465 re
634 3431 712 3484 supra
724 3414 845 3468 (linimus.
879 3423 932 3466 tum
950 3423 1072 3481 quattuor
1088 3413 1171 3465 milio.
1210 3411 1265 3465 Sed
1289 3413 1324 3466 de
1348 3414 1489 3470 millemni

280 3479 303 3543 ᾖ,
323 3482 363 3529 20.
388 3479 567 3561 'Adssareoln
588 3479 646 3561 Sic·
658 3481 743 3562 edidit
765 3481 846 3535 Smk.
879 3481 979 3534 numeri
992 3480 1079 3602 cippo,
1095 3479 1194 3534 lineola
1204 3481 1413 3564 superinduem,
1432 3485 1489 3538 nris

246 3559 428 3668 iiilffi
443 3549 846 3671 tlttlffittttlffi·
879 3558 995 3670 illidi
1012 3556 1490 3688 ,mettum

282 3684 305 3750 ξ.
324 3689 364 3734 21.
405 3635 618 3755 Eudaemonemgi
653 3685 781 3740 Arrianus
805 3701 846 3754 vr,
878 3685 955 3739 tione
972 3685 1090 3756 Bagoae.

249 3755 279 3802 17
289 3747 431 3869 Ep'drypov‚
448 3753 585 3808 Diodorus
593 3769 655 3822 xrx,
668 3763 699 3809 14
712 3751 848 3824 Εὔδαμον
897 3765 940 3842 '§.
958 3767 1001 3842 29.
1018 3779 1095 3831 quum
1113 3764 1189 3815 Alex·
1206 3764 1280 3815 cordi
1298 3768 1383 3838 esset]
1407 3768 1489 3822 Recte

247 3819 396 3957 apldespiltl,
427 3895 452 3956 5.
469 3897 512 3944 22.
546 3893 704 3964 Persapada
739 3892 848 3946 fecimus
883 3831 1049 3952 bilimeridiidri
1067 3831 1134 3964 sliri,
1166 3829 1489 3976 uiiidsiudiddliisflipiidd

248 3972 308 4008 cum
332 3957 413 4027 vulgo
439 3958 562 4012 ederetur
586 3961 772 4083 Ρενεαίῗάαε,
802 3960 849 4014 sed
882 3966 910 4019 in
928 3965 1034 4038 optimis
1050 3965 1124 4020 libris
1139 3983 1231 4037 equum
1241 3969 1403 4025 Alexandro
1420 3977 1490 4026 cordi

248 4041 307 4078 mss.
338 4041 427 4078 omnes
458 4027 620 4097 Perscpcra.
699 4031 742 4084 rde
769 4045 849 4099 supra
883 4053 938 4088 esse
955 4033 1067 4104 legium,
1085 4035 1156 4087 unde
1174 4033 1217 4088 elii
1236 4035 1360 4091 fecerunt
1379 4045 1488 4112 eqrdrrerr

248 4093 282 4144 ad
300 4107 334 4159 V,
353 4100 394 4148 20.
452 4163 458 4176 .
531 4165 556 4177 ..
667 4165 673 4177 Ι
882 4104 959 4156 Alex.
986 4105 1060 4156 cordi
1085 4119 1152 4169 esse,
1188 4103 1346 4173 prudentius
1374 4111 1489 4162 corrosit

288 4165 310 4227 §-
337 4168 378 4216 24.
422 4172 474 4216 trra
496 4165 584 4241 rugitu}
627 4165 701 4219 Lcrd·
727 4165 804 4219 Voss.
833 4171 844 4217 1
881 4171 953 4225 Flor.
972 4171 997 4224 G
1014 4187 1071 4225 eum
1089 4173 1164 4224 Alex.
1183 4173 1257 4225 cordi
1274 4189 1339 4226 esse.
1377 4176 1489 4231 Heinsio

249 4237 319 4291 Flor.
338 4241 363 4291 A
389 4242 486 4294 talenta
505 4255 553 4307 111,
570 4239 633 4295 Flor
649 4241 701 4295 BD
723 4249 752 4295 et
767 4243 848 4296 Bern.
882 4241 1075 4294 emendandum
1092 4239 1233 4292 videbatur
1246 4257 1424 4310 perquom-
1440 4265 1489 4300 esst·

248 4309 274 4360 A
292 4309 349 4361 ead.
367 4327 401 4362 m.
418 4309 444 4362 in
462 4309 579 4379 margine
598 4312 696 4364 talenta
713 4325 766 4363 1111.
797 4310 849 4365 Ce-
883 4309 1002 4362 sednon
1019 4307 1115 4362 attinet
1132 4307 1273 4378 quicquam
1291 4317 1408 4366 mutare.
1427 4315 1489 4368 vu-

249 4377 299 4432 ten·
321 4377 381 4430 libri
404 4386 449 4430 sut
466 4381 564 4432 tolenea
591 4389 703 4449 quatuor
720 4386 767 4432 aut
784 4397 849 4450 qua·
883 4386 947 4448 gnta
963 4384 1007 4430 est
1023 4376 1052 4429 in
1068 4375 1139 4430 F10r·
1158 4375 1206 4430 Dl·
