3238 5296
274 357 347 428 402
742 379 776 442 Q.
804 378 932 432 caeru
955 379 1041 432 narr

221 559 269 630 34
371 557 484 656 Igitur
497 558 706 634 Alexandro
732 563 821 637 lines
842 563 963 638 Indiae
988 565 1150 661 ingresso
1176 564 1337 661 gentium
1363 587 1513 637 suarum
1533 580 1564 625 x

270 671 383 769 reguli
404 680 644 762 occurrerunt,
670 674 845 772 imperata
858 675 996 766 facturi,
1021 676 1121 749 illum
1140 675 1286 747 tertium
1302 673 1390 747 love
1413 675 1516 772 geni-

269 791 346 854 tum
373 781 420 856 ad
445 783 542 882 ipsos
568 785 775 883 pervenisse
800 797 1058 861 memorantes:
1093 786 1239 860 Patrem
1264 784 1433 860 Liberum
1458 797 1517 858 at

268 919 337 990 que
371 893 563 970 Herculem
606 896 701 969 fama
737 899 898 996 cognitos
932 923 1025 990 esse,
1068 899 1186 997 ipsum
1225 921 1346 970 coram
1382 895 1516 970 adesse
1587 909 1588 970 l

268 1007 444 1104 cernique.
498 1007 577 1081 Rex
602 1008 755 1106 benigne
783 1021 952 1109 exceptos
979 1010 1079 1107 sequi
1105 1009 1228 1101 iussit,
1253 1006 1380 1082 iisdem
1405 1009 1545 1081 stine-2

267 1141 348 1190 rum
366 1118 515 1192 ducibus
537 1144 677 1193 usuras.
714 1118 883 1194 Ceterum
901 1147 982 1194 eum
1002 1122 1154 1218 amplius
1170 1145 1274 1193 nemo
1296 1131 1515 1208 occurreret,

265 1227 569 1328 Hephaestionem
595 1243 632 1304 et
657 1231 844 1308 Perdicam
871 1259 952 1306 cum
978 1233 1160 1331 copiarum
1190 1242 1294 1332 parte
1325 1232 1515 1331 praemisit
1587 1176 1588 1264 l

266 1341 314 1414 ad
366 1341 598 1440 subigendos,
652 1345 713 1442 qui
770 1357 1022 1420 aversarentur
1071 1345 1277 1443 imperium:
1334 1343 1514 1440 iussitque
1587 1367 1588 1418 ff

266 1451 313 1526 ad
338 1453 471 1528 flumen
496 1453 625 1528 Indum
650 1457 862 1555 procedere,
895 1467 932 1530 et
957 1457 1100 1553 navigia
1124 1457 1256 1547 facere,
1290 1455 1367 1552 quis
1392 1455 1431 1526 in
1457 1455 1512 1526 ul·
1587 1483 1588 1536 1

266 1565 398 1638 teriora
427 1567 664 1664 transportari
695 1580 820 1666 posset
845 1569 1033 1642 exercitus.
1094 1566 1167 1658 llli,
1199 1567 1282 1664 quia
1312 1568 1417 1664 plura
1442 1565 1543 1638 flu-³

264 1673 362 1750 mina
387 1678 590 1776 superanda
616 1689 734 1770 erant,
761 1681 811 1752 sie
836 1680 987 1754 iunxere
1011 1703 1142 1770 naves,
1174 1689 1216 1752 ut
1242 1678 1380 1752 solutae
1406 1678 1510 1774 plau·
1587 1699 1588 1784 ᾗ

264 1790 329 1863 tris
367 1790 450 1864 vehi
489 1802 656 1889 possent,
695 1816 889 1889 rursusque
929 1791 1105 1890 coniungi.
1163 1790 1252 1864 Post
1290 1815 1329 1862 se
1356 1786 1541 1862 Crateros

264 1925 346 1974 cum
372 1902 548 2002 phalange
574 1903 671 1977 iusso
698 1903 816 2000 sequi,
852 1905 1050 2002 equitatum
1075 1928 1117 1974 ac
1143 1901 1260 1974 levem
1285 1910 1509 1974 armaturam
1587 1951 1588 1956 ,

263 2013 399 2105 eduxit,
427 2040 568 2112 eosque,
596 2015 656 2114 qui
679 2027 921 2108 occurrerant,
947 2016 1018 2089 levi
1044 2013 1179 2113 proelio
1206 2013 1244 2084 in
1269 2012 1397 2086 urbem
1422 2037 1507 2110 pro-
1587 1977 1588 2070 l

261 2125 396 2197 ximam
430 2127 611 2225 compulit.
669 2125 746 2199 Iam
779 2137 1037 2225 supervenerat
1068 2124 1247 2199 Craterus.
1300 2123 1426 2221 Itaque
1464 2135 1538 2196 ute

261 2237 432 2335 principio
458 2247 633 2311 terrorem
658 2237 834 2311 incuteret
854 2239 953 2336 genti
971 2236 1134 2310 nondum
1154 2261 1253 2308 arma
1265 2233 1508 2308 Macedonum

262 2358 450 2444 expertae,
490 2349 679 2447 praecipit,
719 2375 765 2423 ne
791 2349 848 2422 cui
874 2359 1097 2446 parceretur,
1136 2345 1365 2420 munimentis
1391 2345 1506 2435 urbia,

261 2482 368 2554 qnam
394 2460 597 2551 obsidebat,
632 2462 795 2534 incensis.
820 2477 828 2494 ¹
849 2459 1017 2534 (Merum
1049 2457 1135 2532 dum
1160 2458 1345 2554 obequitat-
1369 2459 1538 2530 moeni-o

261 2570 345 2660 bus,
373 2571 504 2667 sagitta
528 2572 620 2644 ictus
647 2582 711 2644 est.
766 2569 869 2669 Cepit
894 2581 1016 2644 tamen
1041 2569 1235 2669 oppidum,
1262 2579 1309 2660 et,
1335 2569 1504 2643 omnibus
1546 2643 1549 2649 ,
1587 2651 1588 2656 ,

259 2681 382 2754 ineolis
408 2682 484 2755 eius
509 2682 714 2773 trucidatis,
742 2685 849 2758 etiam
874 2683 912 2756 in
937 2694 1033 2757 tecta
1059 2683 1235 2756 saevitum
1262 2690 1326 2754 est.
1587 2681 1588 2688 ἶ

210 2793 256 2864 35
361 2791 450 2867 Inde
477 2793 612 2868 domita
638 2795 785 2893 ignobili
803 2805 922 2894 gente,
949 2793 996 2866 ad
1007 2791 1145 2894 Nysam
1171 2792 1297 2864 urbem
1322 2790 1534 2890 perveniri

258 2903 365 2978 Forte
391 2907 516 2979 castris
544 2917 627 2979 ante
652 2907 731 3005 ipsa
753 2908 893 2980 moenia
918 2907 955 2978 in
980 2906 1135 2978 silvestri
1160 2904 1406 3001 locopositis,
1439 2928 1503 2974 no·

258 3031 424 3091 cturnum
450 3018 561 3116 frigus
576 3017 823 3093 vehementius
850 3043 958 3115 quam
984 3017 1070 3092 alias
1096 3017 1245 3090 horrore
1271 3039 1423 3114 corpora
1450 3015 1501 3086 af·
1587 3085 1588 3092 ,

255 3131 354 3221 fecit,
388 3140 701 3228 opportunumque
728 3128 924 3203 remedium
950 3129 1041 3226 ignis
1068 3128 1228 3201 ablatum
1255 3137 1319 3200 est
1374 3122 1533 3198 Caesiss
1587 3213 1588 3226 ἵ

257 3242 388 3339 ‘lUlPPe
415 3242 513 3313 Silvis
539 3241 720 3313 flammam
746 3241 1010 3331 excitaverunt,
1038 3265 1145 3338 quae,
1171 3239 1245 3338 igni
1270 3239 1371 3327 alita,
1398 3235 1499 3334 oppi-
1587 3229 1588 3270 ³

292 3405 357 3475 Cap.
377 3413 424 3474 sl,
452 3409 475 3474 ξ.
494 3413 517 3460 1.
570 3424 615 3460 aas
638 3409 743 3475 Indiae]
778 3407 858 3460 Bern.
894 3407 1015 3461 omnibus
1032 3425 1093 3461 mss.
1109 3414 1215 3527 tempas
1232 3421 1356 3477 praeseus
1374 3401 1419 3470 sit,
1438 3419 1499 3456 eor-

255 3473 282 3527 A
299 3474 369 3528 Flor.
387 3476 412 3528 A
430 3473 505 3527 Leid.
549 3491 600 3527 oss.
621 3481 632 3527 1
642 3476 721 3542 finis.
893 3485 1020 3530 rexerunt
1050 3475 1088 3529 illi
1112 3475 1218 3546 quiem
1247 3473 1418 3545 obequitabat.
1455 3471 1499 3525 cf.

290 3547 312 3608 ξ.
330 3549 354 3595 2.
381 3553 564 3597 aversarentur
578 3545 613 3594 tm
633 3544 722 3610 mam]
759 3545 859 3596 Adver-
893 3545 925 3596 ad
944 3559 989 3611 ru,
1009 3552 1056 3610 32,
1075 3551 1116 3600 80.
1160 3543 1216 3597 Sed
1233 3553 1270 3597 est
1288 3543 1363 3596 abest
1380 3558 1398 3594 a
1414 3539 1498 3610 pluri·

256 3621 378 3664 narentur
413 3611 484 3665 Flor.
517 3610 593 3664 BDE
618 3610 686 3664 GHI
721 3611 801 3665 Bern.
833 3613 857 3665 B
892 3612 940 3665 mis
958 3620 986 3666 et
1003 3613 1110 3684 optimis
1127 3611 1208 3679 libris,
1227 3613 1332 3666 videtur
1349 3619 1498 3663 tmenex·

257 3679 367 3732 Voss.2
419 3690 514 3752 rpetua
531 3679 696 3747 confusione,
723 3682 786 3751 qnia
804 3697 858 3733 ver·
892 3680 984 3736 cidisse
1008 3681 1097 3752 potius
1125 3699 1204 3751 quam
1230 3699 1259 3736 sn
1279 3679 1407 3750 piendum
1432 3693 1499 3741 me,

255 3759 377 3801 careatur
386 3698 508 3804 {erud
524 3767 565 3819 pr.
574 3767 610 3803 m.
626 3750 697 3802 unde
711 3747 858 3820 explicatur
892 3759 921 3803 et
937 3759 1012 3804 extat
1029 3751 1056 3803 in
1073 3750 1143 3806 Flor.
1162 3750 1238 3804 CEH
1255 3699 1336 3804 dem.
1353 3747 1386 3828 Βἰ

255 3817 361 3871 Flora
375 3821 602 3888 quiversareatar.
622 3819 855 3887 craumers.
926 3819 1043 3889 capas.
1063 3823 1120 3887 §.a
1147 3830 1207 3872 aare
1224 3821 1282 3888 ipsa
1300 3817 1415 3886 mamea]
1434 3815 1497 3868 Hoc

287 3892 308 3952 ξ.
325 3893 350 3938 4.
377 3903 419 3940 eac
438 3905 468 3941 ue
486 3890 532 3958 qai
544 3890 722 3955 cosummat]
759 3889 856 3941 Ocurr·
890 3889 971 3941 verba
987 3889 1078 3941 ordine
1088 3887 1252 3942 collocuntur
1267 3887 1295 3938 in
1305 3883 1380 3940 codd.
1398 3883 1497 3938 nostris

252 3966 309 4007 reat
327 3905 440 4008 moal
462 3955 536 4009 Leid.
553 3961 629 4010 Voss.
649 3964 662 4009 1
683 3957 754 4009 Bern
772 3956 797 4008 Α
834 3974 855 4009 r.
890 3956 1024 4022 omnibus;
1061 3956 1125 4010 item
1155 3955 1291 4025 aliquanto
1320 3961 1382 4025 post
1415 3952 1496 4005 iidem

251 4039 294 4086 rra,
311 4035 473 4077 recurrerent
487 4025 592 4079 Flor.D
610 4035 778 4078 cacaverant
820 4023 854 4090 G,
890 4035 965 4078 erant
976 4027 1070 4095 sacta,
1089 4042 1137 4095 pro
1153 4024 1225 4095 vulg.
1236 4024 1317 4094 sacta
1335 4031 1425 4087 aaut,
1449 4020 1496 4074 de-

251 4103 419 4146 recarreraat
436 4093 457 4148 l.
485 4094 539 4146 Sed
556 4101 673 4163 praestat
694 4093 855 4164 reliquorum
890 4092 970 4164 nique
988 4097 1027 4146 ad
1042 4095 1130 4146 artem
1147 4097 1232 4164 ipsos,
1260 4091 1331 4162 quod
1347 4089 1430 4160 vulgo
1454 4098 1497 4144 cst

253 4161 410 4230 scripturam
428 4161 584 4232 exprimere,
602 4179 664 4214 nam
682 4172 854 4230 occurrerent,
890 4163 962 4231 arsos
980 4165 1017 4215 ad
1033 4163 1129 4215 arbem.

248 4229 425 4310 qnodmalles
439 4230 599 4283 lomasseex
613 4229 717 4300 optimis
735 4229 853 4284 illisoor-
922 4235 946 4298 5.
965 4237 990 4284 8.
1013 4247 1079 4301 qaae
1096 4231 1153 4312 ''tlm'
1176 4230 1252 4297 alita]
1291 4229 1413 4281 Hammo
1437 4229 1496 4308 ipat

250 4313 344 4368 rigere,
364 4298 488 4368 quoniam
501 4299 534 4350 de
552 4316 604 4352 nno
619 4295 741 4352 conflictu
753 4299 853 4353 dictum
885 4301 952 4352 alita
970 4317 1023 4352 non
1040 4297 1135 4352 iniuria
1151 4297 1268 4351 Fabrum
1285 4295 1413 4363 offendit,
1442 4307 1495 4350 rta-

250 4375 302 4432 est,
321 4366 447 4420 sermonis
465 4367 537 4438 leges
555 4385 610 4420 non
628 4367 726 4420 serunt.
886 4383 937 4449 qne
955 4369 1035 4438 liquis
1049 4370 1114 4420 alita
1123 4365 1279 4420 emendavit.
1306 4365 1401 4418 Posses
1411 4365 1494 4419 etiam

249 4439 351 4558 slpptt.
364 4437 431 4560 geppe
449 4437 630 4560 obelqrpp'ltlapa-
646 4438 712 4489 ictas
731 4438 779 4508 est]
802 4436 852 4518 Fe·
887 4455 895 4490 r
907 4439 944 4558 eii
958 4439 1039 4558 diiii
1050 4444 1132 4558 atqup
1148 4435 1185 4489 sic
1203 4433 1494 4556 iiaetidii⁰r⁸g⁰um‘

261 4521 463 4559 serres
499 4524 516 4558 a
556 4522 852 4574 rs,namcum1n
965 4523 992 4558 vr
1038 4519 1349 4574 uraaexpcaom
1424 4519 1494 4572 esee,
