3158 5294
482 432 532 483 nu
559 429 685 482 cesrrs
712 430 820 482 menn.
852 433 902 502 nr,
929 428 971 478 se.
1275 411 1349 485 475

101 611 294 710 fastigium
325 623 590 712 occupaverant
621 612 757 688 undae:
798 640 878 688 cum
911 613 1030 689 subito
1062 639 1179 688 novus
1212 626 1250 688 et
1281 617 1350 714 pri-

40 739 81 787 ιο
102 721 206 795 stino
260 725 374 799 maior
418 736 535 800 terror
573 725 753 799 incutitur.
818 724 1045 824 Reciprocari
1084 727 1203 824 coepit
1241 752 1349 816 mare,

102 858 243 931 magno
270 846 389 909 tractu
414 839 515 935 aquis
542 839 578 910 in
606 861 711 910 suum
741 837 874 910 fretum
903 838 1187 927 recurrentibus,
1224 837 1350 911 redde·

103 945 245 1042 batque
271 957 385 1024 terras
412 950 518 1048 paulo
545 958 630 1022 ante
655 946 833 1046 profundo
859 948 935 1021 salo
961 973 1107 1022 mersas.
1152 947 1265 1046 Igitur
1291 948 1350 1022 de·

103 1057 238 1130 stituta
263 1061 407 1159 navigia
432 1060 502 1133 alia
527 1059 808 1158 praecipitantur
832 1059 869 1131 in
901 1081 1042 1157 proras,
1081 1059 1150 1132 alia
1175 1060 1213 1132 in
1238 1061 1352 1133 latera

103 1169 361 1266 procumbunt.
408 1168 519 1245 Strati
545 1181 648 1245 erant
674 1171 788 1268 campi
815 1170 972 1259 sarcinis,
1000 1171 1118 1262 armis,
1145 1173 1352 1246 avulsarum

46 1299 83 1345 21
105 1279 317 1354 tabularum
353 1307 604 1380 remorumque
643 1281 862 1380 fragmentis.
914 1279 1015 1354 Miles
1053 1298 1120 1354 neo
1157 1282 1280 1381 egredi
1308 1285 1354 1380 ¹in
1413 1321 1417 1328 Δ

107 1401 255 1483 terram,
282 1394 410 1467 necin
437 1419 530 1468 nave
546 1393 752 1468 subsistere
774 1391 940 1484 audebat,
967 1391 1162 1467 identidem
1188 1419 1353 1492 praesen-

107 1503 209 1576 tibus
243 1505 429 1603 graviora,
469 1530 561 1602 quae
597 1513 849 1601 sequerentur,
889 1515 1093 1604 expectans.
1154 1504 1240 1604 Vix·
1264 1530 1355 1602 quac

109 1615 407 1714 perpetiebantur
432 1615 556 1690 videre
586 1616 683 1713 ipsos
716 1614 927 1707 credebant,
961 1618 998 1690 in
1030 1617 1124 1691 sicco
1156 1615 1352 1714 naufragia,

53 1744 90 1792 ἰι
112 1726 151 1798 in
178 1727 274 1800 amni
300 1753 409 1803 mare.
461 1725 536 1801 Nec
562 1727 642 1800 finis
677 1727 862 1799 malorum.
915 1725 1055 1826 Quippe
1082 1738 1221 1802 aestum
1246 1727 1355 1824 paulo

13 1909 14 1912 ,
111 1848 199 1935 post
224 1864 322 1914 mare
348 1841 562 1932 relaturum,
594 1865 665 1936 quo
691 1837 835 1934 navigia
860 1839 1118 1931 allevarentur,
1150 1837 1280 1936 ignari,
1306 1837 1356 1910 fa·

13 2025 14 2028 ,
111 1975 210 2023 mem
242 1961 279 2024 et
309 1952 435 2025 ultima
468 1952 610 2024 sibimet
641 1949 901 2023 ominabantur.
954 1949 1088 2026 Beluae
1119 1974 1261 2049 quoque
1292 1948 1356 2022 flu-

13 2101 15 2142 :
114 2060 233 2134 atibus
260 2060 454 2136 destitutae
479 2060 655 2134 terribiles
682 2060 918 2158 vagabantur.

60 2189 94 2238 aa
218 2171 366 2269 lamque
395 2197 472 2244 nox
503 2170 715 2270 appetebat,
754 2182 791 2245 et
824 2193 946 2271 regem
978 2199 1121 2272 quoque
1152 2171 1406 2270 desperati037

13 2327 16 2372 ι
116 2283 241 2356 salutis
269 2283 490 2388 aegritudine
516 2283 694 2358 affecerat.
747 2280 828 2356 Non
855 2285 1174 2382 tamen-invictum
1201 2283 1357 2357 animum

13 2441 15 2484 2
118 2418 224 2467 curae
251 2393 418 2485 obruunt,
445 2395 531 2492 quin
556 2403 635 2468 tote
659 2404 765 2468 nocte
791 2395 990 2493 persideret
1011 2397 1048 2470 in
1070 2397 1234 2495 speculis,
1262 2396 1356 2492 equi·

13 2555 15 2596 ι
118 2514 244 2605 tesque
271 2507 517 2604 praemitteret
542 2504 590 2580 ad
616 2531 656 2579 os
683 2506 807 2597 amnis,
834 2517 885 2598 ut,
912 2533 994 2581 cum
1019 2531 1118 2581 mare
1142 2532 1268 2580 rursus
1295 2533 1356 2581 ex-

13 2687 15 2708 ,s
63 2635 99 2683 ιι
117 2626 281 2690 aestuare
307 2619 516 2711 sensissent,
542 2617 806 2717 praecederent.
859 2616 1012 2717 Navigia
1037 2643 1179 2716 quoque
1206 2629 1243 2690 et
1268 2619 1357 2691 lace·

118 2739 197 2802 rata
222 2729 335 2818 refici,
367 2739 406 2802 et
431 2754 557 2803 eversa
582 2729 749 2802 fluctibus
776 2730 864 2827 erigi
888 2729 1004 2821 iubet,
1037 2739 1252 2828 paratosque
1279 2753 1358 2802 esse

67 2855 101 2906 ιι
120 2847 156 2911 et
186 2839 360 2930 intentos,
396 2865 477 2914 cum
502 2865 627 2914 rursus
653 2864 751 2912 mare
777 2851 892 2913 terras
924 2838 1143 2946 inundasset.
1197 2839 1290 2913 Tota
1315 2865 1359 2913 ea

13 3011 15 3042 ,
100 2960 224 3048 ¹nocte
259 2951 353 3024 inter
385 2951 523 3049 vigilias
559 2948 900 3048 adhortationesque
935 2959 1162 3048 consmnpta,
1197 2951 1358 3024 celeriter

13 3085 15 3156 ἢ
121 3071 158 3135 et
188 3063 325 3160 equites
356 3063 493 3162 ingenti
523 3087 631 3135 cursu
661 3063 840 3160 refugere,
879 3071 918 3136 et
954 3070 1098 3135 secutus
1134 3071 1190 3134 est
1227 3071 1357 3134 aestus.

123 3309 178 3429 εἰ,
192 3312 245 3428 fftl.
289 3310 317 3362 ia
343 3323 417 3428 poce·
443 3308 596 3430 edeam]
645 3305 722 3361 Vidit
755 3305 864 3429 ῙιῃιιιίἱιιιιΙ
880 3325 934 3430 opp
958 3303 1046 3427 incepi
1067 3321 1117 3360 nec
1142 3311 1248 3358 tantum
1271 3301 1309 3358 illi
1331 3303 1359 3358 in

143 3391 271 3430 coerus
307 3393 342 3429 uo
395 3393 495 3430 norum
546 3395 553 3428 1
585 3392 721 3430 rumocu-
783 3391 1059 3430 senonuscreo.

13 3467 15 3514 3
122 3443 160 3497 los
177 3394 328 3515 sugit,1llo
344 3463 380 3498 ru
424 3453 454 3498 ta
471 3445 586 3500 omnium
604 3443 722 3498 codicum
788 3447 972 3514 praecederent
989 3443 1060 3498 edidi
1082 3461 1131 3516 pro
1149 3441 1220 3513 vulg.
1234 3445 1358 3512 procede-

13 3549 16 3580 ,
123 3511 251 3583 scriptura
266 3515 295 3566 in
312 3531 391 3568 naves
413 3513 579 3569 scribendum
601 3529 658 3568 esee
675 3513 722 3566 de·
755 3523 821 3581 rent,
840 3513 882 3568 cui
899 3513 942 3567 hic
960 3514 1031 3568 locus
1048 3531 1102 3567 non
1119 3521 1161 3566 est
1179 3519 1270 3582 aptus,
1298 3528 1359 3564 nam

122 3579 175 3632 leta
194 3579 284 3634 littera
300 3599 328 3648 a,
360 3581 470 3636 confinio
511 3581 628 3637 mximas
650 3581 721 3635 vocis
749 3585 893 3652 procedere
909 3583 1026 3652 equites,
1054 3600 1113 3636 cum
1131 3581 1164 3633 ad
1188 3579 1267 3633 maris
1285 3579 1359 3642 littus

13 3691 14 3700 ,
124 3655 192 3713 nate,
211 3650 239 3700 in
256 3665 329 3702 aare.
365 3649 419 3704 Ubi
437 3668 464 3702 m
508 3650 568 3704 cina
584 3657 640 3704 tem
657 3650 721 3704 feci·
754 3658 896 3718 venerant,
914 3669 968 3705 non
985 3650 1095 3721 amplius
1113 3656 1250 3720 poterant,
1269 3647 1358 3719 itaque

13 3757 15 3788 ,
124 3714 153 3767 lis
170 3715 296 3785 suppetit,
334 3716 373 3768 uir
392 3718 425 3769 de
438 3718 636 3798 exceptionibus
654 3734 721 3788 quac
754 3719 806 3772 suit
827 3718 908 3772 etiam
931 3719 975 3790 qui
997 3721 1167 3772 retrocedere!
1190 3715 1285 3785 vellet,
1313 3716 1359 3770 sed

124 3790 150 3836 et
164 3799 241 3836 rarae
257 3791 286 3837 et
329 3784 411 3837 tarius
427 3802 531 3855 genens
548 3793 625 3853 sunt,
647 3784 721 3855 loqui
749 3789 909 3857 praecedere
927 3787 1061 3840 debebant
1073 3785 1151 3840 maris
1165 3793 1276 3839 aestum.
1296 3784 1359 3838 Est-

123 3849 201 3904 relit?
755 3871 807 3926 que
823 3854 893 3908 idem
911 3853 1049 3908 discrim
1063 3857 1203 3908 verborum
1222 3853 1292 3924 quod
1310 3872 1359 3907 oo·

155 3923 229 3989 §.22
264 3919 323 3973 Nec
336 3921 418 3992 ¹finis]
444 3921 517 3988 finer
538 3937 628 3977 omnes
650 3921 721 3975 codi-
756 3931 852 3976 stratas
870 3922 970 3976 faciunt
990 3921 1061 3976 inter
1083 3928 1199 3993 uergebat
1217 3931 1245 3974 et
1263 3929 1358 3983 tortere

124 4005 162 4042 ces
180 3987 262 4041 nostri
279 3995 308 4042 et
325 3986 399 4044 Leid.
421 3989 499 4046 Voss.
520 3997 535 4044 2
554 3990 624 4060 apud
639 3989 720 4042 Soak.
757 3994 836 4058 geben.
864 3990 973 4045 Codices
983 3999 1071 4045 eutem
1080 3992 1158 4061 longe
1168 3990 1255 4062 plures
1266 4007 1358 4060 praec.

13 4119 14 4126 χ
156 4055 272 4128 Caper,
292 4059 366 4126 ΜΒ.
380 4059 530 4138 persideret
548 4061 576 4112 r'n
594 4059 720 4128 specula]
755 4075 833 4130 quam
849 4063 992 4129 procedere
1015 4061 1157 4127 exhibent,
1184 4058 1307 4113 nimirum
1325 4058 1358 4112 de

13 4133 14 4148 ¹
124 4125 194 4180 Libri
211 4125 278 4179 editi
328 4129 469 4193 accederet,
493 4126 585 4197 scripti
624 4129 721 4180 made·
755 4127 852 4182 nostris
870 4127 941 4182 Flor.
957 4127 1076 4183 DFGHI
1092 4129 1129 4196 (E
1142 4130 1357 4199 praetenderent)

124 4205 166 4249 ret.
200 4194 259 4249 Nec
301 4195 390 4248 ubium
412 4203 465 4260 est,
491 4195 558 4249 utris
588 4145 651 4248 ἄιε
674 4195 721 4248 ha·
755 4195 1089 4252 etSnalr.Leid.Voss.1
1110 4197 1196 4278 (quod
1215 4196 1359 4250 fateorme

123 4264 206 4316 bande
233 4261 281 4330 sit,
314 4264 528 4385 quandoq'uidem
555 4263 721 4336 praesidendi
754 4263 863 4332 mirari).
900 4265 955 4319 Sed
975 4266 1003 4319 in
1025 4265 1074 4321 bec
1098 4266 1205 4337 qmdem
1228 4263 1359 4318 varietate

124 4333 227 4385 verbum
249 4333 274 4386 h.
288 4332 305 4385 l.
323 4351 377 4387 non
399 4333 434 4386 ha
454 4343 483 4386 et
504 4350 557 4404 quo
579 4333 717 4388 referatur.
754 4333 798 4386 vix
820 4334 967 4404 vulgarium
988 4335 1109 4389 codicum
1132 4333 1297 4405 expectanda
1318 4339 1359 4385 est

124 4399 224 4454 Medius
241 4401 346 4471 quidem
361 4401 388 4456 in
402 4401 455 4455 suis
468 4401 626 4456 membranis
636 4401 721 4454 omni·
754 4402 905 4457 auctoritas.

13 4535 14 4544 ἵ
125 4468 174 4546 bus.
188 4472 351 4537 persederet,
377 4469 468 4524 littera
494 4470 621 4540 primitivi
643 4487 720 4524 voca·
789 4477 813 4538 S.
824 4479 865 4526 24.
890 4482 913 4525 et
931 4470 1060 4542 lacerato]
1089 4469 1189 4524 Addidi
1207 4480 1230 4523 et
1248 4469 1357 4522 iubente

13 4545 14 4550 ’
125 4535 364 4607 bubnoumutete,
382 4555 439 4594 esse
454 4538 570 4594 notarit:
589 4555 720 4611 egomws
754 4539 876 4596 codicum
893 4557 1030 4596 consensu.
