3158 5294
196 275 271 348 436
667 297 701 358 o.
729 295 853 348 curru
878 295 963 347 num

192 500 319 576 penore
336 475 554 568 decreverat,
581 478 735 551 transitu
754 477 933 554 difficilem
957 503 1030 552 non
1057 475 1175 574 spatio
1193 475 1310 547 solum
1328 497 1450 570 aqua-

103 633 108 642 ,
193 611 291 679 rum,
323 587 521 662 sedetiam
546 589 643 662 saxis
674 587 893 688 impeditum.
945 586 1182 662 Percontatus
1208 586 1318 683 igitur
1344 583 1485 656 Phe-2

192 725 279 798 gea,
318 723 409 796 quae
447 697 629 772 noscenda
654 711 771 790 erant,
810 723 851 773 xr
884 699 1022 773 dierum
1061 699 1156 771 ultra
1194 695 1331 770 flumen
1374 720 1450 792 per

192 821 315 885 vastas
343 808 551 883 solitudines
576 809 645 883 iter
669 833 749 884 esse
775 812 976 909 cognoscit3
1004 811 1170 908 excipere
1192 806 1325 882 deinde
1342 803 1447 881 Gan·

191 947 276 1020 gen,
308 921 504 993 maximum
537 920 648 994 totius
683 920 806 994 Indiae
839 921 1040 996 fluminum:
1078 919 1285 992 ulteriorem
1318 919 1485 1017 ripama

192 1033 308 1106 colere
333 1041 459 1128 gentes
486 1027 707 1128 Gangaridas
734 1042 771 1105 et
796 1032 956 1123 Prasios,
985 1055 1177 1128 eorumque
1201 1054 1328 1128 regem
1357 1053 1448 1102 esse

190 1141 464 1242 Aggrammcm,
490 1169 543 1215 xx
567 1142 710 1216 milibus
735 1143 895 1240 equitum
920 1140 1154 1239 ducentisque
1179 1139 1347 1239 peditum
1377 1141 1447 1213 ob·

190 1253 367 1328 sidentem
391 1253 480 1326 vias.
530 1252 592 1326 Ad
616 1253 685 1326 hoc
711 1252 965 1351 quadrigarum
991 1252 1063 1326 duo
1090 1252 1188 1325 milia
1213 1251 1371 1340 trahere,
1403 1263 1481 1323 ets

190 1367 420 1464 praecipuum
436 1374 610 1438 terrorem
623 1365 841 1462 elephantos,
862 1390 951 1461 quos
970 1366 1079 1438 trium
1094 1363 1230 1436 milium
1245 1385 1448 1435 numerum

192 1477 336 1574 explere
363 1471 513 1547 dicebat.
556 1472 780 1548 Incredibilia
805 1475 881 1574 regi
907 1475 1026 1548 omnia
1051 1473 1277 1549 videbantur.
1318 1471 1482 1570 Igitur-²»

193 1585 328 1658 Porum
360 1584 463 1683 (nam
504 1608 586 1657 cum
612 1609 655 1658 eo
681 1584 782 1684 erat)
809 1595 1058 1683 percontatur,
1097 1611 1144 1658 an
1169 1609 1258 1658 vera
1298 1594 1443 1672 essent,
1544 1645 1545 1660 ἶ

193 1722 286 1795 quae
311 1693 536 1769 dicerentur?
573 1695 653 1788 Ille,
684 1698 779 1771 vires
812 1677 955 1795 quidem
989 1696 1105 1793 gentis
1137 1707 1174 1769 et
1206 1695 1311 1792 regni
1338 1693 1483 1767 haudo

191 1809 283 1882 falso
308 1806 442 1896 iactari,
469 1805 639 1880 affirmat:
668 1818 826 1882 cetemm
843 1807 903 1903 qui
929 1817 1095 1905 regnaret
1113 1830 1192 1878 non
1206 1804 1318 1879 modo
1337 1805 1448 1902 igno

191 1919 299 1992 bilem
324 1942 421 2009 esse,
454 1916 518 1990 sed
549 1919 657 1990 etiam
682 1919 827 1991 ultimae
854 1918 975 2008 sortis3
1009 1918 1139 2015 quippe
1171 1925 1315 2014 patrem
1362 1916 1447 1989 eius

190 2037 390 2118 tonsorem,
423 2028 487 2101 vix
520 2026 648 2102 diurno
681 2039 833 2126 quaestu
865 2028 1135 2126 propulsantem
1165 2027 1319 2118 samem,
1357 2051 1447 2124 pro
1544 2077 1545 2080 ,

190 2149 273 2237 pter
296 2137 459 2210 habitum
484 2135 581 2209 haud
606 2137 812 2211 indecorum
835 2138 933 2211 cordi
959 2138 1068 2213 fuisse
1094 2137 1249 2234 reginae.
1304 2135 1369 2208 Ab
1399 2156 1483 2210 ea?

189 2249 227 2320 in
249 2247 461 2348 propiorem
487 2247 572 2338 eius,
599 2249 659 2344 qui
685 2259 762 2321 tmn
787 2260 988 2347 regnasset,
1024 2247 1198 2322 amicitiae
1224 2247 1349 2318 locum
1379 2246 1447 2320 ad·
1514 2281 1516 2288 ·

188 2365 343 2446 motum,
375 2356 561 2428 interfecto
588 2382 631 2430 eo
657 2381 722 2455 per
747 2358 909 2451 insidias,
943 2360 1010 2433 sub
1038 2360 1154 2458 specie
1180 2359 1320 2431 tutelae
1354 2358 1449 2432 libe·

189 2492 270 2540 rum
303 2466 377 2539 eius
409 2464 582 2538 invasisse
616 2492 784 2565 regnum,
824 2472 1030 2568 necatisque
1063 2468 1182 2568 pueris
1209 2467 1328 2559 hunc,
1380 2470 1448 2567 qui

187 2602 284 2652 nunc
309 2586 445 2675 regnat,
471 2602 672 2675 generasse,
700 2579 853 2652 invisum
879 2581 1056 2678 vilemque
1081 2579 1336 2677 popularibus,
1367 2605 1448 2654 ma·
1544 2623 1545 2634 κ

187 2691 242 2789 gis
269 2699 439 2788 paternae
474 2689 668 2782 fortunae,
697 2715 804 2787 quam
831 2714 933 2784 suae,
968 2714 1171 2766 memorem.
1224 2688 1480 2764 Affirmatioa

224 2889 289 2962 Cap.
309 2897 336 2956 7,
360 2893 382 2959 §.
401 2895 426 2942 2.
461 2890 579 2959 campere
603 2892 696 2944 dende
716 2890 792 2944 Gon·
825 2888 902 2943 finxit
985 2890 1019 2957 la,
1037 2907 1092 2944 non
1109 2887 1137 2942 in
1185 2887 1192 2900 '
1243 2929 1249 2942 .
1282 2889 1344 2943 Mei
1365 2900 1447 2946 certe
1544 2919 1545 2934 r

206 2963 247 3028 en]
283 2959 373 3028 Vulgo
389 2959 517 3036 Gangen,
535 2959 581 3012 sad
601 2961 713 3028 Gangen
730 2977 791 3012 mss.
825 2958 936 3037 Plorat
964 2957 1064 3012 (lcum
1080 2957 1151 3028 vulg.
1162 2960 1356 3027 Apyrammem
1378 2977 1448 3014 con-

186 2979 286 3082 dabcre
313 3026 451 3081 contendit
476 3025 558 3079 Snak.
590 3035 618 3080 et
643 3034 791 3080 noctromm
825 3032 954 3093 sentiunt,
973 3026 1053 3080 ceteri
1070 3043 1214 3095 oppremere
1232 3035 1282 3080 aut
1299 3044 1447 3096 aprorum.

187 3096 315 3149 exhibent
331 3093 403 3148 Flor.
423 3091 490 3145 ADI
506 3093 586 3148 Bcrn.
603 3096 637 3147 A.
825 3094 913 3148 Ambo
930 3094 1010 3148 Bern.
1032 3113 1068 3164 99
1086 3093 1132 3146 scd
1150 3092 1305 3148 terminatio
1323 3105 1449 3150 notatur

222 3167 246 3232 §.
264 3168 289 3216 3.
326 3163 389 3216 Gan
407 3163 499 3214 oridm
516 3172 540 3214 et
557 3163 678 3230 Prasios]
714 3167 790 3214 Γαν-
826 3163 864 3216 sic
881 3169 911 3214 ut
926 3161 970 3214 vel
987 3179 1026 3215 ern
1043 3161 1086 3214 vel
1107 3161 1241 3230 capessit
1264 3179 1334 3216 esse.
1373 3165 1448 3220 Dio-

189 3227 304 3310 δριρίὸᾳς
321 3246 391 3298 appe
427 3235 440 3282 t
457 3228 605 3309 Diodorus,⁸
616 3231 663 3282 sed
681 3246 790 3283 consen-
825 3233 904 3284 dorus
922 3245 944 3282 c.
964 3237 995 3284 93
1015 3226 1187 3309 Ξανδράμην
1203 3249 1220 3282 a
1239 3231 1337 3299 pellat

186 3305 259 3350 trunt
278 3315 307 3348 m
365 3305 450 3375 retes,
468 3313 573 3414 lnomen
597 3297 664 3349 illud
686 3297 790 3376 Onrtia-
860 3301 883 3365 5.
901 3304 926 3350 4.
960 3301 998 3351 od
1014 3300 1070 3378 loc]
1106 3297 1151 3351 Sic
1168 3247 1368 3354 leid.Voss.l
1394 3305 1449 3370 (cd

186 3364 790 3512 ransmissa
823 3367 1349 3504 tels‚¹¹stmasrsl¹a
1363 3369 1447 3494 ἳὲἒ

185 3497 391 3618 ιρειξεδῇῗηέπε,
409 3514 426 3549 a
442 3497 656 3618 quosdgductum
674 3499 789 3582 videtur,
823 3501 910 3580 Supra
926 3502 1013 3582 ad1v,
1031 3508 1065 3580 llo
1084 3500 1289 3580 docuimus,.od
1299 3505 1352 3558 hoc
1372 3525 1446 3560 sem-

205 3583 287 3714 rdoaii,
304 3575 790 3714 idacodidielruscrlrtiadildlsudffldlf
821 3585 870 3690 dsetr
879 3569 1066 3708 plaehldraldlm
1087 3570 1208 3622 Obtmem
1230 3585 1282 3640 pm
1309 3589 1344 3627 ω
1366 3578 1444 3646 ΨΜ

184 3719 254 3754 rasa
280 3709 327 3754 aut
347 3703 488 3768 Parrosrr,
516 3704 587 3771 quod
604 3719 699 3757 noman
717 3703 788 3772 apud
856 3707 879 3772 §-
899 3711 922 3755 7.
957 3708 1003 3784 qui
1015 3707 1195 3774 concrepant]
1219 3703 1287 3759 Non
1299 3705 1431 3780 improbo

185 3776 288 3822 ceteros
298 3777 418 3823 auctores
429 3786 482 3822 non
497 3769 601 3839 legitur.
619 3771 690 3825 Nam
698 3777 787 3842 Πραι-
821 3773 900 3826 immo
920 3789 964 3842 qur
986 3791 1055 3826 nano
1081 3771 1168 3826 dicare
1191 3773 1273 3840 velit,
1301 3774 1329 3828 ei
1358 3753 1447 3848 prae:

185 3841 262 3914 clave
278 3833 435 3916 Plutarclrus
457 3847 486 3891 et
504 3837 642 3904 Aelianus,
663 3839 726 3891 item
743 3839 788 3891 Iu·
821 3855 881 3893 sans
903 3839 1008 3894 videtur
1029 3840 1203 3894 necessarium
1230 3857 1305 3908 esse,
1332 3849 1386 3898 sed
1405 3847 1446 3901 la-

184 3911 268 3956 stmus
284 3912 312 3955 et
322 3903 438 3970 Orosius,
455 3911 596 3976 Hpaolovr
605 3907 710 3971 Strabo,
728 3906 788 3960 Ste-
822 3907 892 3961 tinus
922 3924 1007 3962 sermo
1038 3907 1144 3961 videtur
1169 3915 1260 3961 tamen
1293 3915 1446 3980 postulare

202 3971 294 4037 hanua,
313 3969 442 4048 Pliniusa
479 3971 569 4026 ellant.
603 3973 673 4028 Vide
681 3973 788 4027 Wessc-
822 3977 868 4044 qai
886 3985 938 4028 tran
955 3986 1088 4046 reynaren
1110 3975 1139 4028 ni
1159 3976 1211 4030 hoc
1228 3993 1289 4030 eam
1313 3982 1353 4034 ob
1378 4001 1444 4037 cau-

196 3990 631 4107 ·g.ad1)10d0r.dl.xv11‚sa
820 4059 876 4123 sam
901 4042 999 4113 fugisse
1016 4043 1237 4123 dicimusgquod
1283 4047 1349 4102 aulo
1374 4061 1445 4106 ante

218 4111 413 4175 Aggrammem]
456 4106 528 4160 Flor.
549 4108 574 4159 D
599 4111 623 4160 A
641 4125 785 4178 prammea,
820 4127 865 4180 qut
882 4119 935 4164 tum
951 4121 1086 4182 reparasset
1103 4111 1215 4191 scripsit.
1243 4061 1379 4172 lfemsirm
1399 4139 1445 4174 re·

183 4172 251 4251 aicut
267 4173 351 4252 edidit
359 4175 502 4254 'Snckcnn
521 4190 556 4227 ex
572 4127 646 4228 Laid.
665 4176 741 4229 Voss.
762 4185 785 4254 l,
818 4188 880 4246 qna
904 4179 1072 4234 scribendum
1099 4188 1221 4233 comecrt.
1269 4183 1314 4236 Cf.
1339 4188 1378 4250 ad
1396 4203 1444 4258 111,

182 4247 222 4294 utr
239 4257 295 4311 1pae
313 4242 387 4310 droit,
405 4243 453 4296 sed
470 4250 559 4295 utrum
576 4242 629 4296 hoc
646 4243 681 4294 ad
698 4242 786 4312 duplr·
821 4252 849 4310 6,
866 4251 891 4299 5.

182 4315 253 4388 cates
271 4309 369 4376 literas,
387 4328 422 4365 an
439 4310 693 4364 adterminat'onem
711 4327 785 4364 casus
853 4315 964 4368 inviam
980 4318 1112 4387 vitorque]
1130 4314 1265 4370 Diodorus
1275 4317 1323 4374 ll
1335 4320 1443 4392 εὐτελῆ

182 4385 325 4448 pertineat,
347 4397 398 4450 pro
416 4387 543 4451 perpetua
559 4389 639 4451 quam
660 4376 711 4434 ulti
728 4378 786 4450 ipse
819 4381 1058 4440 maculantem
1076 4387 1122 4436 καὶ
1141 4379 1262 4445 ἄδοξον.
