3158 5294
214 351 289 422 510
679 373 713 436 o.
741 374 868 426 curru
891 373 978 426 aurs

211 554 286 628 eius
312 553 479 629 custodes
504 557 541 628 in
567 555 702 652 regiam
726 558 903 656 principes
921 557 1116 630 amicorum
1133 554 1313 650 ducesque
1332 553 1458 650 copia·

211 689 291 738 rum
325 665 557 738 advocavere.
617 663 749 741 Secuta
785 679 842 741 est
878 669 1029 741 militum
1066 667 1188 756 turba,
1228 665 1459 761 cupientium

212 777 316 867 scire,
354 777 390 848 in
422 801 529 873 quem
558 774 757 852 Alexandri
788 780 933 852 fortuna
965 788 1061 850 essct
1085 777 1289 850 transitura
1345 773 1490 848 Mults

211 885 320 960 duces
345 889 544 985 frequentia
569 889 719 962 militum
751 890 887 962 exclusi
918 887 1053 984 regiam
1083 888 1216 960 intrare
1240 911 1315 958 non
1349 895 1458 983 pote

211 1011 302 1088 rant,
329 1024 410 1071 cum
434 1023 574 1096 praeco,
601 1001 769 1098 exceptis,
796 999 856 1096 qui
883 999 1092 1072 nominatim
1117 999 1322 1088 citarentur,
1350 997 1459 1072 adire

211 1110 425 1206 prohiberet
471 1107 543 1183 Sed
569 1111 768 1207 precarium
795 1111 1032 1208 spernebatur
1056 1110 1251 1208 imperium.
1295 1107 1355 1180 Ao
1378 1109 1489 1205 pri-s

211 1246 309 1294 mum
350 1222 501 1295 eiulatus
541 1221 665 1318 ingens
705 1222 936 1320 ploratusque
970 1232 1164 1294 renovatus
1199 1231 1274 1293 est:
1315 1217 1457 1291 deinde

211 1332 321 1405 futuri
341 1331 542 1429 expectatio
566 1331 723 1406 inhibitis
742 1333 895 1407 lacrimis
916 1333 1095 1406 silentium
1119 1331 1210 1406 fecit
1250 1330 1346 1404 Tum
1364 1328 1455 1402 Per·
1475 1351 1489 1394 ⁴

212 1441 320 1534 dicos,
347 1443 444 1539 regia
470 1443 557 1515 sella
581 1443 618 1514 in
645 1454 876 1540 conspectum
893 1444 992 1540 vulgi
1010 1441 1105 1534 data,
1130 1444 1168 1514 in
1190 1467 1260 1538 qua
1282 1441 1457 1514 diadema

212 1555 393 1649 vestisque
418 1552 615 1626 Alexandri
647 1579 728 1626 cum
759 1555 866 1626 armis
899 1563 1018 1643 erant,
1053 1555 1198 1626 anulum
1231 1553 1298 1628 sibi
1332 1550 1455 1650 pridie

213 1661 384 1736 traditum
416 1690 439 1736 a
469 1689 554 1762 rege
585 1665 622 1736 in
654 1662 780 1736 eadem
812 1664 896 1739 sede
933 1665 1071 1763 posuit3
1110 1687 1263 1761 quorum
1297 1673 1455 1760 aspectu

212 1797 336 1848 rursus
372 1775 521 1848 obortae
554 1775 718 1848 omnibus
748 1776 914 1850 lacrimae
945 1777 1170 1873 integravere
1201 1774 1347 1846 luctum
1400 1771 1486 1844 Etr

212 1881 398 1976 Perdicca,
429 1885 504 1985 Epo
529 1887 677 1985 qrsidcrn,
707 1887 836 1983 inquit,
868 1887 1021 1978 ondam,
1052 1912 1116 1985 quo
1147 1885 1200 1960 cte
1230 1885 1327 1984 requi
1351 1897 1453 1982 atque

213 1995 348 2094 imperii
362 1997 451 2072 vires
469 1997 641 2096 obsiprrore
661 2011 733 2072 crat
749 1999 872 2089 solitus,
898 1997 1057 2071 traditam
1076 1997 1117 2069 ab
1134 1997 1208 2095 ipso
1226 1995 1317 2086 milti,
1341 1993 1452 2068 reddo

211 2107 310 2182 vobb.
356 2105 508 2183 Ceteram
525 2134 728 2210 quampiam
752 2109 846 2185 callo
871 2110 981 2184 clides
1001 2109 1086 2201 bric,
1112 2133 1179 2207 qua
1197 2106 1305 2207 affecti
1319 2123 1481 2192 amomo

210 2241 278 2314 por
303 2219 345 2292 od
370 2218 466 2294 iroth
491 2221 559 2294 diis
581 2220 760 2320 cacopr'turi
777 2233 893 2318 potest,
920 2233 1029 2294 tomen
1046 2217 1307 2317 memorum
1323 2241 1450 2304 recurri,

214 2353 297 2425 quos
323 2329 400 2426 epit,
436 2330 631 2406 irruentibro
656 2329 787 2404 credem
813 2329 897 2422 licet,
931 2343 1058 2404 arctam
1082 2329 1193 2403 uirum
1219 2327 1297 2402 deoc
1322 2352 1450 2401 accom-

213 2438 365 2512 nudasse
389 2440 485 2515 rebus
511 2441 680 2532 irmionis,
706 2467 850 2539 quarum
874 2455 959 2516 corte
984 2441 1157 2539 cornpleto,
1183 2439 1244 2514 cito
1268 2450 1452 2536 repeterent

213 2571 289 2620 eum
313 2573 394 2622 auae
419 2551 526 2650 stirpi.
578 2551 725 2627 Proinde
751 2553 908 2654 quoniam
933 2551 1201 2626 notatores
1226 2575 1263 2624 eo
1288 2563 1480 2648 caperest?

214 2683 316 2758 quara
340 2661 429 2758 quod
452 2687 582 2761 semper
606 2665 660 2744 od,
673 2665 913 2740 immortalitate
938 2663 1119 2754 cedaar,
1152 2662 1284 2761 corpori
1308 2660 1449 2735 hombri-

215 2885 320 2938 decerit
329 2886 456 2940 edidimus
470 2905 519 2958 pro
530 2888 601 2958 vulg.
611 2892 712 2944 divertit
721 2897 813 2944 aucto·
847 2889 1021 2946 interdicatur
1037 2887 1156 2962 reliqna,
1183 2887 1235 2942 hoc
1257 2884 1364 2958 quidem
1389 2889 1449 2941 loeo

214 2952 321 3008 ritatem
338 2953 645 3010 Leid.Voss.1Bern.A
659 2957 812 3010 oronnae
848 2959 881 3011 de
906 2957 1033 3012 thesauris
1059 2955 1259 3026 intelligendum
1282 2955 1390 3008 videtur
1415 2956 1450 3008 ad

214 3021 309 3090 secuti,
332 3023 395 3076 item
417 3023 672 3094 snpralib.1v‚3o‚
692 3034 704 3078 1
724 3033 812 3094 stol,
848 3025 929 3097 ipsius
949 3028 1019 3096 regis
1042 3043 1117 3079 usum
1140 3024 1268 3095 sepositis.
1310 3025 1388 3076 Vires
1409 3023 1450 3075 di-

217 3097 248 3143 14
270 3091 379 3170 eandem
400 3091 511 3146 sormam
533 3110 549 3146 e
569 3093 642 3148 libris
664 3093 814 3148 melioribus
848 3104 943 3149 cuntur
963 3095 1037 3149 velot
1061 3110 1137 3164 opes:
1164 3092 1223 3214 quis
1250 3100 1339 3146 sutem
1364 3091 1451 3170 possit

213 3159 389 3228 resumimus,
427 3161 533 3213 uoniam
550 3161 704 3216 deflectendi
721 3163 754 3214 de
772 3162 815 3215 via
848 3181 957 3216 nervum
980 3180 1067 3217 rarum
1090 3179 1171 3233 geron
1189 3178 1263 3214 amm
1283 3161 1375 3214 haben
1401 3177 1451 3230 pe-

214 3227 288 3281 notio
304 3227 381 3281 inest.
441 3229 812 3296 communicaturae
849 3231 971 3286 cuniam?

215 3300 245 3362 8,
264 3295 310 3365 qui
331 3303 418 3348 tamen
440 3295 489 3350 sibi
512 3315 564 3350 non
582 3297 713 3364 constitit,
747 3298 814 3352 libro
883 3303 905 3368 ᾗ.
921 3307 944 3352 7.
1001 3301 1054 3352 uod
1073 3315 1126 3352 rem
1200 3299 1232 3350 ab
1255 3297 1451 3349 immortalitate

213 3377 317 3430 xxxrx,
335 3371 367 3417 53
386 3363 442 3417 init.
461 3367 588 3442 aquibus
607 3369 711 3419 divertit
729 3369 813 3420 oratio
848 3317 1000 3435 seducitur?
1025 3365 1094 3420 Cum
1115 3365 1150 3420 o'
1200 3363 1243 3417 alii
1265 3357 1342 3417 aliter
1363 3364 1452 3434 expli·

213 3432 302 3495 edena
321 3448 380 3484 cum
397 3431 489 3501 optimi
507 3433 636 3488 haberent
654 3437 769 3486 daverit.
848 3436 962 3488 coissent
979 3443 1007 3488 et
1024 3434 1157 3504 corrigere
1166 3433 1246 3486 etiam
1255 3431 1341 3486 consti
1350 3442 1450 3496 ment,

248 3503 272 3564 s.
283 3505 319 3576 ²..
343 3518 398 3551 cum
412 3517 510 3579 praeco
528 3532 563 3542 -
579 3503 736 3580 prohiberet,
754 3501 771 3556 i.
789 3519 812 3555 c.
847 3502 974 3583 postremi
991 3503 1162 3582 ileumannus
1179 3509 1208 3555 et
1225 3501 1359 3579 Snakcnb.
1376 3510 1452 3579 msto

214 3582 344 3712 illiciis
351 3567 813 3716 httttltt‘ltttttht
847 3579 1107 3710 tttttttttt
1124 3571 1368 3716 rilailirlihm
1376 3587 1452 3690 v‘ll'.

214 3702 332 3756 codicum
349 3713 543 3758 auctoritatem.
847 3709 999 3762 subducitur
1024 3707 1169 3760 retineatur
1199 3723 1233 3758 an
1264 3704 1343 3758 lcetso
1369 3703 1425 3757 cod

267 3777 316 3823 .4.
363 3773 427 3826 Tum
452 3775 591 3842 Perdicca]
627 3773 716 3844 Vulgo
742 3785 812 3842 turso,
847 3774 963 3830 omnium
979 3778 1111 3828 seducitur
1127 3773 1277 3844 recipiatur.
1304 3771 1385 3836 Quod
1398 3789 1451 3825 nos

214 3855 226 3890 s
281 3841 398 3906 primum
423 3841 542 3912 sequitur
567 3853 634 3910 turn,
663 3859 717 3897 nou
743 3854 812 3910 tunc,
848 3844 953 3914 quidem
970 3843 1123 3898 nonfacere
1137 3859 1189 3898 non
1207 3841 1349 3912 potuimus.
1375 3839 1453 3894 Dicit

213 3905 305 3976 itaque
327 3909 428 3962 correxi
447 3927 604 3990 quamquam
626 3909 689 3964 nihil
708 3927 723 3964 e
740 3910 813 3965 libris
846 3911 929 3982 igitur
946 3912 1008 3966 hoo:
1033 3919 1154 3981 superest
1171 3908 1236 3964 illud
1272 3910 1328 3972 uod
1344 3925 1452 3978 semper

214 3991 274 4027 mss.
292 3983 414 4053 notatum
430 3986 478 4044 est,
497 3977 545 4032 nisr
563 3989 615 4033 tum
632 3996 689 4032 esse
700 3978 728 4032 iu
736 3980 812 4034 Voss.
847 3979 993 4050 aspernor,
1011 3979 1166 4060 emungitur,
1184 3928 1275 4048 proed
1287 3977 1403 4032 habetur
1415 3977 1451 4030 ab

214 4049 239 4096 2.
257 4041 565 4126 Demdeinconrpectum
576 4045 722 4115 volqiLeid
732 4047 812 4101 Bern.
847 4048 1051 4114 immortalitate,
1074 4047 1196 4101 videlicet
1213 4063 1309 4115 corpus
1326 4044 1451 4098 mortale.

213 4113 239 4164 A
256 4109 395 4166 1²10th
413 4123 523 4183 anhqua
540 4113 669 4168 scribendi
686 4114 796 4169 rationo.
848 4115 920 4170 Huic
938 4134 981 4171 cor
1016 4119 1041 4168 ri
1058 4127 1082 4169 et
1099 4115 1210 4180 homini,
1234 4113 1285 4178 ait,
1308 4113 1379 4166 iusta
1395 4113 1451 4168 scl-

249 4181 307 4246 §.5.
330 4182 396 4234 uires
414 4183 565 4252 obsiqrrore]
591 4182 813 4237 Dubitantinter·
848 4201 946 4240 ramus.
1002 4203 1045 4238 arn
1059 4183 1129 4237 illam
1138 4200 1189 4252 ego
1204 4179 1364 4234 verissimam
1374 4181 1451 4236 fleo

214 4255 318 4318 pretes,
343 4247 406 4318 quid
423 4249 471 4316 sit,
489 4258 517 4302 et
535 4250 590 4302 fere
608 4251 641 4303 de
659 4249 716 4304 loco
734 4251 814 4306 corri-
848 4253 937 4307 manui
962 4251 1173 4306 emendationem
1198 4266 1306 4315 censeo,
1333 4266 1394 4302 eom
1422 4248 1452 4304 in

249 4316 301 4370 ndo
322 4315 448 4386 cogitant
488 4316 556 4371 Mihi
578 4336 636 4375 otim
657 4319 813 4388 obsignandi
848 4320 920 4375 libris
941 4331 970 4376 et
991 4321 1067 4374 editis
1091 4329 1119 4376 et
1136 4317 1222 4373 msal
1275 4325 1319 4370 tur
1340 4319 1452 4372 nomini.

214 4333 314 4464 diplex
332 4402 393 4438 usus
411 4385 454 4454 sit,
472 4394 502 4440 ut
519 4393 565 4439 out
582 4385 750 4440 confirmetur
766 4389 813 4442 ali·
848 4389 1003 4444 Defendunt
1019 4389 1125 4460 quidem
1135 4385 1243 4442 Snaken
1263 4395 1316 4440 ‚et
1329 4385 1453 4440 Sabmia-

216 4453 280 4524 qurd
301 4453 380 4510 anulo
400 4453 527 4526 impresso
551 4462 597 4510 aut
622 4454 758 4511 claudatur
785 4465 813 4512 et
847 4457 925 4512 dorus
935 4457 1071 4530 vulgatam
1079 4457 1227 4523 lectionem,
1246 4455 1292 4510 scd
1306 4453 1350 4508 ille
1363 4453 1454 4511 aliem
