3254 5292
233 381 280 452 68
698 397 732 460 o.
760 397 885 450 cunrn
910 399 996 450 nuru

227 607 340 656 neves
365 580 536 670 militibus
562 580 738 678 impositis
765 577 927 680 Cyprum
952 580 1160 672 transmisit,
1187 591 1225 654 et
1250 605 1334 654 oum
1358 583 1471 656 inillo

228 704 328 766 statu
353 715 474 764 rerum
498 689 537 764 id
562 715 750 788 quemque,
776 687 875 788 quod
901 700 1123 788 occupasset,
1145 689 1354 766 habiturum
1378 693 1470 767 arbi·

228 812 385 876 treretur
411 801 513 874 velut
539 811 638 875 oerto
664 787 742 874 iu're
767 824 994 902 possessum,
1024 799 1235 899 Aegyptum
1261 813 1385 900 petere
1411 803 1470 878 de·

229 913 358 986 erevit:
385 912 528 1008 utrique
553 911 630 1009 regi
655 911 781 1001 hostis,
801 921 838 984 et
859 935 1002 1008 semper
1026 935 1075 983 ex
1101 911 1246 1010 ancipiti
1271 914 1471 988 mutatione

228 1033 432 1120 temporum
464 1021 637 1120 pendens.
688 1019 937 1118 Hortatusque
968 1021 1097 1095 milites
1130 1019 1178 1094 ed
1210 1041 1312 1118 spem
1346 1033 1471 1098 tantae
1488 1043 1522 1093 as

228 1133 299 1223 rei,
334 1131 456 1222 docet,
489 1126 656 1203 Sataoem
680 1139 886 1230 praetorem
911 1130 1072 1230 Aegypti
1106 1128 1278 1204 cecidisse
1311 1132 1349 1204 in
1382 1134 1470 1224 acie,

228 1241 421 1315 Persarum
447 1240 666 1339 praesidium
691 1251 729 1314 et
754 1240 831 1313 sine
858 1239 949 1314 duee
974 1265 1071 1331 esse,
1099 1249 1136 1314 et
1161 1240 1373 1332 invalidum,
1400 1245 1470 1316 Ae-

227 1351 384 1450 gyptios,
397 1376 540 1449 semper
564 1351 791 1449 praetoribus
805 1375 931 1424 eorum
956 1351 1116 1442 infestos,
1136 1376 1203 1449 pro
1229 1351 1332 1424 sociis
1359 1352 1469 1449 ipsos,

227 1487 302 1534 non
328 1486 394 1559 pro
421 1460 587 1533 hostibus
615 1463 877 1535 aestimaturos.
930 1457 1062 1535 Omnia
1092 1461 1249 1559 experiri
1274 1462 1521 1536 necessitasne

229 1571 397 1668 cogebat:
430 1571 562 1669 quippe
589 1595 670 1644 eum
695 1571 830 1670 primas
856 1595 940 1670 spes
966 1572 1112 1645 fortuna
1138 1571 1317 1663 destituit,
1348 1573 1471 1648 futura

227 1681 477 1780 praesentibus
504 1680 674 1758 videntur
698 1705 780 1756 esse
804 1681 956 1780 podera
1004 1680 1119 1781 Igitur
1144 1683 1379 1776 conclamant,
1407 1683 1470 1758 du·

228 1801 326 1864 eeret
352 1817 423 1890 quo
450 1790 644 1865 videretur.
696 1792 818 1890 Atque
849 1792 908 1865 ille
934 1792 1111 1866 utendum
1136 1794 1264 1866 animis
1291 1792 1378 1866 dum
1404 1818 1469 1892 spe

228 1903 387 1976 calerent
422 1913 539 1992 ratus,
575 1902 623 1975 ad
654 1901 837 1976 Pelusium
868 1902 1001 1974 ostium
1034 1913 1216 2000 penetrat,
1249 1904 1420 1978 simulans
1447 1929 1471 1976 a

227 2011 348 2087 Dareo
375 2039 415 2087 se
440 2038 520 2087 esse
545 2013 792 2112 praemissum.
831 2012 973 2086 Potitus
1001 2037 1087 2112 ergo
1113 2013 1256 2104 Pelusii,
1273 2011 1471 2112 Memphim
1487 2029 1523 2084 to

230 2124 351 2221 copias
376 2125 574 2222 promouit:
614 2123 662 2197 ad
688 2124 787 2197 ouius
813 2124 946 2197 famam
970 2123 1158 2224 Aegyptii,
1190 2148 1286 2197 vana
1316 2147 1406 2222 gens
1433 2133 1471 2198 et

228 2320 357 2376 Graecam
374 2322 471 2402 ubique
488 2321 623 2389 invehens,
633 2321 830 2377 sieutSnaken-
864 2325 959 2378 ostium
976 2341 996 2378 s.
1014 2325 1126 2378 bostium
1147 2329 1177 2377 et
1193 2322 1309 2396 optimus
1325 2323 1401 2378 Leid.
1417 2323 1470 2378 Pe·

226 2392 304 2461 burg.
321 2390 391 2456 fedt,
409 2407 463 2444 vnn
480 2389 572 2443 efferas
590 2389 718 2460 scriptori.
865 2395 961 2446 lurum.

261 2461 290 2510 in
307 2460 353 2511 illo
371 2460 453 2529 statu]
470 2459 557 2511 Abest
575 2459 634 2510 ina
656 2458 831 2513 deterioribus
900 2463 924 2529 ἓ.
941 2465 983 2516 80.
1000 2459 1143 2528 Memphim
1151 2457 1204 2513 bl
1220 2457 1295 2513 Laid
1313 2467 1342 2514 et
1358 2466 1471 2530 uterque

226 2525 718 2650 ppmburrts,liem.BdFlor.gDul}PHI
727 2527 829 2581 Vosst
865 2527 945 2649 gelli
963 2525 1071 2608 etFlor.
1091 2543 1181 2648 onppes
1213 2525 1377 2651 {esteroi}
1386 2527 1468 2650 estsirrp

259 2613 295 2648 ox
340 2611 539 2648 ruemenose
652 2612 831 2649 rrueomnes
900 2613 994 2650 iones
1038 2612 1102 2648 nne.
1233 2636 1239 2649 .
1281 2612 1331 2650 neo
1377 2614 1427 2649 o.

227 2664 303 2718 oodd.
321 2611 403 2716 nodtri
421 2671 449 2716 et
464 2611 670 2732 Saulebrseter
713 2672 786 2717 ossi
803 2672 833 2718 et
866 2665 1002 2734 Memplrin
1020 2613 1066 2716 led
1083 2663 1201 2732 Memphi
1226 2635 1298 2734 qbod
1320 2666 1353 2718 sd
1377 2662 1468 2718 termi-

226 2729 344 2796 Flor.D‚
363 2730 409 2783 sed
426 2731 455 2784 in
471 2731 521 2784 hoe
538 2739 566 2784 et
584 2730 612 2783 in
629 2731 703 2785 Voss.
721 2731 829 2785 erui
867 2732 1000 2786 nationem
1021 2733 1057 2784 im
1078 2733 1168 2801 potius
1188 2732 1313 2802 pertinet.
1352 2731 1406 2786 Sed
1418 2749 1469 2802 po-

226 2797 512 2854 FlormFGfflnem.
529 2799 553 2852 B
571 2799 652 2853 etism
668 2801 749 2853 tostis
767 2809 832 2854 erat
867 2802 932 2853 titur
964 2800 1037 2870 quod
1059 2807 1101 2852 est
1122 2799 1149 2852 in
1166 2798 1240 2854 Leid.
1259 2801 1334 2855 Voss.
1354 2809 1366 2856 1
1386 2801 1467 2856 Bern.

262 2871 285 2936 §-
303 2873 344 2921 28.
364 2869 484 2921 Satacem
505 2883 595 2920 omnes
617 2866 676 2921 libri
694 2867 744 2921 nisi
761 2869 832 2939 quod
865 2869 892 2921 A
913 2841 984 2922 Flor.
1002 2866 1068 2934 AD,
1092 2867 1145 2921 reci
1165 2883 1210 2920 ere
1231 2886 1284 2922 uon
1325 2867 1395 2936 atui,
1417 2867 1468 2921 nisi

227 2935 736 3006 deterioresStecem.VulgoAnisuum
747 2936 830 2990 secuti
864 2935 942 2989 simul
965 2953 998 2988 ex
1020 2935 1141 2990 Flor.E
1178 2936 1294 2990 IBern.
1357 2945 1382 2989 et
1403 2943 1468 2988 ante

227 3021 297 3058 nune
314 3005 398 3086 edunt
416 3005 550 3058 Sabacem.
561 3004 637 3086 'Vide
654 3011 830 3076 supremas.
864 3005 1006 3084 Memphim
1026 3003 1180 3084 adiioerem,
1202 3004 1274 3078 quod
1289 3005 1365 3058 abest
1380 3021 1398 3058 a
1412 3019 1468 3057 me-

226 3074 829 3221 ..e0ttttt.⁶r;m;stt.leffts
864 3071 1132 3221 tw
1147 3157 1216 3219 ⁹...
1235 3171 1271 3182 -
1292 3171 1327 3182 ..
1353 3159 1385 3221 ..
1411 3143 1468 3194 ...

227 3217 259 3261 ut
279 3210 407 3288 Aegyptn
428 3208 495 3286 mira
512 3225 534 3261 o.
555 3215 588 3264 29
606 3211 668 3262 olim
684 3209 828 3263 Persarum
863 3211 957 3278 quique
974 3207 1153 3328 mciehcodd.
1172 3208 1278 3279 quidem
1292 3217 1376 3288 nostri
1392 3225 1469 3280 prae-

227 3277 319 3344 opibus
337 3277 434 3345 infensi
452 3275 586 3330 drountur:
605 3276 651 3329 sed
668 3276 695 3330 lo
755 3293 831 3348 prse-
865 3285 909 3329 ter
926 3276 995 3330 Flor.
1015 3275 1041 3330 G
1086 3277 1208 3345 Aepypti,
1220 3276 1275 3342 sed,
1285 3293 1388 3346 opinor,
1397 3278 1470 3347 qood

227 3349 283 3396 stat
300 3341 491 3422 manuscriptos
511 3342 603 3421 sequi,
626 3343 681 3422 qui·
694 3293 832 3423 ldeunem
864 3343 999 3414 geminata
1028 3343 1125 3398 vooelis
1150 3342 1214 3397 olim
1236 3359 1289 3422 non
1312 3343 1391 3422 solita
1416 3344 1468 3397 fuit

227 3425 318 3464 omnes
335 3412 443 3476 infertor
456 3409 519 3461 exhr
571 3411 832 3480 t;s1gnrfiostemm
866 3412 985 3492 exprimi.
1011 3411 1115 3467 Deinde
1124 3413 1218 3480 quique
1235 3427 1326 3481 seripsr
1356 3411 1468 3491 rovulg.

228 3477 257 3532 in
274 3477 352 3531 armis
369 3493 426 3529 esse
444 3486 491 3529 eut
560 3494 634 3530 arms
650 3480 776 3532 sumenda
784 3498 831 3549 pa·
883 3497 984 3549 arsque,
1003 3480 1075 3550 quod
1092 3479 1119 3532 in
1135 3496 1190 3532 uno
1206 3485 1310 3531 tentum
1346 3487 1468 3534 enostrrs

227 3553 308 3599 rates.
352 3544 396 3598 De
422 3544 619 3614 permutatione
646 3547 832 3602 voeabulorum
865 3497 937 3602 ilor.
956 3547 978 3603 G
1000 3558 1029 3604 et
1052 3549 1086 3601 de
1102 3545 1235 3600 Snekenb.
1256 3545 1285 3599 in
1302 3546 1379 3600 Voss.
1396 3553 1411 3600 2
1430 3547 1469 3600 le·

227 3613 289 3666 vide
305 3612 442 3666 Drakenb.
460 3613 495 3666 ad
511 3611 569 3666 Liv.
586 3629 616 3666 m
634 3621 668 3668 46
685 3623 754 3668 extr.
865 3615 947 3686 gitur,
966 3633 1016 3670 neo
1031 3617 1065 3669 ad
1082 3631 1138 3669 rem
1155 3621 1249 3686 aptum
1265 3623 1320 3682 est,
1338 3632 1398 3669 eum
1415 3615 1468 3669 sin·

262 3685 338 3744 §.ab
357 3682 531 3734 accersitore
564 3682 633 3753 ebat]
651 3683 758 3738 Medius
775 3701 829 3739 nec.
865 3683 944 3763 gultis
969 3684 1103 3752 civitates,
1134 3700 1188 3737 non
1213 3682 1310 3754 singuli
1341 3683 1468 3752 homines,

227 3752 370 3829 subiyebat·
379 3749 520 3804 lectoribus
531 3699 654 3804 oilludem
671 3751 831 3806 Sallustiana
864 3750 1054 3822 intelligantur.
1089 3751 1157 3806 Mox
1177 3751 1242 3805 editi
1264 3755 1302 3806 ad
1318 3754 1365 3806 boo
1382 3755 1469 3823 ipsam

228 3827 436 3885 oonstruotrone,
461 3818 534 3872 urias
555 3835 590 3873 ne
611 3819 751 3891 vestigium
772 3821 830 3892 qui-
864 3830 1034 3887 concurrunt,
1062 3823 1100 3875 ad
1116 3821 1227 3874 delenda
1244 3823 1399 3891 praesidia,
1423 3822 1470 3874 sed

228 3887 288 3939 dem
305 3886 387 3938 ullum
405 3886 433 3939 in
450 3886 523 3940 libris
539 3905 599 3940 mss.
618 3896 668 3941 est.
864 3905 925 3941 mss.
941 3887 1067 3958 ignorant
1075 3888 1147 3959 prius
1156 3887 1222 3942 illud
1230 3891 1281 3942 od:
1297 3889 1381 3943 nostri
1396 3897 1469 3942 certe

262 3957 299 4008 ad
319 3955 453 4008 Pelusium
481 3956 585 4023 ostium]
612 3956 709 4010 Adbuc
730 3956 830 4010 editum
865 3973 967 4022 omnes,
993 3965 1098 4026 praeter
1114 3956 1186 4011 Flor.
1205 3955 1232 4010 G
1258 3956 1355 4028 inquo
1373 3965 1414 4009 est
1432 3959 1470 4009 ad

226 4023 278 4076 rue
295 4023 443 4075 aeneiae·
458 4025 562 4089 ossum,
581 4024 627 4076 ser
644 4025 707 4078 ruse
724 4024 831 4094 quidem
865 4027 932 4077 runc
954 4025 1053 4094 ipsum:
1071 4023 1152 4078 sun.
1176 4025 1205 4078 ru
1225 3995 1299 4078 iau.
1317 4025 1407 4078 aeae
1424 4026 1468 4088 aa,

228 4089 296 4144 ostia
313 4089 446 4157 novimus,
469 4089 573 4160 singula
589 4098 679 4144 autem
696 4092 729 4146 de
747 4093 830 4146 nomi-
864 4092 893 4144 in
910 4093 1011 4146 Vasti
1031 4096 1101 4163 qaod
1116 4096 1163 4146 boc
1181 4094 1191 4145 i
1210 4111 1267 4147 sum
1284 4092 1336 4164 legi
1356 4092 1467 4158 notavit,

226 4159 304 4211 nibus
321 4157 425 4211 urbium
442 4157 759 4229 adieetiveappellantur,
777 4159 830 4212 Pe·
863 4161 897 4213 de
914 4161 1024 4215 Vossl
1050 4161 1119 4216 silet.
1219 4161 1225 4173 '
1248 4177 1335 4232 neque
1358 4161 1469 4216 adiicere

226 4225 361 4291 lusiaoum,
372 4225 534 4298 Tanitieum,
547 4225 762 4298 Sebennytieum.
780 4229 830 4282 Pe·
864 4232 902 4283 ad
917 4237 1006 4283 tutum
1024 4229 1142 4294 videtur,
1165 4229 1303 4300 multoque
1324 4230 1410 4283 minus
1428 4237 1469 4282 to-

227 4296 311 4347 losias
334 4311 398 4347 vero
419 4310 502 4365 aeque
524 4303 553 4349 et
570 4293 671 4350 Grsere
688 4305 717 4349 et
733 4296 829 4350 Latine
862 4306 920 4351 tum
937 4301 984 4352 loc
1002 4300 1086 4368 basum
1104 4297 1223 4366 delerim,
1240 4298 1340 4352 veritus
1357 4297 1471 4368 nequid

226 4369 268 4442 est
285 4363 488 4442 ao'Pelusiaoas.
515 4363 626 4418 Codioes
642 4365 748 4436 quidem
765 4365 829 4419 alias
863 4366 988 4436 antiquae
1005 4365 1175 4437 proprietatis
1189 4365 1289 4420 tollam.
1314 4367 1371 4420 Hoc
1383 4368 1469 4435 ipsam

225 4429 547 4572 llli‘fltefss‘ffissibltdqi
570 4432 827 4558 {tetaldi
862 4435 1470 4574 titbttlttttttttdttttt
