3158 5294
479 1257 926 1362 APPENDIX

266 1519 697 1606 VARIANTIUM
735 1518 1140 1606 Leoolouuu.

169 1970 235 2030 Lib.
253 1969 314 2043 ΠΙ,
334 1971 361 2028 1.
378 1970 532 2048 Insa-iptio
547 1973 613 2032 libri
629 1974 710 2031 nulla
726 1981 771 2031 eet
787 1973 817 2030 in
834 1972 913 2032 Flor.
928 1971 985 2030 DF
1002 1968 1090 2028 Bern.
1108 1968 1134 2027 B
1153 1978 1182 2027 et
1199 1969 1278 2028 Voss
1291 1968 1321 2026 2.

81 2056 164 2114 Flor.
183 2055 208 2114 C
230 2055 327 2126 Quinti
346 2055 436 2114 Curtii
452 2057 524 2131 Retffi
541 2059 737 2134 Hyetoriaram
755 2058 912 2118 Alexandri
927 2056 1014 2115 Libet·
1036 2057 1131 2112 tertiae
1149 2057 1244 2130 incipit
1253 2056 1321 2129 feli·

82 2145 160 2200 citer.
206 2141 329 2200 monle
358 2141 453 2210 Quinti
473 2142 564 2200 Curtii
579 2144 645 2218 Rufi
662 2143 849 2201 Hietoriarum
868 2142 1026 2200 Alecandri
1043 2141 1143 2216 Mapni
1161 2141 1322 2198 Macedonio

84 2227 173 2284 Liber
195 2225 303 2283 Tertiae
324 2229 428 2302 incipit.
471 2227 585 2286 Flor.I
619 2227 715 2297 Quinti
733 2227 824 2286 Curtii
844 2229 910 2304 Rufi
941 2229 974 2288 V.
996 2225 1028 2284 C.
1051 2227 1239 2284 Historiarum
1256 2225 1322 2282 Ale·

83 2313 191 2368 eandri
212 2314 305 2386 mapni
321 2313 481 2370 Macedonio
498 2315 584 2370 Liber
614 2317 708 2372 tertiae
731 2316 827 2390 incipit
842 2315 969 2388 feliciter.
1013 2312 1092 2369 Flor.
1111 2309 1142 2370 G
1178 2309 1211 2380 Q.
1232 2309 1324 2368 Curtii

85 2397 160 2470 Ruffi
185 2397 246 2454 Viri
262 2397 314 2454 Ro.
348 2397 393 2454 De
418 2397 508 2456 Geetie
525 2399 681 2457 Aleoandri
702 2401 801 2474 Mapni
818 2400 904 2457 Liber
926 2399 1043 2458 Tertiae.
1087 2397 1166 2456 Flor.
1187 2397 1217 2454 H
1239 2395 1273 2464 Q.
1291 2395 1323 2453 C.

85 2482 160 2555 Ruffi
177 2482 312 2540 Historici
332 2483 379 2540 De
403 2481 477 2540 Geet.
495 2485 652 2543 Aleaondri
673 2485 757 2562 Rapio
782 2486 965 2542 Macedonum
981 2488 1170 2560 frapmentum
1187 2481 1274 2539 Libet·
1291 2480 1325 2538 Il
1390 2541 1395 2550 ,

85 2569 191 2642 incipit.
241 2565 306 2626 Pal.
332 2571 346 2625 l
386 2567 420 2638 Q.
453 2567 533 2626 Curti
555 2569 619 2645 Rufi
642 2572 830 2630 Harudum
852 2571 932 2628 Alea.
958 2571 1120 2628 Macedonia
1141 2572 1323 2642 frapmentum

84 2655 172 2728 primi
186 2653 252 2710 titre·
267 2656 370 2728 incipit.
412 2653 477 2712 Pal.
496 2655 513 2711 2
533 2656 620 2713 Libet·
641 2655 737 2725 Quinti
755 2655 847 2713 Curtii
869 2657 904 2713 de
920 2656 1000 2712 rebat
1017 2655 1174 2712 Alexandri
1190 2653 1322 2710 Macedo-

88 2740 131 2794 nio
148 2741 243 2812 incipit
254 2741 405 2812 foeliciter,
429 2748 458 2797 et
476 2741 618 2798 nicetium
637 2742 667 2798 in
683 2761 753 2800 mss.
769 2741 851 2798 Leid.
868 2750 898 2798 et
914 2740 996 2799 Voss
1016 2743 1030 2796 1
1057 2740 1143 2796 tradit
1167 2757 1232 2795 esse
1250 2735 1323 2796 Sne-

89 2821 271 2899 kenburgiuo.
314 2824 393 2882 Edit.
411 2823 558 2883 Vindelini
576 2824 652 2901 Spir.
674 2827 771 2895 Quinti
789 2825 880 2883 Curtii
892 2825 965 2899 Iiuffi
980 2825 1156 2882 interiorum
1169 2822 1327 2880 Alexandri

89 2912 160 2982 repis
178 2911 360 2966 Macedonum
376 2913 471 2984 incipit
480 2912 616 2984 foeliciter
631 2912 719 2968 Liber
735 2911 760 2969 I.

176 2991 248 3070 Cap.
269 2997 297 3066 1,
314 2996 338 3068 S.
359 2997 386 3052 1.
420 2997 621 3072 Peloponneso]
657 2997 840 3071 Pelopoueeeo
862 2993 979 3054 Flauo
997 3004 1026 3052 et
1042 2995 1069 3052 Ε
1088 3013 1106 3052 a
1123 3012 1166 3069 pr.
1185 3012 1224 3050 m.
1242 2991 1325 3050 DFI.

92 3079 291 3154 Pelooponeneo
308 3081 387 3140 Flor.
406 3081 437 3138 H
456 3100 474 3138 a
490 3099 535 3156 pr.
554 3101 592 3140 m.
609 3083 796 3156 Pdopeaeneo
813 3081 899 3138 Bem.
917 3081 943 3138 B
961 3089 991 3138 et
1006 3099 1024 3138 a
1041 3099 1084 3156 pr.
1101 3097 1139 3136 m.
1158 3079 1199 3138 A.
1244 3078 1326 3135 Pelo·

90 3183 226 3239 ponaeneo
243 3165 337 3223 Pate
357 3166 445 3226 Voss.
466 3169 493 3224 1.
511 3167 540 3224 2.
572 3168 740 3242 Peloponeeo
756 3166 820 3225 Pal.
839 3167 868 3226 3.
914 3165 1064 3242 Cleandro]
1094 3163 1231 3223 Cleandro
1247 3163 1326 3220 Flor.

95 3247 165 3306 Cet
181 3250 212 3308 H
236 3251 313 3310 Bam
330 3252 366 3310 B.
391 3252 484 3329 Bong.
527 3253 645 3328 Lyciae]
662 3253 723 3310 licie
740 3251 853 3310 FlorB
877 3252 966 3310 Voss.
992 3253 1020 3310 2.
1050 3252 1129 3308 liciae
1157 3249 1236 3308 Flor.
1254 3247 1328 3308 CDI

95 3333 157 3392 Pel.
168 3336 186 3393 3
198 3335 286 3395 Voss.
300 3340 327 3394 1.
348 3339 404 3395 iitie
414 3339 493 3396 Flor.
504 3339 540 3396 F.
551 3338 796 3415 Pamphyliaeque]
815 3339 1041 3413 Pamphiliaeque
1050 3335 1126 3394 Pall.
1137 3335 1215 3394 Flor.
1229 3352 1328 3392 omnes

96 3421 246 3495 praetorto
265 3423 565 3499 quiPltampltilieque.
600 3424 807 3498 Pampldieque
824 3424 910 3482 Bern.
925 3424 961 3482 Β.
996 3421 1179 3497 Pamplulioe
1196 3420 1285 3479 Voso.
1301 3423 1328 3478 1.

100 3504 239 3584 Celaenae]
262 3507 374 3566 Celenae
391 3509 466 3568 Pell.
483 3510 572 3568 Vane.
591 3510 608 3566 2
635 3509 720 3568 Bern.
738 3512 822 3569 ambo
839 3519 869 3568 et
885 3527 983 3569 omnes
1001 3508 1080 3566 Flor.
1099 3515 1211 3582 praeter
1227 3507 1273 3579 Η,
1298 3506 1328 3564 in

97 3609 150 3664 quo
169 3591 317 3664 Celaenae,
333 3603 362 3651 et
379 3595 405 3652 F
421 3596 452 3652 in
469 3615 525 3670 quo
545 3594 678 3670 Celenae,
704 3597 755 3654 eod
771 3616 823 3654 nae
840 3615 877 3654 ex
895 3595 1065 3655 ωποοίίουο
1081 3593 1199 3650 alterius
1216 3611 1329 3650 manus.

101 3673 226 3732 Coelenae
243 3674 333 3734 Voss.
354 3681 380 3734 1.

179 3760 205 3832 S.
225 3760 253 3817 2.
288 3763 409 3839 inolitae]
446 3761 496 3823 Sic
512 3764 590 3824 Flor.
603 3783 702 3824 omnes
719 3763 870 3840 praeiet-(l
889 3766 919 3822 in
937 3783 994 3839 qno
1009 3780 1028 3840 p
1045 3771 1144 3821 estex
1161 3761 1331 3820 ool-rectione

99 3861 196 3902 manue
213 3845 341 3905 alteriue.
369 3848 456 3906 Bern.
474 3851 506 3907 Α
523 3852 653 3926 incipere,
671 3851 697 3908 B
715 3852 832 3908 indiam

180 3950 205 4022 S.
224 3950 252 4006 3.
287 3953 482 4028 eirctmimtoe]
501 3955 688 4010 amramoectoe
705 3951 785 4010 Flor.
800 3951 831 4008 H
848 3952 935 4010 Bern.
948 3951 985 4010 B.
1019 3952 1105 4027 ripat]
1124 3951 1224 4026 iro-ipat
1240 3949 1329 4008 Voss.

101 4035 127 4091 2.
160 4044 183 4092 et
200 4053 266 4093 cuae
284 4037 440 4113 dumtacat]
460 4048 485 4095 et
502 4038 593 4096 omitt.
618 4038 647 4095 in
665 4037 744 4096 Flor.
762 4035 796 4095 O.
815 4057 834 4094 n
851 4038 947 4096 littera
964 4037 1082 4095 verbum
1100 4039 1243 4095 damtouat
1261 4035 1330 4094 sori·

101 4120 170 4178 bitur
186 4121 216 4178 in
233 4121 320 4183 Bern.
339 4123 366 4181 B
384 4132 413 4180 et
430 4123 508 4181 Flor.
526 4121 590 4182 BC.
626 4121 684 4181 Sed
701 4123 770 4196 111,
789 4124 840 4198 30,
859 4124 888 4182 2.
905 4123 963 4198 IV,
982 4123 1033 4196 42,
1052 4123 1091 4180 32
1110 4124 1255 4180 domuum
1273 4121 1327 4199 (m)

102 4206 179 4264 etiem
196 4207 275 4265 Flor.
292 4207 318 4265 B
336 4219 366 4265 et
382 4209 422 4266 Α.

179 4294 204 4366 S.
223 4296 252 4350 4.
287 4295 433 4370 nymphae]
452 4295 578 4370 nimphae
595 4295 674 4353 Flor.
684 4293 748 4354 Bc.
783 4295 870 4371 intra]
889 4297 960 4352 inter
975 4293 1054 4352 Flor.
1068 4290 1152 4352 CDE
1176 4294 1332 4368 (supersor.

103 4377 135 4434 ab
150 4377 236 4436 altera
252 4397 338 4437 manu
357 4383 445 4452 intra)
463 4379 540 4437 FHI
557 4379 643 4439 Bern.
661 4381 687 4439 B

180 4464 204 4536 S.
223 4465 251 4522 5.
285 4466 406 4542 Lycum]
425 4468 507 4525 licum
516 4465 634 4525 Flor.B
655 4466 719 4544 (qui
736 4484 848 4543 sempor
865 4466 906 4524 eia
922 4465 952 4523 in
971 4465 1111 4524 similibus
1129 4463 1239 4538 verbis)
1259 4459 1332 4521 CDI

104 4547 172 4606 Bem
188 4549 219 4606 A
236 4548 325 4608 Voss.
344 4554 371 4609 l.
390 4553 418 4608 2.

1092 4629 1127 4681 ³1
