3276 5282
233 375 304 450 158
703 394 738 459 o.
765 391 891 446 cuam
915 393 1002 446 eurr

229 578 366 656 midare
401 587 598 677 coeperunt
672 575 899 669 Alexander,
937 576 1155 651 instantibus
1195 576 1288 666 suis,
1326 576 1474 676 impune
1492 595 1527 646 rs

229 692 422 766 abeuntem
457 690 599 764 hostem
629 689 855 787 permitteret
885 689 1001 786 sequi,
1035 685 1180 762 hebetia
1211 711 1291 762 esse
1316 687 1411 778 tela,
1436 697 1474 761 et

227 827 356 876 manus
381 801 560 899 fatigatas,
586 809 760 898 tantoque
786 824 894 874 cursu
919 825 1071 899 corpora
1097 799 1283 888 exhausta,
1310 807 1349 872 et
1372 823 1472 896 prae-

229 937 313 1013 ceps
338 913 377 986 in
401 923 545 986 noctem
571 909 643 986 diei
668 922 810 1009 tempus
837 921 1005 986 causatus
1032 923 1098 986 est.
1137 909 1343 985 Reverade
1368 910 1525 984 laevore

229 1050 351 1116 comu,
378 1022 477 1122 quod
502 1021 620 1096 adhuc
646 1022 683 1096 in
708 1023 784 1097 acie
811 1033 908 1098 stare
934 1022 1115 1115 credebat,
1142 1022 1324 1112 sollicitus,
1338 1021 1472 1096 reverti

228 1136 277 1211 ad
301 1137 486 1211 ferendam
513 1159 619 1234 opem
645 1135 721 1208 suis
747 1136 883 1208 statuit
931 1133 1078 1232 Iamque
1104 1137 1207 1235 sigim
1233 1142 1471 1224 converterat,

228 1273 311 1323 cum
336 1244 776 1344 equiteS,aPa1menione
799 1246 908 1337 missi,
935 1246 1028 1320 illius
1055 1271 1197 1344 quoque
1223 1247 1335 1343 partis
1362 1244 1472 1318 victo-

226 1360 318 1434 riam
343 1358 522 1432 nuntiant.
574 1353 648 1430 Sed
680 1357 819 1431 nullum
846 1383 889 1431 eo
917 1355 975 1432 die
1008 1359 1123 1431 maius
1150 1356 1348 1456 periculum
1373 1355 1471 1449 adiit,
1489 1375 1526 1426 ao

229 1495 338 1568 quam
364 1468 450 1542 dum
478 1468 599 1567 copias
624 1467 764 1542 reducit
788 1469 826 1542 in
852 1479 981 1542 cestra
1032 1469 1143 1543 Pauci
1170 1493 1253 1543 eum
1279 1478 1318 1542 et
1341 1467 1472 1540 incom-

229 1581 339 1681 positi
372 1581 615 1677 sequebantur
650 1590 801 1654 ovantes
836 1581 1005 1671 victoria,
1041 1581 1173 1678 quippe
1199 1604 1323 1653 omnes
1349 1579 1473 1653 hostes

228 1702 292 1766 aut
317 1692 354 1764 in
379 1687 503 1790 fingam
528 1691 672 1783 effirsos,
691 1702 754 1765 aut
780 1691 817 1764 in
843 1691 918 1764 acie
945 1690 1114 1767 cecidisse
1141 1690 1355 1766 credebant:
1390 1715 1472 1764 cum
1489 1710 1522 1759 21

228 1813 378 1901 repente
404 1827 452 1877 ex
478 1802 633 1876 adverso
659 1802 826 1902 apparuit
851 1827 980 1900 agmen
1007 1803 1178 1900 equitum,
1193 1803 1253 1900 qui
1272 1803 1395 1900 primo
1421 1803 1472 1876 in·

227 1913 377 1988 hibucre
412 1939 575 2004 cursum,
621 1913 750 1987 deinde
784 1911 1023 1987 Macedonum
1055 1914 1236 2012 paucitate
1268 1924 1471 2013 conspecta,

229 2035 368 2100 turmas
394 2025 432 2098 in
457 2025 584 2098 obvios
612 2025 893 2098 concitaverunt.
945 2022 1043 2097 Ante
1070 2025 1173 2122 signa
1197 2049 1263 2098 rex
1290 2025 1376 2116 ibat,
1402 2023 1472 2098 dis·
1490 2045 1524 2094 aa

230 2136 398 2211 simulato
433 2135 548 2232 magis
574 2135 750 2233 periculo,
777 2160 885 2232 quam
912 2147 1043 2234 spreto.
1096 2133 1171 2209 Nec
1197 2134 1310 2209 definit
1336 2137 1369 2210 ei
1385 2157 1473 2235 'per-

227 2258 340 2348 petua
364 2249 401 2320 in
428 2245 545 2319 dubiis
571 2246 679 2320 rebus
711 2247 877 2320 felicitas:
911 2272 1067 2344 namque
1093 2248 1313 2344 praesectum
1340 2249 1473 2345 equita·
1490 2267 1525 2316 aa

227 2368 287 2434 tus
313 2359 461 2432 avidum
488 2357 711 2448 certaminis,
738 2367 775 2431 et
801 2359 848 2431 ob
875 2357 913 2430 id
938 2359 1057 2455 ipsum
1082 2358 1260 2432 incautius
1287 2360 1324 2431 in
1350 2382 1390 2432 se
1415 2383 1472 2432 ru-

228 2481 358 2562 entem,
384 2471 491 2544 hasta
517 2469 714 2558 transfixit,
742 2493 813 2566 quo
840 2494 888 2541 ex
915 2493 1007 2566 eque
1033 2470 1156 2568 laps0,
1182 2469 1403 2567 proximum,
1430 2495 1473 2543 ac

227 2579 311 2657 dein
346 2582 468 2678 plures
502 2577 628 2652 eodem
660 2580 733 2652 telo
760 2577 929 2653 confodit
981 2579 1152 2654 Invasere
1178 2581 1343 2655 turbatos
1370 2580 1472 2653 amici
1489 2599 1525 2648 aa

227 2715 387 2790 quoque:
421 2717 489 2765 nec
515 2689 647 2764 Persae
673 2692 778 2764 inulti
804 2689 998 2782 cadebant,
1025 2693 1156 2791 quippe
1183 2716 1257 2765 non
1284 2693 1472 2766 universae

262 2930 286 2996 ξ.
305 2931 346 2981 18.
364 2929 469 3049 impune
486 2929 620 2980 abeuntem
637 2925 732 3008 bostem
745 2944 832 2995 penu.
901 2929 924 2996 5.
943 2933 985 2981 20.
1017 2944 1046 2980 co
1064 2929 1107 2982 die
1123 2929 1210 3002 maius
1224 2930 1373 3008 periculum
1391 2927 1470 3007 adiit]

226 2997 324 3119 uu
342 2994 831 3146 bratteatas
866 2995 949 3146 itt:
970 2995 1373 3145 aestuant
1389 3013 1471 3118 tes

226 3149 291 3281 tte
299 3132 831 3280 fflilbssi‚²'iliit“ii“u”‘iii⁰iri
866 3136 948 3255 tlt
970 3131 1214 3281 Alipimeibil„
1227 3149 1471 3256 ‘ttffit‘t

227 3269 284 3322 drus
301 3270 434 3322 obeuntem
451 3269 547 3321 bostem
563 3278 726 3336 perstrueret
747 3270 831 3337 requi,
865 3268 959 3322 Freins
978 3285 1096 3322 amianas
1127 3270 1266 3324 lectionem
1296 3269 1471 3340 intelligatur.

226 3339 326 3390 hebetia
345 3337 484 3400 caretate,
506 3335 553 3388 sed
570 3335 664 3405 reliqui
683 3335 736 3390 cito
753 3354 830 3390 roca-
865 3336 936 3390 Nam
956 3337 1038 3391 Bere.
1060 3339 1086 3392 A
1109 3338 1180 3392 Flor.
1206 3339 1232 3392 A
1255 3338 1329 3394 Laid.
1358 3339 1434 3392 Voss
1455 3344 1467 3390 1

226 3405 317 3459 bulum
336 3405 440 3474 impune
460 3401 593 3456 immerito
615 3405 768 3458 damnatum
788 3421 831 3458 re-
865 3407 988 3473 addidit,
1009 3405 1081 3460 Flor.
1097 3407 1201 3461 BCEH
1224 3408 1304 3460 Bern.
1326 3407 1350 3459 B
1373 3407 1471 3460 accidit

227 3472 381 3538 stituerunt,
400 3471 518 3526 ordinem
535 3487 599 3526 vero
616 3472 757 3526 verborum
774 3471 831 3526 sine
864 3473 1005 3541 exhibent3
1022 3475 1152 3530 editiones
1165 3473 1470 3529 autemMer.Ald.1un.

226 3539 281 3594 ulla
298 3557 376 3594 causa
392 3547 536 3592 mutarunt.
561 3539 644 3595 codd.
662 3558 723 3594 mss.
741 3557 831 3594 omnes
865 3541 931 3594 aliae
948 3541 998 3606 jlon
1019 3543 1057 3596 'us
1079 3544 1164 3598 elide
1181 3543 1299 3599 codicum
1315 3543 1469 3597 recedentes

226 3627 260 3664 ue
277 3610 381 3680 impune
403 3610 537 3662 abeuntem
558 3611 653 3664 boetem
670 3611 831 3679 permitteret
855 3612 916 3681 suit
932 3624 997 3681 prae
1049 3621 1069 3666 t

226 3680 310 3748 requi,
328 3679 428 3731 hebetia
446 3694 503 3731 esse
520 3679 571 3731 tela
589 3686 640 3732 eet
658 3685 687 3730 et
699 3678 831 3732 consenti-
899 3681 928 3732 in
943 3681 1036 3749 sapum
1054 3697 1067 3734 e
1089 3683 1163 3752 tuos]
1189 3681 1469 3736 (loddnostriomnes

225 3755 276 3800 unt
285 3745 479 3817 snakenburgii
488 3745 558 3814 libri,
572 3746 622 3801 nisi
636 3747 830 3818 quedinlloes.
865 3755 894 3800 et
911 3747 994 3800 Smlr.
1011 3748 1059 3802 Lei
1079 3750 1171 3804 .Voss.
1182 3758 1195 3804 1
1206 3753 1244 3820 fu
1263 3769 1290 3818 a,
1308 3750 1355 3804 sed
1371 3748 1469 3804 treola

226 3814 327 3871 aitlud
352 3817 414 3869 iude
435 3823 492 3883 est,
514 3816 585 3886 quod
607 3815 714 3870 Medius
744 3815 830 3870 eiecit.
865 3815 1052 3887 superinducta
1068 3818 1188 3874 librarios
1211 3769 1319 3873 ridetur
1335 3817 1465 3874 fefellisse.

225 3883 284 3938 Iam
309 3891 473 3955 apparatae
494 3901 612 3956 quoque,
641 3892 673 3938 ut
699 3885 831 3938 sententia
868 3885 1001 3939 Cecidisee
1018 3889 1158 3942 credebant
1173 3905 1222 3960 pro
1239 3887 1310 3958 vulg.
1334 3889 1402 3942 cred.
1429 3903 1469 3940 ce-

226 3953 396 4021 absolratur,
418 3952 566 4006 tollendum
588 3970 658 4019 esse,
682 3955 728 4008 sed
752 3954 830 4008 mira-
865 3954 962 4008 cidisse
979 3963 1034 4008 tres
1051 3954 1282 4026 snakenburgiani
1303 3965 1332 4010 et
1353 3955 1424 4010 Flor.
1440 3955 1469 4008 A

225 4039 286 4076 mur
302 4029 391 4075 tamen
408 4022 479 4075 unde
491 4021 619 4091 originem
634 4023 750 4090 durant,
768 4023 830 4076 seci-
864 4021 958 4076 BDGI
974 4022 1055 4078 Bern.
1072 4025 1107 4078 A.

226 4090 305 4162 leque
321 4089 415 4161 aliquis
433 4089 557 4160 aruspicari
574 4090 657 4162 possit
674 4090 736 4144 olim
750 4090 830 4144 luisse
899 4095 924 4158 s.
942 4097 984 4146 23.
1006 4111 1038 4146 ac
1056 4095 1117 4146 dein
1129 4095 1234 4162 plures]
1254 4091 1307 4146 Vul
1362 4094 1469 4146 ddum:

226 4160 383 4281 ”utut
399 4159 769 4282 tltt‘tlttffltt‘tt
782 4162 830 4282 tl
863 4161 1469 4301 ....⁸t.t⁰l.lt¹‘².l⁰tmt.l⁰tt.t

221 4245 294 4350 detio
312 4294 385 4349 Flor.
402 4293 429 4348 D
457 4295 650 4349 HBem.Bbe
666 4295 828 4363 cruial'lor.
863 4314 880 4352 a
950 4307 972 4366 t,
989 4249 1043 4352 aba
1061 4271 1256 4353 audtoritatam.
1286 4299 1330 4352 Ex
1346 4297 1428 4350 Bem.
1441 4297 1469 4350 A

225 4365 321 4419 Eleate
329 4362 829 4434 comctatlbcbmtiu,0proebetia;
863 4375 892 4420 et
932 4367 981 4421 lor.
1003 4367 1121 4422 ABCGI
1144 4367 1282 4438 aliquanto
1353 4374 1366 4420 t
1387 4367 1410 4434 5.
1433 4370 1468 4418 2⁵

226 4433 375 4514 inFlor3F]
392 4432 435 4514 hic
452 4432 545 4486 lacuna
561 4439 603 4488 ast
619 4435 752 4506 usquead
770 4433 827 4489 init.
864 4437 942 4488 tutior
964 4437 1033 4505 supa
1059 4455 1107 4508 pro
1133 4453 1165 4490 eo
1184 4437 1256 4508 quod
1272 4454 1309 4488 ru
1371 4431 1470 4503 legitur

226 4501 340 4575 proximi
357 4502 425 4556 lrbrr.
854 4506 929 4575 supa
946 4505 1026 4558 tutior
1042 4504 1203 4576 probabilius
1220 4505 1369 4559 videbatur.
