3276 5282
448 426 453 434 .
536 389 588 440 nr
613 387 740 442 onsurs
765 387 875 442 mx.
901 389 952 459 1v,
980 386 1022 436 oa·
1331 373 1402 446 159

148 572 263 664 acies,
289 597 399 670 quam
422 573 492 646 hae
518 573 747 646 tumulturiae
772 596 911 663 manus,
925 573 1173 648 vehementius
1200 574 1310 650 iniere
1329 601 1403 651 cer·

100 703 130 752 u
147 694 289 760 tamen.
341 682 503 757 Tandem
528 684 684 774 barbari,
710 707 793 757 cum
818 685 973 758 obscura
996 686 1076 759 luce
1101 687 1215 760 tutior
1238 687 1325 786 firga
1351 687 1404 761 vi-

148 793 305 870 deretur
330 819 410 869 esse
436 820 544 892 quum
569 821 701 895 pugna,
715 795 886 896 dispersis
912 797 1113 896 agminibus
1140 797 1270 872 abiere.
1310 797 1402 888 Rex,

148 903 443 981 extraordinario
478 907 636 1006 periculo
663 907 870 999 defunctus,
905 908 1101 983 incolumes
1138 934 1222 984 suos
1255 908 1403 985 reduxit

145 1017 186 1090 in
214 1026 349 1092 castra
1035 1025 1041 1038 ’

98 1145 129 1197 so
259 1125 430 1203 Cecidere
456 1127 667 1222 Persarum,
707 1155 860 1227 quorum
894 1135 1083 1205 numerum
1117 1132 1272 1206 victores
1299 1132 1451 1206 finiretis

146 1250 371 1340 potuerunt,
396 1240 494 1313 milia
519 1262 588 1332 xn,
623 1239 862 1314 Macedonum
888 1241 1005 1316 minus
1032 1267 1140 1339 quam
1167 1263 1237 1317 coo
1264 1243 1400 1336 deride

98 1369 129 1418 at
145 1353 219 1426 rati
259 1362 355 1424 sunt.
410 1349 577 1425 Ceterum
594 1351 701 1424 banc
733 1352 921 1426 victoriam
952 1378 1019 1428 rex
1053 1354 1189 1426 maiore
1224 1380 1271 1428 ex
1297 1366 1400 1454 parte

49 1517 57 1534 .
147 1465 292 1555 virtuti,
318 1487 426 1561 quam
452 1464 619 1537 fortunae
644 1487 731 1537 suae
758 1462 902 1537 debuit:
939 1465 1077 1556 animo,
1102 1491 1187 1558 non,
1214 1477 1257 1539 ut
1282 1476 1398 1558 antea,

98 1593 130 1642 aa
146 1575 230 1649 loco
260 1575 357 1649 vicit.
410 1572 503 1648 Nam
538 1584 575 1647 et
607 1575 719 1649 aciem
745 1575 958 1674 peritissime
985 1576 1174 1667 instruxit,
1210 1588 1247 1650 et
1281 1603 1399 1678 prom-

146 1687 316 1785 ptissime
343 1686 419 1785 ipse
446 1687 653 1784 pugnavit,
677 1697 714 1760 et
748 1711 880 1786 magno
917 1687 1064 1760 consilio
1090 1687 1264 1762 iacturam
1293 1692 1398 1764 sarci-

147 1823 283 1872 narum
318 1796 726 1896 impedimentorumque
761 1799 993 1897 contempsit,
1028 1824 1109 1872 oum
1142 1799 1179 1870 in
1212 1800 1291 1898 ipsa
1324 1804 1399 1877 acie

147 1935 316 1984 summae
341 1910 392 1983 rei
419 1908 559 1984 videret
586 1933 664 1983 esse
691 1907 892 2001 discrimen,
906 1909 1086 2006 dubioque
1112 1910 1231 1984 adhuc
1255 1939 1399 2010 pugnae

102 2037 132 2088 29
150 2031 292 2096 eventu
316 2047 383 2119 pro
409 2021 546 2096 victore
573 2045 613 2094 se
638 2021 769 2118 gessit,
794 2021 978 2119 perculsos
1005 2020 1135 2095 deinde
1160 2022 1320 2104 hostium
1345 2025 1397 2097 su-

150 2131 223 2224 dit,
263 2133 455 2231 fugientes,
491 2131 588 2229 quod
613 2132 650 2204 in
676 2132 737 2205 illo
763 2131 892 2206 ardore
919 2132 1026 2205 animi
1053 2133 1117 2206 vix
1143 2131 1241 2206 credi
1266 2145 1398 2232 potest,

103 2261 133 2309 ao
149 2243 369 2342 prudentius
405 2268 513 2340 quam
549 2240 689 2316 avidius
729 2252 938 2341 persecutus
974 2253 1039 2316 est.
1103 2241 1197 2318 Nam
1233 2245 1263 2318 si
1295 2257 1398 2344 parte

150 2356 334 2430 exercitus
361 2353 479 2427 adhuc
504 2355 541 2426 in
568 2354 643 2427 acie
670 2365 808 2444 stante,
834 2353 968 2427 instare
995 2354 1205 2430 cedentibus
1232 2381 1396 2455 perseve-

147 2474 280 2556 rasset,
307 2475 370 2538 aut
396 2466 502 2564 culpa
527 2491 593 2539 sua
619 2466 736 2539 victus
763 2475 877 2555 esset,
903 2477 967 2538 aut
993 2468 1109 2542 aliena
1134 2469 1269 2542 virtute
1295 2470 1397 2542 vicis-

150 2587 215 2651 set.
272 2575 348 2649 lam
375 2576 406 2648 si
431 2574 698 2650 multitudinem
730 2578 890 2675 equitum
925 2580 1188 2653 occurrentium
1214 2580 1396 2653 extimuis-

151 2700 217 2780 set,
248 2689 374 2764 victori
401 2699 466 2761 aut
490 2685 595 2761 foede
621 2687 841 2786 fugiendum,
856 2699 920 2763 aut
932 2690 1182 2764 miserabiliter
1194 2689 1396 2763 cadendum

185 2927 208 3004 ξ.
226 2930 270 2978 25.
303 2925 431 2993 dispersis
449 2923 597 3004 aquiuibtu
616 2922 755 2992 quominus
790 2941 850 3004 oum
866 2927 927 2996 wip
943 2919 1011 2994 ἄμφ’
1026 2920 1213 2996 Ἀλέξανδρον
1229 2931 1336 2976 centium
1353 2939 1396 2977 oe·

150 3008 306 3115 ῗυῗὲᾞ
313 2990 451 3127 1,)ΐέἑέἒο
469 2993 756 3130 bibliMmeqddschldl:
790 2991 1060 3140 mdgdsgsslefdlbbmoe
1077 3061 1119 3112 rei
1135 3091 1169 3098 -
1187 3060 1329 3113 discrimen
1354 3058 1395 3112 iu-

151 3131 268 3202 exceptis
303 3129 413 3182 sortasse
448 3128 603 3198 quibusdam
643 3128 756 3182 extremi
774 3128 895 3181 vlimtum
930 3137 1060 3198 quantum
1093 3127 1218 3198 vulgatae
1249 3126 1396 3198 scripturae

152 3197 258 3267 ordinis,
281 3206 313 3252 ut
335 3197 450 3252 vossi
478 3195 524 3277 qui
552 3196 658 3262 siletur,
690 3195 756 3250 sslud
791 3215 918 3250 summum
936 3197 1169 3250 rei-discrimen
1186 3203 1315 3268 praestet,
1333 3213 1395 3248 nam

152 3267 286 3321 exhibent.
327 3266 413 3320 Miror
438 3274 527 3336 potrus
553 3265 659 3336 agmina
685 3282 757 3320 nuno
790 3268 832 3319 rei
857 3264 1041 3319 sic'absolute
1066 3264 1180 3336 positum
1211 3265 1262 3319 hoc
1288 3264 1394 3335 quidem

152 3348 206 3388 esse
224 3335 296 3408 quod
314 3352 344 3388 su
363 3353 393 3388 ru
409 3351 492 3387 unum
508 3333 559 3387 fuit
576 3351 679 3405 agmen.
790 3334 849 3388 loco
875 3333 959 3404 magis
986 3351 1123 3388 numerum
1148 3335 1289 3388 vorborum
1314 3351 1394 3405 quam

186 3403 252 3476 Gap.
270 3411 319 3471 68,
342 3353 370 3526 ἓ.
387 3409 430 3457 26.
471 3420 578 3470 qaorum
600 3421 671 3456 aum.
696 3405 755 3482 vict.
790 3420 893 3457 sensum
921 3411 1057 3476 augeret.¹
1089 3401 1157 3456 Rem
1179 3401 1297 3482 'conficit
1322 3402 1394 3474 quod

142 3470 226 3536 finire
237 3475 305 3542 pot]
365 3471 463 3527 ouiecit
484 3470 591 3524 Medius
617 3479 646 3525 et
671 3471 756 3524 edidit
790 3489 905 3526 summae
922 3471 950 3524 in
968 3471 1032 3526 edit.
1041 3471 1115 3526 Mod.
1132 3479 1161 3524 et
1178 3489 1206 3524 m
1220 3471 1300 3524 Bern.
1319 3479 1394 3526 utro·

152 3555 285 3596 amemur
298 3543 420 3607 -iaire,
438 3540 509 3611 quod
516 3541 602 3608 finire
620 3558 755 3594 auctuum
789 3557 841 3663 que
858 3549 887 3594 et
903 3540 975 3594 Flor.
993 3543 1126 3594 adunam
1144 3541 1264 3594 omnibus
1285 3538 1392 3610 legitur.

152 3605 247 3662 Latine
272 3628 325 3664 non
352 3609 493 3664 dioerctur.
528 3607 669 3662 Refutavit
694 3625 755 3662 eum
811 3609 872 3663 nal.
890 3609 924 3662 de
945 3609 998 3662 suis
1015 3627 1096 3662 unum
1113 3608 1188 3662 Leid.
1206 3615 1394 3663 commemorat

153 3672 276 3732 Heinsius
292 3678 400 3732 laudato
417 3677 475 3732 loco
492 3677 582 3731 aner.
599 3677 673 3730 Man
684 3693 714 3745 v,
728 3685 754 3744 8,
789 3685 896 3731 nostrae
914 3677 1060 3748 scripturae
1078 3684 1219 3732 auctorem.

155 3747 182 3808 2,
199 3745 244 3798 ubi
260 3756 299 3802 est
316 3748 463 3818 quindecim
480 3748 555 3800 milio
577 3748 662 3800 aeris:
687 3748 755 3801 tanti
823 3751 848 3813 S·
866 3753 909 3800 29.
938 3749 1077 3866 perculsos
1099 3747 1211 3800 tortium
1237 3763 1291 3800 non
1307 3745 1393 3798 minus

154 3828 264 3883 numque
275 3834 361 3886 poeno
369 3817 454 3883 finito
472 3825 518 3868 est.
537 3815 753 3869 Inirenumeram
787 3823 860 3869 reete
878 3821 907 3867 et
923 3830 964 3867 ee
999 3814 1070 3867 ntius
1092 3814 1173 3867 etiam
1196 3830 1276 3884 quam
1286 3815 1394 3883 pusul-

154 3895 215 3934 sane
233 3883 354 3938 dicuntur
370 3883 452 3956 vulgo
469 3883 513 3954 qui
531 3891 685 3950 numerant,
708 3883 753 3937 scd
788 3901 831 3937 sos
857 3886 942 3937 torres
990 3882 1033 3948 'ci‚
1066 3899 1126 3936 cum
1157 3889 1283 3962 sequatur
1309 3883 1394 3936 altera

153 3947 210 4017 quis
226 3951 379 4007 'numerasse
401 3968 464 4006 vere
486 3967 621 4006 oaesomm
638 3951 754 4006 hostium
787 3969 848 4024 pars
857 3953 1005 4022 sapientes,
1023 3950 1098 4005 lacile
1115 3950 1281 4022 intelligitur.
1299 3950 1394 4021 Itaque

154 4032 260 4090 corpora
284 4021 398 4076 uictores
427 4020 546 4093 putarit?
595 4019 667 4074 Satis
702 4019 754 4073 fuit
786 4019 893 4074 restitui
923 4037 999 4073 suum
1033 4019 1172 4091 scriptori,
1207 4019 1394 4073 auctoritatem

153 4086 289 4165 aestimare
305 4107 441 4144 summam.
476 4091 569 4160 Atque
590 4088 619 4142 in
644 4089 694 4142 hac
709 4104 753 4141 ae·
786 4089 914 4144 librorum
940 4105 1059 4143 meorum
1085 4088 1201 4143 omnium
1230 4087 1393 4209 diommqqq

153 4157 301 4213 senatore
322 4159 440 4214 sobrium
462 4175 490 4213 se
506 4157 617 4231 praebet
635 4155 753 4225 Curtius,
788 4157 961 4280 plurimorum
978 4165 1093 4212 secutus.
1120 4156 1199 4221 Quod
1216 4155 1244 4210 in
1261 4175 1332 4210 noun
1372 4155 1378 4168 '

152 4237 212 4278 nam
229 4225 361 4282 Diodorus
377 4227 532 4298 nonaginta,
541 4225 670 4280 Arrianus
687 4226 754 4280 adeo
799 4225 862 4281 'bris
889 4227 936 4282 sed
957 4244 1013 4280 non
1034 4227 1063 4279 in
1086 4225 1167 4280 Bern.
1185 4225 1211 4278 A
1229 4233 1257 4278 et
1274 4224 1346 4280 Flor.
1367 4226 1394 4277 Α

153 4295 271 4350 trecenta
296 4295 370 4350 milia
399 4296 514 4350 hostium
538 4311 672 4350 caesorum
697 4301 754 4348 tra·
787 4295 887 4367 legitur
914 4311 1072 4366 percussor,
1103 4293 1132 4347 id
1161 4292 1293 4348 neminem
1323 4310 1394 4347 nuno

154 4357 219 4416 dunt
235 4365 320 4419 fuisse.
338 4363 514 4419 Macedonum
531 4381 671 4418 numerum
687 4362 753 4418 Dio·
787 4364 912 4419 movebit.
1000 4381 1006 4395 ¹

155 4423 231 4484 dorus
247 4435 281 4487 ad
297 4433 456 4504 quingentos
473 4433 537 4488 dicit
553 4433 642 4500 luisse,
660 4432 752 4486 Arria-
822 4438 846 4500 s.
873 4441 915 4490 80.
954 4443 1001 4488 out
1035 4435 1112 4503 culpo
1139 4451 1189 4487 suu
1217 4433 1300 4485 Motus
1326 4439 1391 4484 esset

155 4509 203 4549 nus
223 4500 255 4556 de
271 4500 346 4574 regia
364 4509 469 4556 tantum
486 4502 530 4556 ala
545 4501 619 4574 loqui
636 4501 751 4570 ridetur,
787 4517 877 4556 omnes
900 4501 960 4558 libri
982 4503 1065 4556 Bern.
1092 4509 1121 4555 et
1150 4501 1223 4555 Flor.
1252 4507 1280 4554 et
1309 4497 1390 4552 Susk.
