3270 5290
234 341 305 414 192
621 317 622 320 Ὺ
723 362 757 424 Q·
776 361 902 414 cnara
925 337 1013 412 arirr

230 545 337 636 lacra,
363 569 436 618 non
462 545 625 619 homines
651 544 883 635 videbantur,
907 569 975 618 nec
1001 545 1191 642 quicquam
1217 546 1254 616 in
1280 543 1348 617 illis
1375 569 1477 642 prae·

230 666 287 728 ter
312 680 439 728 vocem
464 665 609 755 poterat
635 657 791 756 agnosci.
843 654 969 730 Plures
996 656 1105 753 igitur
1130 656 1294 728 lacrimas
1320 681 1477 728 commo·

230 769 332 857 vere,
365 791 473 863 quam
503 769 740 866 profuderant
764 768 849 865 ipsi:
883 767 1013 865 quippe
1039 767 1077 838 in
1103 775 1178 838 tam
1203 767 1389 866 multiplici
1414 793 1477 840 va·

230 878 354 976 riaque
379 879 525 952 fortuna
551 879 790 978 singulorum,
817 879 1039 950 intuentibus
1065 877 1197 949 similes
1224 877 1384 974 quidem,
1411 876 1478 952 sed

231 997 353 1069 tamen
388 987 550 1087 dispares
581 1015 732 1088 poenas,
765 988 844 1084 quis
871 989 1027 1060 maxime
1060 986 1270 1062 miserabilis
1298 999 1411 1078 esset,
1432 987 1476 1059 li·

231 1124 340 1196 quere
372 1125 446 1172 non
478 1111 631 1197 poterat.
683 1098 735 1172 Ut
766 1123 854 1172 vero
886 1097 1011 1172 Iovem
1041 1099 1092 1170 illi
1125 1097 1272 1172 tandem
1304 1097 1513 1173 Graeciaes

230 1211 385 1283 ultorem
411 1211 594 1307 aperuisse
621 1211 744 1283 oculos
771 1210 1056 1300 conclamavere,
1089 1234 1214 1284 omnes
1240 1212 1318 1309 pari
1344 1210 1477 1309 suppli·

231 1321 285 1393 cio
321 1321 439 1394 affecti
457 1351 459 1355 ·
474 1321 541 1394 sibi
573 1321 799 1394 videbantur.
860 1319 942 1392 Rex
969 1319 1158 1411 abstersis,
1195 1347 1283 1418 quas
1310 1318 1477 1420 profude-

230 1441 305 1519 rat,
339 1430 511 1520 lacrimis,
544 1431 680 1503 bonum
705 1429 838 1504 habere
866 1430 1024 1503 animum
1050 1430 1165 1520 iubet,
1199 1423 1341 1507 visuros
1369 1433 1478 1506 urbes

233 1565 316 1612 suas
360 1541 615 1638 coniugesque:
657 1550 694 1614 et
735 1553 854 1614 castra
893 1538 977 1614 inde
1024 1538 1097 1613 duo
1141 1540 1186 1613 ab
1227 1542 1317 1616 urbe
1357 1543 1477 1616 stadia

232 1652 438 1723 communit.
1448 1731 1453 1736 ¹

184 1765 230 1837 18
275 1833 278 1836 .
337 1759 465 1834 Graeci
491 1775 722 1837 excesserant
748 1765 854 1854 vallo,
869 1762 1111 1853 deliberaturi,
1139 1763 1225 1860 quid
1250 1762 1515 1861 potissimums
1613 1781 1614 1784 ’

233 1897 365 1971 arege
397 1883 581 1969 peterent:
619 1899 770 1972 cumque
806 1875 883 1947 aliis
910 1872 1033 1947 sedem
1059 1874 1096 1944 in
1121 1874 1210 1947 Asia
1234 1899 1373 1971 rogare,
1400 1874 1478 1946 aliis

232 1984 365 2057 reverti
392 1983 519 2058 domos
545 1986 720 2083 placeret,
751 1984 952 2059 Euctemon
980 1981 1158 2084 Cymaeus
1185 1985 1236 2057 ita
1260 1985 1403 2057 locutus
1430 1983 1479 2057 ad

215 2119 295 2168 -eos
321 2096 450 2167 fertur:
476 2095 519 2187 Ii,
545 2096 606 2195 qui
629 2085 726 2170 mddo
752 2096 851 2170 etiam
876 2097 925 2169 ad
949 2121 1045 2195 opem
1067 2095 1245 2192 petendam
1270 2120 1311 2168 ec
1337 2095 1477 2169 tenebris
1499 2115 1534 2163 ro

233 2217 264 2278 et
288 2229 418 2280 earcere
444 2207 627 2305 procedere
652 2206 860 2299 maluimus,
895 2219 932 2282 ut
955 2231 1044 2279 nanc
1076 2219 1138 2297 est,
1171 2207 1339 2304 supplicia
1364 2219 1479 2281 matra

232 2405 277 2472 fit,
304 2421 367 2460 vera
398 2406 583 2460 observatione
605 2405 837 2460 Drakenborchius
872 2405 1016 2471 Eremmon,
1043 2405 1338 2474 Ald.Eutlymo‚1um
1357 2413 1385 2459 et
1401 2405 1479 2460 Mod.

231 2474 367 2541 abutitur,
389 2483 420 2528 ut
438 2477 604 2556 invisitatam
621 2474 701 2528 etiam
718 2474 837 2555 ubinnon
872 2475 1024 2542 Euctemon,
1044 2473 1139 2526 deinde
1156 2491 1246 2528 rursus
1255 2475 1413 2543 Euthymoa,
1431 2475 1480 2527 sed

232 2561 307 2664 llll
318 2551 407 2664 ilasi
429 2542 839 2666 tltt“‘ttltt¹¹t¹.tl⁶⁰.t
872 2543 925 2662 lt
941 2541 1186 2689 &albim
1204 2541 1310 2664 ”tlt
1322 2542 1481 2666 ttttt

232 2693 275 2746 lx,
293 2687 324 2745 2,
345 2686 385 2734 18.
873 2678 997 2749 frequens
1014 2685 1056 2732 est
1066 2687 1094 2730 et
1111 2679 1136 2730 le
1163 2678 1252 2732 turin
1269 2679 1385 2733 sema
1402 2679 1479 2732 Laid.

269 2752 294 2815 s.
315 2753 340 2800 8.
375 2749 464 2817 offecti
481 2749 533 2801 sibi
549 2748 714 2818 videbuntur]
741 2747 839 2800 Adhuc
873 2747 951 2802 Voss.
966 2755 978 2800 1
996 2745 1068 2800 Flor.
1080 2745 1114 2812 G,
1160 2757 1275 2801 astaron
1292 2748 1320 2801 in
1337 2746 1409 2801 Flor.
1419 2747 1480 2816 AB,

233 2815 395 2870 Macedones
418 2815 579 2870 miserabiles
604 2816 664 2870 illos
682 2831 757 2870 senes
776 2833 838 2870 oon-
871 2817 1017 2869 Eattemon
1041 2814 1069 2868 in
1095 2814 1166 2870 Flor.
1190 2815 1254 2880 DF,
1281 2817 1427 2869 Enetemoa
1450 2815 1480 2869 in'

234 2884 839 3007 tttlttttatmdtt‘tt⁸tt⁰⁵ttffit
872 2881 1206 3006 ltdttt‘tttf‘l
1223 2884 1392 3006 &iiiiii
1407 2883 1480 3006 id}

235 3021 327 3093 gisque
353 3021 393 3074 sui
410 3022 518 3076 fortuna
535 3021 643 3089 laetari,
661 2971 746 3075 tenid
755 3020 839 3091 magis
873 2970 918 3074 ily
945 3021 1019 3074 Infra
1035 3021 1175 3073 Euctemon
1192 2991 1264 3074 ilar.
1283 3021 1342 3073 AB.

235 3089 497 3157 eommiserabantur,
515 3091 583 3144 adeo
601 3099 632 3142 ut
648 3089 698 3160 ipsi
715 3089 765 3143 sibi
781 3108 839 3143 mu·
909 3094 934 3156 s.
953 3096 994 3143 10.
1028 3091 1051 3142 ii
1077 3090 1121 3158 qut
1146 3091 1221 3142 modo
1248 3091 1326 3142 etium
1350 3093 1388 3144 ud
1408 3105 1482 3159 rpem

235 3158 306 3212 tilati
330 3157 493 3211 viderentur.
539 3158 733 3228 Explicandum
765 3157 839 3224 duxi,
868 3161 1011 3227 petendum
1027 3189 1063 3198 —
1080 3157 1241 3237 erubuimus]
1278 3155 1356 3210 Edidi
1381 3159 1403 3210 a·
1429 3175 1481 3228 pro

255 3226 308 3279 uod
331 3233 359 3278 et
384 3225 446 3278 olim
463 3224 598 3278 Acidaliae
621 3234 651 3279 et
668 3241 752 3296 nuper
769 3243 840 3278 com-
874 3225 947 3345 vulffi.
964 3228 992 3278 1ιὶ
1009 3223 1169 3278 auctoritate
1182 3233 1342 3296 optimorum
1351 3225 1484 3279 librorum

234 3309 324 3364 pures
341 3293 499 3362 interpretes
510 3293 538 3344 in
552 3293 604 3346 hoc
617 3293 676 3346 loco
689 3293 840 3346 haeserunt.
874 3293 949 3347 Lei.
975 3297 1085 3348 Vossl
1113 3293 1184 3346 Flor.
1202 3293 1252 3347 AB
1280 3294 1360 3348 Bern.
1379 3295 1413 3347 Α.
1449 3293 1483 3346 Ιιι

271 3371 294 3413 et
312 3371 401 3414 castra
419 3361 490 3428 inde]
528 3361 594 3413 Inde
612 3378 662 3430 pro
681 3363 775 3414 deinde
792 3378 841 3431 po-
875 3361 1002 3430 singulari
1020 3377 1130 3414 numero
1150 3363 1200 3415 hac
1217 3361 1409 3432 significatione
1426 3379 1483 3415 non

236 3428 317 3482 situm
341 3445 401 3480 eum
426 3427 473 3497 qui
490 3427 601 3480 Liviam
620 3428 727 3480 dicendi
744 3444 841 3498 genere
876 3429 953 3482 aliter
979 3429 1076 3482 dixeris
1095 3447 1174 3510 quam
1192 3433 1216 3484 ia
1234 3432 1279 3500 qai
1296 3433 1413 3496 erubuit,
1431 3429 1485 3482 ita-

235 3505 354 3550 assuetus
372 3503 414 3548 est
430 3495 516 3548 minus
531 3495 667 3549 offendere
675 3504 765 3567 potest
776 3495 841 3564 (vid.
894 3513 927 3550 ue
945 3496 1064 3551 similiter
1081 3499 1205 3552 videntur
1221 3507 1325 3552 veteres
1342 3499 1370 3552 in
1387 3497 1484 3569 plurali

235 3563 336 3618 Handii
360 3563 473 3617 Turseli.
501 3562 561 3618 Vol.
588 3579 623 3616 ιιι
668 3603 675 3616 .
702 3567 784 3632 368),
808 3563 841 3617 cf.
896 3563 981 3618 'nisse
1016 3565 1124 3620 Medius
1155 3567 1282 3620 audacter
1309 3586 1357 3622 aas
1384 3565 1484 3638 posuit.

236 3633 317 3686 etiam
340 3649 403 3685 mox
430 3635 606 3701 r.20§.17.
642 3582 696 3687 §ed
714 3632 765 3686 mei
802 3631 842 3685 ui-
877 3633 1028 3688 sedetiam
1046 3634 1137 3688 addidi
1154 3651 1188 3687 ex
1206 3636 1328 3690 omnibus
1341 3635 1415 3689 mstis
1428 3652 1485 3688 rne-

237 3703 298 3754 dem
316 3700 376 3753 libri
395 3717 485 3754 omnes
503 3719 563 3756 cum
580 3701 654 3754 Leid.
673 3702 773 3756 Vosal
814 3718 842 3753 a·
876 3701 950 3755 lioris
969 3719 1054 3772 aeque
1071 3721 1103 3756 ac
1120 3703 1259 3758 deterioris
1277 3713 1365 3759 notae.

237 3771 302 3823 bent
324 3776 430 3822 tantum
456 3771 494 3823 in.
536 3773 636 3824 Verum
663 3771 729 3840 quid
763 3768 843 3823 facias
911 3781 940 3824 at
957 3788 1027 3824 nunc
1045 3781 1083 3825 ert
1100 3773 1232 3852 supplicia
1255 3775 1356 3841 nostra]
1392 3771 1486 3826 Verba

237 3837 293 3891 istis
311 3839 341 3890 ia
359 3841 410 3890 duo
427 3839 461 3891 ab
479 3840 542 3892 urbe
559 3839 716 3902 stadia,nisi
749 3839 845 3892 robare
877 3848 906 3892 ut
923 3857 993 3894 auno
1010 3849 1048 3892 est
1065 3841 1184 3910 explica:
1205 3848 1235 3893 ut
1251 3858 1323 3894 nunc
1339 3857 1382 3894 res
1395 3857 1424 3894 se
1437 3840 1485 3894 ha·

237 3905 322 3977 possis
340 3907 368 3958 ia
387 3921 447 3959 cum
465 3905 612 3962 accusativo
621 3906 716 3961 Latine
741 3907 776 3959 ici
812 3925 844 3960 ro
877 3909 933 3972 bet,
952 3906 968 3961 i.
987 3924 1010 3960 e.
1028 3909 1080 3962 hoe
1097 3909 1204 3978 quidem
1221 3909 1297 3963 loeo:
1339 3925 1389 3962 uae
1414 3907 1487 3963 nunc

238 3973 340 4054 tarde!
375 3975 496 4028 Accedat
513 3974 676 4055 'igiturhoc
694 3925 844 4045 exemplirm
879 3975 1010 4029 sententia
1035 3985 1125 4031 vestra
1159 3977 1264 4030 videtur
1298 3927 1343 4030 vel
1377 3976 1486 4030 maioris

237 4041 305 4107 rlhs,
329 4057 396 4112 quae
417 4060 466 4112 pro
493 4043 631 4112 diligentia
653 4061 701 4096 sua
723 4042 845 4097 Draken-
899 4045 963 4098 artis
990 4053 1115 4099 vestrum.
1159 4045 1264 4099 Laudat
1292 4046 1373 4099 Snalr.
1399 4045 1487 4098 Asinii

238 4109 364 4163 borchius
382 4111 418 4162 ad
433 4110 503 4164 Livii
521 4111 564 4164 lib.
582 4125 612 4176 ιι,
631 4119 674 4179 20,
693 4117 708 4165 6
727 4111 843 4182 collegit,
878 4063 1009 4167 lollionis
1029 4113 1112 4185 'epist
1138 4113 1208 4167 inter
1234 4113 1373 4168 Tullianus
1390 4128 1424 4178 x,
1452 4119 1485 4168 81

239 4185 447 4249 permutatamm
465 4196 561 4232 vocum
578 4179 692 4233 illarum.
879 4191 947 4236 extr.
963 4183 1094 4250 ommutui,
1112 4192 1146 4236 ut
1162 4199 1247 4237 nunc
1265 4193 1327 4252 est,
1345 4201 1404 4238 cum
1413 4200 1487 4236 erer-

275 4245 342 4315 Cap.
361 4253 402 4313 18,
421 4249 443 4314 5.
464 4256 488 4301 9.
515 4250 603 4301 aedem
620 4250 648 4301 ia
666 4250 736 4302 Asia
753 4265 844 4304 omnes
877 4253 932 4304 citu
944 4252 1098 4321 perficiem,
1125 4249 1142 4304 i.
1169 4267 1193 4305 c.
1220 4251 1287 4306 sieut
1304 4270 1375 4306 nunc
1391 4251 1488 4305 sentio.

238 4314 290 4367 mei
309 4322 336 4366 et
354 4313 435 4367 Snaln
453 4314 523 4369 libri.
558 4315 604 4370 Vu
668 4319 750 4370 sedes.
877 4319 966 4374 Aliter
982 4335 1032 4373 nec
1049 4327 1136 4373 tamen
1160 4319 1281 4374 dissimili
1306 4319 1411 4375 ratione
1429 4318 1487 4373 Cic.

274 4383 417 4462 Euctemon
438 4383 598 4465 Οφηιιιοιιι]Ι
640 4402 702 4438 omo
720 4385 748 4438 iu
766 4388 800 4439 ed
810 4387 844 4440 tis
880 4389 914 4442 ad
932 4388 989 4442 stt.
1007 4401 1061 4455 xu,
1080 4396 1113 4442 29
1132 4407 1197 4459 quae
1216 4392 1336 4470 (causae)
1355 4392 1380 4443 si
1397 4406 1488 4442 mune-

238 4451 267 4504 lr.
290 4451 308 4504 l.
334 4458 361 4504 et
386 4469 414 4504 ιιι
439 4451 492 4505 fine
520 4461 613 4526 capsus
645 4461 755 4509 vocatur
780 4455 844 4509 olim
879 4459 955 4526 tant,
974 4459 1123 4526 quaerenda
1141 4459 1191 4510 em't
1209 4469 1343 4512 eacusntm
1360 4460 1399 4512 ad
1414 4457 1488 4512 Bru·
