3158 5294
454 391 504 443 nn
531 388 658 442 ensrrs
683 389 793 441 snnx.
818 383 869 458 rx,
898 386 942 440 ss.
1269 367 1341 438 477

84 583 148 650 ‘ut
172 585 301 674 puteos
326 574 476 665 foderet,
511 602 583 674 qus
607 574 780 651 terrestri
793 574 920 648 itinere
947 572 1120 648 ducturus
1147 570 1343 645 exercitum

105 686 315 780 videbatur,
350 687 483 786 quippe
517 687 612 761 sices
645 696 723 761 erat
756 686 874 784 regio,
916 687 994 784 ipse
1019 711 1099 759 cum
1125 683 1236 782 copiis
1263 683 1344 755 sub·

105 799 210 891 sistit,
240 823 393 873 vernum
419 807 559 896 tempus
586 809 791 898 expectans.
843 796 989 870 Interim
1017 807 1054 870 et
1079 796 1187 870 urbes
1214 795 1344 893 pleras-

69 930 175 1007 3que
201 909 370 984 condidit.
422 906 586 983 Nearcho
618 920 726 1007 atque
754 907 954 984 Onesicrito
986 909 1151 982 nauticae
1177 907 1229 979 rei
1254 903 1344 1002 peri·

105 1022 152 1095 tis
185 1023 390 1120 imperavit,
427 1030 469 1093 ut
493 1019 729 1094 validissimas
755 1022 901 1097 navium
928 1017 1147 1094 deducerent
1171 1019 1208 1092 in
1235 1013 1345 1089 Ocea·

105 1158 207 1224 num,
234 1132 484 1232 progressique
509 1132 629 1229 quoad
654 1143 734 1207 tuto
760 1143 925 1232 possent,
957 1142 1124 1205 naturam
1148 1129 1256 1202 maris
1283 1152 1345 1200 no-

106 1255 265 1318 scerent:
300 1246 360 1318 vel
385 1242 513 1319 eodem
539 1267 659 1335 amne,
693 1246 752 1318 vel
777 1244 962 1346 Euphrate
988 1243 1108 1318 subire
1133 1266 1195 1317 eos
1228 1263 1345 1338 posse,

105 1381 188 1428 cum
213 1356 345 1430 reverti
372 1354 419 1429 ad
445 1380 485 1429 se
511 1357 653 1430 vellent.

69 1487 86 1532 4
208 1467 354 1566 Iamque
380 1467 544 1565 mitigate
569 1469 695 1560 hieme,
722 1477 759 1541 et
776 1467 939 1557 navibus,
968 1487 1059 1564 quse
1080 1465 1223 1538 inutiles
1249 1458 1395 1534 vide-39

71 1577 256 1671 5bsntur,
292 1579 477 1669 cremetis,
513 1588 609 1652 terre
635 1577 789 1653 ducebat
822 1577 1029 1652 exercitum.
1081 1573 1193 1649 Nonis
1220 1573 1346 1647 castris

105 1688 143 1762 in
167 1691 349 1790 regionem
375 1689 564 1782 Aboriton,
590 1689 674 1764 inde
699 1689 851 1764 totidem
877 1688 1004 1763 diebus
1031 1689 1067 1796 in
1094 1684 1347 1760 Cedrosiorum

139 1909 202 1976 Μ
236 1911 313 1964 urbes
331 1910 475 1979 plerosque
491 1910 616 1976 condidit]
652 1907 708 1960 Ne·
742 1915 800 1961 tum
809 1906 905 1962 iterum
919 1923 967 1986 per
977 1905 1132 1961 Cedrosism
1145 1903 1223 1986 stapsi
1238 1900 1348 1956 θάλατ·

106 1975 185 2030 scisse
215 1976 321 2031 ridetur
346 1975 543 2030 Freinshemius
567 1979 659 2045 pleros
677 1993 709 2030 ue
743 1995 797 2028 ταν
814 1975 866 2029 iter
883 1976 985 2042 fecisse,
1003 1972 1116 2044 denique
1131 1974 1349 2044 εἰςχωρανέρη-

106 2044 158 2098 dici
175 2047 248 2126 apud
265 2044 386 2100 Curtium
406 2063 457 2115 pro
478 2046 617 2125 plurimis,
679 2062 708 2098 o·
743 2063 800 2112 μον
813 2043 976 2115 processisse,
991 2050 1126 2114 postremo
1142 2039 1286 2095 exantlatis
1300 2038 1348 2092 mi-

125 2111 170 2164 uin
187 2132 215 2166 rn
227 2113 291 2185 ipsis
305 2113 391 2169 verbis
405 2113 471 2166 nihil
486 2111 629 2166 invenisset
638 2113 709 2183 quod
743 2112 816 2166 seriis
834 2112 861 2166 in
884 2111 926 2178 χιό
945 2133 981 2164 αν
1000 2113 1170 2179 οἰκουμένην
1187 2107 1349 2180 pervenisse.

106 2131 213 2234 difficile
235 2189 306 2235 esset
327 2183 361 2234 sd
379 2181 572 2252 explicandum.
607 2181 709 2234 Verum
728 2181 894 2235 'Secundum
912 2133 1033 2244 Ciurtium
1051 2179 1143 2232 eedem
1160 2178 1267 2232 rstione
1286 2176 1348 2229 Ale-
1375 2232 1379 2242 ,

106 2248 180 2302 suxit
197 2249 269 2303 hsud
286 2250 365 2304 dubie
381 2267 438 2304 rem
456 2249 578 2317 Curtius,
601 2267 650 2304 nec
667 2257 708 2304 te-
742 2251 844 2304 xender
865 2249 979 2320 primum
1001 2248 1029 2302 in
1051 2247 1186 2318 regionem
1209 2248 1348 2311 Aborston,

107 2333 168 2370 men
185 2317 303 2371 adducor
320 2327 350 2372 ut
367 2319 401 2371 sb
423 2335 455 2372 eo
478 2318 626 2388 profectum
648 2335 709 2372 cen·
744 2318 799 2372 sive
822 2317 894 2389 quod
917 2317 989 2371 eliud
1014 2316 1053 2370 illi
1074 2315 1149 2398 genti
1177 2333 1272 2370 nornen
1298 2323 1348 2380 est,

107 2402 177 2440 seem
202 2388 274 2457 quod
303 2385 417 2442 coniecit
441 2385 604 2441 Freinshem.
632 2388 709 2441 urbes
743 2386 839 2454 intret,
865 2386 961 2440 deiude
982 2385 1135 2440 Cedrossem
1157 2383 1267 2456 recipit,
1291 2389 1349 2436 turn

101 2466 254 2526 portusque.
743 2457 856 2510 Horitas
874 2455 986 2526 subigit,
1016 2461 1164 2525 sequuntur
1181 2455 1246 2507 Indi
1267 2453 1349 2506 mori-

142 2527 199 2592 §.s
233 2524 357 2578 Nearcho
375 2534 452 2595 utque
472 2523 630 2595 Orwsr'crito]
665 2521 709 2576 llli
744 2526 812 2591 timi,
844 2524 957 2594 denique
988 2521 1119 2577 exercitus
1150 2521 1178 2574 in
1207 2523 1349 2576 Cedrosiae

106 2593 280 2662 praefectos.
299 2592 445 2666 ναυάρχῳ,
469 2593 530 2646 huic
547 2594 709 2664 gubernato-
743 2593 830 2648 cultae
854 2593 919 2646 fines
945 2592 1105 2673 perducitur.
1141 2595 1263 2661 Apparet
1287 2607 1349 2642 esn-

107 2660 709 2784 dstrtttrlltttlttttultttt
744 2658 1349 2801 llll,&tulffletttlslttsstlsrtt

107 2797 189 2864 libris,
207 2815 272 2870 quos
291 2799 324 2851 de
335 2749 489 2852 Aidxsndrl'
498 2798 709 2868 expeditionibus
743 2745 975 2872 reseditresedit
998 2803 1026 2875 et
1051 2795 1104 2860 τὴν
1131 2799 1236 2864 ἔρημον
1262 2801 1348 2874 voest,

108 2865 274 2937 conscripsit,
298 2866 335 2920 its
352 2873 384 2920 ut
401 2865 527 2920 miraculo
544 2874 709 2920 consectare·
744 2883 788 2920 ees
815 2864 923 2918 Curtius
950 2863 1087 2930 comunxit
1116 2863 1212 2917 latiore
1242 2879 1350 2916 nomme

107 2943 159 3002 tur,
177 2934 315 2989 Nearchus
332 2935 360 2989 in
383 2935 453 2988 libro
472 2933 646 3004 navigationis
663 2934 710 2987 ln·
742 2935 871 2988 Indorum
896 2932 1097 2999 maritimorum)
1129 2933 1176 2984 sed
1208 2938 1349 3001 utramque

108 3003 180 3056 dicae
199 3001 366 3076 (παράπλῳ)
384 3003 457 3057 cuius
480 3002 563 3056 mults
584 3011 710 3072 excerpts
743 3003 837 3056 falsam
859 3009 887 3055 et
909 3017 1067 3072 perversam.
1101 2999 1198 3053 Verius
1220 2999 1349 3053 Arrianus

108 3069 223 3126 servavit
231 3071 360 3126 Arrianus
377 3071 406 3125 in
422 3069 530 3138 Indicis,
548 3087 610 3124 vere
628 3073 709 3141 etque
744 3071 855 3143 primam
879 3077 986 3140 gentem
1009 3067 1074 3121 dicit
1091 3069 1264 3122 Architarum
1281 3067 1350 3122 circs

108 3139 264 3210 incorrupto
282 3140 387 3194 iudicio.
744 3156 847 3193 amnem
857 3138 993 3203 Arabium,
1011 3137 1122 3190 alteram
1136 3139 1278 3202 Ordurum,
1296 3143 1350 3188 ter·

144 3207 210 3280 Cup.
220 3214 263 3276 39,
281 3212 305 3279 ξ.
319 3217 343 3263 5.
378 3213 406 3262 s'n
423 3210 553 3280 regionem
571 3209 698 3261 Aboritorr
744 3208 810 3261 tiam
827 3207 962 3278 regionem
980 3223 1022 3259 am
1042 3205 1095 3259 lam
1106 3206 1265 3272 Gedrosiae,
1276 3203 1350 3258 cuius

109 3275 350 3348 Sicnomengentis
358 3276 574 3340 coddexhibent,
583 3275 690 3346 nisique
744 3276 891 3398 princppem
905 3276 998 3329 urbem
1031 3291 1105 3327 uram
1119 3274 1199 3327 finem
1213 3289 1350 3352 serumns-

109 3345 136 3398 in
152 3345 242 3417 paucis
259 3347 402 3413 alcmeon,
424 3348 548 3400 odor-idon
566 3355 618 3412 est3
646 3344 709 3398 edit.
743 3365 802 3400 rum
833 3343 901 3398 uisse
918 3343 1010 3397 trudit.
1045 3342 1101 3396 Sed
1118 3359 1152 3396 ne
1170 3341 1274 3397 illorum
1291 3359 1349 3413 qur-

109 3413 189 3484 princ.
203 3416 334 3469 cheriem
362 3414 445 3468 Aldus
454 3413 517 3468 fecit
526 3415 708 3482 Arabicarum,
744 3415 804 3468 dem
822 3423 968 3481 auctorum,
986 3411 1128 3484 praecipue
1144 3411 1240 3478 Curtii,
1259 3427 1350 3464 narre-

84 3500 176 3552 ·quse
193 3484 304 3556 posthac
320 3483 429 3554 vulgata
451 3483 522 3537 facts
544 3490 593 3536 est.
629 3481 710 3547 Quod
743 3483 842 3538 tionem
863 3482 1002 3554 quicquam
1024 3481 1057 3534 ab
1080 3479 1196 3535 Arriano
1220 3480 1350 3533 diversum
1375 3491 1377 3498 ·

109 3551 225 3620 sequitur
247 3553 350 3605 totidem
368 3553 458 3606 diebus
476 3553 505 3605 in
525 3551 710 3605 Cedrosiorum
744 3569 803 3606 esse
820 3560 909 3623 petet,
932 3551 954 3603 si
972 3567 1064 3604 verum
1082 3557 1124 3602 est
1139 3549 1214 3670 :prod
1232 3546 1349 3602 Schmie-

104 3629 256 3686 pereentum
274 3629 326 3686 est,
354 3617 391 3673 sie
412 3618 478 3673 item
500 3619 628 3674 librorum
649 3637 709 3672 mss.
744 3622 822 3675 derus
840 3618 984 3684 annotavit,
1003 3619 1073 3688 opud
1084 3617 1137 3672 Dio
1158 3635 1234 3670 orum
1243 3625 1271 3670 et
1282 3616 1350 3670 Gur-

110 3703 236 3739 consensu
252 3685 369 3754 iubente,
388 3687 475 3740 deleta
513 3688 619 3740 userul
638 3703 709 3742 ore·
743 3689 811 3742 tium
833 3705 883 3758 per
904 3685 1094 3756 negligentium
1116 3693 1144 3738 et
1167 3703 1254 3738 rerum
1272 3684 1350 3738 insci-

129 3753 211 3806 etitur
228 3771 293 3810 roes
311 3757 448 3824 requam,
468 3705 584 3808 exdibui.
610 3706 709 3808 tier-um
743 3757 808 3810 tiam
818 3753 950 3825 duplicem
959 3753 1149 3820 narrationem,
1168 3753 1278 3807 alterurn
1289 3754 1350 3807 bre-

109 3771 174 3874 hsec
191 3821 304 3888 leviore,
332 3823 437 3893 grsrim
453 3821 547 3876 vitium
565 3823 645 3893 ipsius
663 3841 709 3876 su·
743 3823 966 3877 vioremsltersm
983 3821 1130 3892 longiorem
1144 3821 1277 3892 coniungi,
1294 3838 1348 3893 quo

110 3890 188 3944 cteris
206 3899 254 3956 est,
273 3907 360 3972 neque
373 3891 498 3944 librorum
511 3890 642 3962 praesidio
656 3891 710 3945 tol·
744 3889 1251 3945 fieriutCedrosisbiscommemoretur.
1261 3889 1349 3944 Nimi-

110 3959 223 4029 lendum,
260 3977 366 4014 uomsm
382 3977 435 4014 non
452 3959 529 4012 unius
547 3957 643 4024 Curtii,
661 3959 710 4012 sed
744 3959 829 4014 rumsi
838 3957 1028 4014 accuratiorem
1037 3957 1139 4012 itineris
1150 3959 1350 4013 narrationems

109 4027 146 4081 illi
172 4046 232 4082 cum
242 3979 373 4083 hindam
394 4044 531 4082 commune
556 4035 604 4081 est.
640 4029 710 4080 s'am
744 4027 831 4083 verbis
850 4029 968 4096 „Quinto
985 4028 1045 4080 line
1061 4029 1101 4080 die
1117 4029 1184 4080 venit
1199 4029 1349 4098 edflemen

109 4098 179 4168 spud
205 4106 347 4168 utrumque
378 4096 531 4167 scriptorem
561 4095 711 4168 importune
744 4099 881 4151 Arabum*
901 4094 1016 4166 incipere
1025 4095 1128 4161 statuis,
1140 4096 1237 4149 iustam
1246 4113 1348 4150 verem-

109 4167 211 4220 duobus
228 4165 448 4221 locisOedrosioe
465 4166 589 4218 ssctsest
602 4164 709 4219 mentio.
745 4183 796 4238 que
814 4183 847 4219 ex
882 4164 989 4218 ditionis
1012 4164 1094 4218 deseri
1114 4164 1213 4219 tionem
1236 4165 1298 4218 inde
1315 4165 1349 4218 sb

110 4234 241 4289 Diodorus
258 4233 388 4302 lib.xvrr,
406 4241 491 4290 clod
508 4232 584 4288 initio
601 4233 710 4306 expedi·
743 4234 829 4288 insule
869 4233 953 4288 sttola
974 4249 1057 4304 usque
1080 4183 1114 4286 sd
1131 4233 1231 4304 regium
1249 4232 1349 4287 Cedro-

110 4301 187 4357 tionis
204 4320 293 4374 regern
311 4304 376 4358 dicit
393 4299 710 4370 τούςρνομαζομένους
744 4303 844 4358 riorum
869 4301 987 4356 hebebis.
1026 4301 1099 4355 Hine
1125 4303 1223 4356 fectum
1250 4310 1291 4355 est
1318 4308 1349 4353 ut

106 4371 259 4440 Ἀρβίταε
277 4371 435 4446 (Ἀμβρίτας
448 4369 492 4425 slii
506 4369 579 4438 libri)
589 4376 634 4423 καὶ
644 4371 710 4427 τούς
744 4380 897 4442 corruptum
927 4387 1022 4423 nomen
1054 4371 1183 4424 Aboriton
1216 4369 1348 4440 corrigere

6 4495 7 4516 Χ
110 4439 161 4504 τὴν
178 4437 390 4510 Κεδρωσίαν
417 4441 567 4495 οἰκοῦντας
584 4438 611 4492 in
629 4438 710 4494 ‹licio-
743 4441 889 4508 noluerim,
923 4439 994 4510 quod
1025 4437 1081 4492 iure
1108 4437 1224 4492 dubitari
1256 4446 1349 4508 potest

6 4559 8 4570 ,
110 4525 168 4560 nem
186 4509 323 4578 recepisse,
342 4508 553 4583 deinde’llplrec
561 4508 709 4576 subiecisse,
743 4517 833 4564 utrum
851 4511 980 4564 Arabicae
996 4505 1024 4560 in
1042 4523 1074 4561 eo
1091 4505 1201 4576 lstesnt,
1220 4523 1287 4578 quos
1297 4505 1348 4558 Ar·
