3214 5288
614 405 833 460 PRAEFATIO.
1309 410 1351 460 1x

124 591 246 688 quibus
274 616 316 664 ea
340 591 448 681 ratio,
484 617 591 689 quarn
622 592 659 664 in
692 591 913 666 recensendo
939 600 1046 664 textu
1071 601 1215 664 secutus
1238 569 1350 682 ieram,

123 743 191 790 non
229 717 355 792 leviter
395 721 604 794 confirmata
643 730 708 794 est.
759 716 853 792 Nam
893 719 1084 792 editionem
1116 717 1227 790 Hadr.
1259 718 1350 792 lunii

123 845 418 944 Antverpiensem
443 871 475 920 a.
506 850 621 938 1546,
661 848 697 920 in
725 872 795 945 qua
827 847 943 946 prime.
973 870 1046 918 non
1079 846 1174 918 levia
1200 845 1264 918 sed
1290 871 1351 918 ex-

25 957 32 968 ’
124 986 244 1070 pressa
275 975 431 1048 melioris
468 975 622 1049 familiae
661 973 824 1049 codicum
862 972 1013 1071 vestigia
1052 985 1241 1072 apparent,
1288 975 1350 1047 cel.

122 1099 264 1173 Bardilii
290 1119 457 1200 prompto
484 1100 529 1176 de
555 1104 682 1177 litteris
709 1099 870 1176 merendi
895 1099 1014 1174 studio
1039 1112 1282 1192 nactussum,
1315 1113 1351 1176 et

124 1225 272 1302 duorum
299 1227 462 1302 codicum
487 1255 571 1303 mss.
598 1230 833 1304 bibliothecae
854 1228 1017 1327 publicae
1038 1226 1228 1302 Bernensis
1249 1255 1350 1304 accu-

123 1365 236 1428 ratam
271 1380 352 1427 cum
386 1356 541 1431 editione
572 1357 765 1456 Bipontina
798 1383 830 1430 a.
860 1359 957 1430 1782
982 1358 1220 1430 collationem
1247 1384 1268 1431 a
1293 1383 1351 1432 me

123 1493 267 1591 rogatus
294 1483 447 1557 instituit
481 1487 543 1559 cel.
569 1485 789 1560 Adalbertus
815 1483 979 1576 lahnius,
1018 1485 1078 1582 ph.
1104 1483 1167 1556 Dr.
1195 1495 1232 1558 et
1257 1486 1350 1558 illius
1437 1539 1445 1556 .

123 1611 355 1685 bibliothecae
381 1611 660 1710 subpraefectus.
712 1611 848 1686 Eorum
873 1611 1036 1686 codicum
1061 1613 1152 1686 alter
1173 1614 1352 1710 antiquior

122 1737 214 1811 idem·
241 1749 315 1829 est,
341 1740 402 1836 qui
426 1740 464 1812 in
488 1741 608 1814 libello
635 1741 848 1816 variantium
874 1741 1066 1814 lectionum
1092 1739 1188 1838 apud
1214 1739 1351 1814 Freins-

121 1865 275 1938 hemium
295 1866 392 1940 Petri
406 1866 563 1941 Danielis
590 1893 637 1941 ex
662 1870 806 1943 nomine
832 1869 964 1944 veteris
990 1869 1206 1965 possessoris
1234 1869 1352 1966 appel·

122 1993 212 2066 latur
240 2004 277 2068 et
301 1995 350 2069 D.
377 1995 453 2069 sive
478 1995 573 2071 Dea.
599 2005 763 2088 notatur,
798 2006 924 2094 estque
956 1999 1061 2068 unus
1081 2020 1126 2082 err
1153 1996 1351 2092 praecipuis

43 2160 45 2170 =
121 2123 274 2196 melioris
300 2123 453 2196 familiae
478 2123 595 2212 libris3
623 2125 723 2214 alter,
751 2148 857 2221 quem
882 2121 1144 2196 BeruensemB
1170 2147 1351 2215 vocamus,

122 2248 164 2323 ad
189 2253 343 2324 classem
368 2249 595 2324 deterrimam
621 2263 871 2351 corruptorum
893 2251 1065 2342 librorum
1082 2252 1246 2350 pertinet,
1272 2275 1351 2349 pro·

120 2376 284 2476 ximeque
310 2377 356 2454 ad
390 2390 554 2452 nostrum
579 2357 824 2454 Florentinum
848 2377 885 2452 H
910 2375 1062 2454 accedit:
1102 2389 1252 2475 uterque
1278 2404 1351 2451 non

120 2516 191 2578 tam
214 2532 394 2582 novarum
419 2507 612 2580 lectionum
639 2510 787 2606 copiam,
814 2533 921 2605 quam
948 2533 996 2581 ex
1018 2503 1230 2581 Florentinis
1252 2507 1350 2579 libris

120 2631 284 2708 haustam
310 2635 493 2725 habemus,
519 2637 632 2727 auxit,
659 2661 766 2734 quam
791 2637 928 2712 illustre
956 2635 1210 2711 documentum
1233 2633 1352 2706 discri-

120 2760 235 2852 minis,
274 2760 370 2860 quod
396 2763 489 2835 inter
520 2761 659 2838 codices
687 2762 876 2839 Curtianos
912 2774 1022 2854 esset,
1057 2762 1351 2862 repraesentavit.

120 2887 175 2961 Ex
200 2889 328 2964 eadem
353 2891 568 2965 bibliotheca
585 2891 757 2966 Beruensi
783 2892 957 2967 benevole
982 2891 1170 2965 nobiscum
1198 2917 1351 2964 commu-

120 3017 235 3092 nicata
262 3029 348 3091 sunt
374 3018 447 3091 duo
467 3021 684 3119 exemplaria
700 3021 798 3119 typis
816 3018 1011 3117 descripta:
1039 3017 1238 3092 Parisinum
1256 3016 1353 3114 apud

123 3139 302 3221 Simonem
328 3143 535 3220 Golinaeum
571 3151 668 3221 1543
705 3135 742 3221 et
767 3146 1006 3246 Lugdunense
1032 3144 1129 3244 apud
1156 3145 1353 3218 Antonium

121 3267 349 3348 Vincentium
378 3275 495 3364 1546,
535 3274 582 3348 ad
614 3301 766 3373 quorum
797 3277 975 3374 margines
1002 3275 1131 3373 partim
1159 3272 1258 3346 Petri
1284 3270 1353 3344 Da-

121 3399 219 3474 nielis
251 3401 385 3500 partim
427 3400 546 3476 lacobi
580 3400 766 3501 Bongarsii
801 3404 964 3478 manibus
1000 3405 1135 3500 aliquot
1173 3401 1353 3474 variantes

120 3525 290 3605 lectiones
316 3528 518 3628 adscriptae
543 3541 646 3604 sunt:
678 3556 804 3608 verum
834 3533 877 3606 iis
902 3515 1130 3621 lectionibus,
1161 3540 1353 3628 propterea

122 3655 216 3750 quod
241 3683 391 3756 prorsus
416 3657 573 3732 incertae
599 3635 684 3732 srmt
710 3660 952 3750 auctoritatis,
984 3660 1036 3732 uti
1061 3683 1135 3732 non
1161 3657 1364 3754 potuimus..

120 3777 232 3882 Magis
273 3786 467 3884 profuisset
498 3785 670 3858 Aldinum
709 3788 892 3886 exemplar
931 3812 954 3860 a
991 3785 1121 3860 lacobo
1155 3783 1352 3880 Bongarsio

120 3911 227 3984 variis
241 3913 466 3986 lectionibus
494 3911 645 3987 duorum
672 3912 834 3988 codicum
859 3916 1091 4003 instructum,
1123 3911 1220 3984 unde
1245 3921 1353 3983 notae

119 4039 230 4138 Bonp.
260 4043 293 4112 1.
320 4043 342 4115 2
376 4041 415 4112 in
450 4041 694 4116 collectionem
728 4041 1053 4116 Freinshemianam
1087 4039 1256 4114 videntur
1290 4037 1353 4110 flu·

119 4165 232 4258 xisse,
269 4165 335 4241 sed
358 4166 447 4241 illud
473 4171 656 4268 exemplar
682 4169 819 4246 dudum
845 4170 1020 4269 disparuit
1046 4166 1145 4267 (vide
1171 4165 1220 4237 lo.
1248 4163 1353 4263 Oasp.

121 4289 245 4367 Orellii
272 4297 668 4389 commentatiunculam
700 4296 746 4372 de
771 4308 896 4372 nostra
927 4295 1084 4370 editione
1108 4294 1224 4367 Berol.
1255 4294 1352 4366 1826

120 4419 156 4491 in
190 4419 344 4496 Secbod.
378 4434 415 4498 et
428 4423 542 4498 lehn.
573 4450 657 4498 nov.
684 4427 799 4499 annal.
826 4425 993 4523 philolog.
1027 4431 1064 4495 et
1098 4420 1296 4518 paedagog.
1310 4447 1354 4494 a.

125 4549 219 4622 1831
247 4550 322 4624 vol.
348 4549 382 4623 11
407 4577 488 4650 pag.
517 4556 563 4625 45
591 4551 698 4650 sqq.):
735 4575 950 4650 quamquam
981 4575 1026 4622 ne
1058 4549 1112 4620 his
1140 4547 1282 4642 quidem
1308 4548 1356 4620 le·
1416 4525 1421 4532 ⁸
