3268 5286
526 401 576 452 nu
602 399 729 454 onsrrs
754 399 863 453 Annx.
888 401 953 470 vrr,
971 398 997 452 a.
1315 383 1387 456 301

95 584 269 683 suipsius
296 585 445 684 sepelire
470 587 736 684 permitterent,
760 586 1008 685 precabantur.
1059 583 1132 660 Diu
1156 584 1194 658 id
1218 594 1389 683 negatum

155 707 222 788 est,
249 694 415 772 Cleandri
440 709 548 790 metu,
561 723 607 772 ne
634 697 832 774 offenderet
857 723 987 798 regem.
1026 695 1247 770 Pertinacius
1261 697 1390 772 deinde

153 808 403 906 precantibus,
437 809 623 884 materiem
649 811 946 883 consternationis
972 806 1252 884 subtrahendam
1278 817 1389 898 ratus,

92 919 270 1018 cacapite
304 918 424 995 deciso
449 931 616 996 truncum
649 922 797 996 humare
828 923 998 1020 permisit
1049 918 1109 993 Ad
1134 945 1256 1019 regem
1282 929 1390 1019 caput

150 1031 300 1106 missum
325 1042 391 1106 est

255 1141 324 1218 Hic
359 1144 478 1220 exitus
511 1144 757 1219 Parmenionis
791 1145 877 1235 fuit,
915 1144 1061 1218 militiae
1102 1141 1269 1241 domique
1304 1141 1389 1216 clari

151 1253 230 1328 viri.
282 1253 397 1329 Multa
422 1256 498 1330 sine
523 1280 609 1356 rege
633 1281 821 1355 prospere,
847 1281 914 1331 rex
940 1256 1015 1330 sine
1039 1255 1101 1328 illo
1126 1255 1214 1330 nibil
1239 1279 1390 1355 magnae
1509 1305 1511 1309 -

150 1366 205 1440 rei
239 1377 409 1464 gesserat.
461 1366 678 1442 Felicissimo
704 1369 795 1466 regi,
831 1378 869 1442 et
896 1369 1017 1442 omnia
1041 1366 1089 1441 ad
1113 1369 1278 1443 fortunae
1304 1392 1390 1442 suae

152 1477 313 1576 exigenti
337 1477 495 1571 modum,
521 1480 701 1554 satisfecit.
740 1502 818 1553 nxx
843 1490 950 1554 natus
977 1505 1100 1573 annos,
1125 1479 1263 1554 iuvenis
1289 1477 1390 1553 ducis

152 1599 192 1661 et
218 1611 325 1688 saepe
351 1589 459 1664 etiam
485 1591 640 1689 gregarii
664 1590 785 1664 militis
811 1591 933 1665 munia
958 1593 1136 1690 explevit:
1170 1617 1251 1666 acer
1277 1590 1389 1666 consi-

149 1701 211 1792 lio,
237 1725 346 1774 manu
372 1713 549 1793 strenuus,
575 1727 679 1776 curus
710 1702 948 1801 principibus,
982 1703 1091 1800 vulgo
1116 1703 1269 1776 militum
1294 1727 1391 1777 acce·

95 1830 134 1879 ar
151 1811 258 1910 ptior.
296 1809 397 1887 Haec
421 1814 626 1914 impulerint
649 1813 749 1886 illum
775 1813 822 1887 ad
847 1815 948 1912 regni
974 1813 1215 1912 cupiditatem,
1242 1841 1288 1889 an
1314 1827 1391 1888 tun·

151 1934 233 1997 tum
258 1937 464 2024 suspectum
489 1925 653 2017 iecerint,
688 1924 821 2024 ambigi
846 1935 981 2023 potest,
1016 1927 1100 2023 quia
1125 1923 1285 2000 Philotas
1312 1926 1391 1998 ulti-

150 2035 220 2109 mis
253 2036 468 2112 cruciatibus
499 2037 617 2111 victus
649 2061 784 2110 verane
815 2033 964 2128 dixerit,
997 2038 1216 2134 quaefacta
1246 2036 1391 2136 probari

151 2171 226 2220 non
252 2158 429 2247 poterant,
456 2174 502 2222 an
527 2148 625 2222 falsis
651 2155 911 2222 tormentorum
937 2147 1079 2246 petierit
1104 2150 1222 2240 finem,
1239 2175 1280 2223 re
1306 2173 1391 2247 quo·

152 2283 223 2358 que
249 2261 394 2351 recenti,
421 2285 503 2333 cum
528 2259 641 2357 magis
667 2267 791 2356 posset
815 2257 960 2354 liquere,
988 2258 1191 2334 dubitatum
1216 2271 1281 2334 est.

95 2389 134 2439 aa
255 2369 479 2463 Alexander,
516 2395 605 2469 quos
637 2370 747 2444 libere
779 2378 933 2442 mortem
963 2368 1209 2446 Parmenionis
1237 2372 1441 2469 conque-10

153 2491 231 2556 atos
262 2507 340 2556 esse
375 2492 613 2581 compererat,
647 2478 866 2579 separandos
893 2505 915 2553 a
941 2491 1061 2555 cetero
1094 2483 1251 2557 exercitu
1280 2493 1391 2573 ratus,

153 2593 191 2666 in
217 2619 326 2668 unam
352 2595 535 2667 cohortem
561 2593 729 2684 secrevit,
755 2591 953 2690 ducemque
978 2593 1034 2667 his
1060 2591 1255 2668 Leonidam
1282 2593 1390 2685 dedit,

154 2715 194 2779 et
224 2706 342 2805 ipsum
367 2703 595 2779 Parmenioni
621 2701 802 2803 quondam
827 2703 954 2778 intima
983 2704 1222 2779 familiaritate
1248 2705 1415 2780 coniun.

96 2837 136 2887 eu
155 2827 263 2890 ctum
315 2814 405 2891 Fere
430 2813 538 2890 iidem
564 2825 682 2906 erant,
715 2838 804 2912 quos
831 2815 986 2914 alioquin
1012 2841 1078 2890 rex
1102 2816 1279 2890 habuerat
1304 2818 1391 2890 invi·

156 2953 226 3002 sos.
279 2926 372 3002 Nam
406 2951 487 3001 cnm
513 2928 668 3027 experiri
693 2925 804 3000 vellet
829 2927 980 3000 militum
1006 2928 1160 3019 animos,
1195 2927 1391 3018 admonuit,

155 3039 217 3138 qui
251 3039 389 3114 litteras
420 3040 458 3113 in
483 3037 730 3118 Macedoniam
756 3035 803 3109 ad
830 3060 914 3111 suos
941 3039 1157 3138 scripsisset,
1191 3040 1265 3130 his,
1302 3063 1391 3135 quos

153 3151 232 3250 ipse
257 3151 433 3244 mittebat,
459 3149 650 3250 perlaturis
676 3175 758 3224 cum
783 3147 864 3241 fide,
890 3149 1059 3225 traderet.
1108 3145 1320 3247 Simpliciter
1345 3148 1393 3221 ad

154 3264 374 3339 necessarios
405 3287 491 3339 suos
526 3263 676 3361 quisque
711 3264 917 3365 scripserat,
954 3287 1045 3360 quae
1086 3261 1280 3336 sentiebat:
1314 3259 1391 3333 aliis

189 3552 213 3620 5.
231 3556 273 3605 82.
307 3551 364 3606 Diu
380 3552 412 3605 td
427 3554 558 3636 matun]
594 3549 704 3609 Omittit
728 3553 759 3607 id
791 3548 819 3605 in
837 3548 932 3606 ceter-is
949 3547 1094 3618 codicibus,
1121 3565 1188 3621 quoe
1213 3547 1330 3604 nondum
1347 3565 1393 3623 ep-

153 3617 226 3673 Flor.
245 3619 278 3672 A.
317 3619 389 3673 Tum
413 3621 521 3678 Medius
546 3640 574 3675 ur
599 3620 757 3676 membranis
791 3620 895 3691 pellavi,
913 3621 1035 3673 mitidum
1051 3620 1181 3688 explicuit
1203 3618 1394 3673 Verumtamen

153 3701 213 3740 esse
233 3685 363 3740 Ciemdro
386 3699 509 3744 metuente
529 3691 656 3758 affirmat,
684 3690 757 3744 ouius
791 3688 857 3742 nibil
873 3696 957 3756 muto,
976 3695 1039 3742 sunt
1055 3687 1125 3741 enim
1142 3685 1393 3758 etiumintegerrimi

154 3752 276 3808 lectionis
292 3753 321 3807 in
336 3754 444 3825 reliquis
469 3774 519 3810 nec
536 3757 595 3813 volu
611 3775 660 3814 nec
676 3757 757 3813 veeti-
792 3757 897 3811 codices
915 3755 1037 3811 Curtiani
1054 3757 1180 3810 mendose
1197 3755 1296 3826 scripti.

184 3839 229 3875 um
247 3831 390 3894 comparet.
408 3823 668 3895 Sednerffmdermt
685 3827 756 3882 Flor.
827 3825 893 3898 Gap.
918 3832 962 3893 10,
989 3829 1014 3892 s.
1036 3829 1078 3879 85.
1122 3825 1201 3905 libera
1231 3834 1336 3906 mortem
1358 3855 1393 3906 -θ

147 3959 757 4084 ,
791 3893 1394 4043 Ἣ...

153 4037 205 4098 eet,
223 4037 303 4083 etrum
319 4031 455 4084 metatam
472 4048 501 4083 rn
518 4029 587 4084 Flor.
605 4030 632 4083 D
658 4031 731 4084 PHI.
792 4032 865 4086 Mod.
884 4038 1020 4097 omrttuut,
1038 4030 1107 4084 rrurle
1125 4031 1152 4083 lu
1169 4029 1282 4102 qrudem.

189 4101 213 4168 ᾖ.
231 4105 273 4154 ³8.
308 4100 398 4152 munic
412 4101 526 4169 cupierit.
545 4097 617 4152 Olim
630 4099 759 4154 edebatur
827 4104 852 4166 ς.
870 4105 912 4154 tt.
956 4100 1074 4169 alioquin
1099 4117 1155 4153 reu.
1199 4098 1268 4152 Edd.
1294 4098 1394 4170 alioqui

153 4185 263 4221 mamere
281 4169 405 4238 explicuit
421 4185 438 4221 a
457 4167 560 4221 Vindel
578 4167 692 4234 Merula,
710 4167 759 4221 Al·
792 4177 883 4223 contru
900 4167 1003 4222 codices
1021 4175 1125 4222 nostrus
1160 4166 1248 4221 uidem
1262 4183 1360 4222 omnes.

155 4235 317 4305 do,1unio,
345 4233 440 4290 deinde
457 4235 563 4290 Modim
580 4235 653 4290 dedit
670 4239 759 4290 munia
826 4237 969 4291 ndtnonut‘t.
1010 4235 1123 4290 Praeter
1200 4235 1273 4289 Flor.
1304 4250 1394 4289 omnes

154 4306 287 4374 eepzimu,
307 4303 345 4386 uti
363 4313 404 4358 est
419 4303 637 4386 intruserat
653 4304 758 4359 Freim-
792 4307 913 4386 admouit.
948 4305 1017 4359 ltem
1113 4320 1202 4359 omues
1219 4321 1268 4376 pro
1281 4303 1395 4384 eoquod

154 4373 255 4453 bemim
281 4375 396 4444 demque
421 4375 660 4454 memiaaptevu,
706 4373 759 4428 uod
792 4383 834 4428 eet
853 4376 895 4427 lue
913 4391 977 4446 quos
1070 4380 1101 4426 ut
1126 4375 1151 4427 ci
1175 4389 1256 4444 quau
1281 4373 1395 4442 demque

154 4441 630 4567 aarum
645 4391 759 4567 du
786 4441 1165 4566 uolumen-r
1183 4458 1232 4513 ¹³¹0
1249 4439 1396 4527 ur·

368 4549 375 4580 2
891 4549 898 4580 ἱ
