3276 5282
490 889 538 995 Q.
576 889 806 978 suern
844 851 1000 979 uum

721 1103 770 1157 un
823 1080 827 1086 ’

626 1261 878 1332 GESTIS
997 1333 1002 1340 .

242 1457 856 1602 ALEXANDRI
911 1479 1243 1601 MAGNI

532 1725 660 1784 REGIS
686 1727 971 1785 MACEDONUM

658 1917 801 1985 LIBER
819 1918 862 1986 V.

590 2395 913 2459 massmannum.
983 2356 987 2366 ’

202 2550 246 2619 (1)
264 2547 369 2603 Dareus
391 2546 496 2618 proelio
514 2553 653 2618 superatus
675 2547 747 2618 apud
763 2548 865 2601 Arbela
888 2529 1105 2618 opulentissimi
1125 2546 1201 2617 regni
1223 2545 1373 2616 provincias

131 2627 169 2680 ad
190 2625 329 2679 meridiem
353 2624 416 2679 sitas
443 2623 537 2679 victori
560 2624 702 2695 permittit,
725 2623 834 2695 ipsein
849 2623 970 2678 Mediam
987 2623 1051 2696 fuga
1067 2623 1213 2680 contendit.
1249 2626 1290 2694 (1)
1309 2623 1374 2678 Ale-

130 2703 245 2771 xander,
263 2701 371 2756 Arbelis
389 2699 473 2772 captis
491 2701 638 2773 castrisque
654 2701 748 2768 motis,
765 2717 815 2772 per
832 2699 1068 2772 Mesopotamiam,
1089 2701 1303 2756 fecundissimam
1320 2707 1374 2755 ter·

132 2797 200 2848 ram,
217 2777 398 2851 proficiscitur.
434 2783 475 2846 (11)
493 2778 662 2849 Babylonem
678 2777 835 2850 procedenti
852 2779 979 2832 Mazaeus
997 2786 1026 2831 et
1035 2776 1224 2850 Bagophanes‚
1236 2785 1375 2849 praetores

131 2857 231 2924 Darei,
256 2856 413 2928 semetipsos
431 2865 460 2910 et
482 2856 575 2910 urbem
593 2855 707 2910 dedunt:
731 2855 782 2926 ipsi
799 2853 944 2924 Babylonii
966 2871 1058 2926 regem
1075 2854 1219 2909 intrantem
1235 2853 1376 2923 magnifice

133 2935 277 3006 excipiunt.
314 2937 352 3003 (1.
373 2939 401 3002 d)
419 2933 537 3005 Magnae
555 2931 627 2986 urbis
645 2930 778 2984 mirabilia
795 2930 995 3000 describuntur,
1013 2931 1140 3003 imprimis
1158 2931 1230 2988 horti
1247 2929 1373 3001 pensiles.

203 3015 245 3084 (6)
268 3011 375 3066 Diutius
398 3010 427 3064 in
448 3010 515 3064 arbe
537 3008 673 3062 luxuriosa
695 3025 744 3061 rex
761 3017 953 3074 commoratus,
981 3026 1060 3079 quam
1087 3009 1243 3082 disciplinae
1267 3007 1376 3060 militari

134 3091 306 3158 conduceret,
324 3087 515 3160 supplementis
532 3085 645 3140 militum
662 3093 761 3152 anetus,
778 3083 981 3157 constitutisque
998 3085 1167 3157 praetoribus
1186 3103 1217 3141 ae
1233 3083 1374 3156 magistra-

133 3169 214 3236 tibus,
233 3171 277 3240 (7)
295 3175 382 3222 mstm
399 3165 496 3233 movit,
520 3165 635 3235 dumque
653 3161 680 3216 in
698 3163 847 3234 San-apene
866 3161 998 3231 substitit,
1020 3163 1157 3235 complura
1173 3163 1201 3218 in
1219 3181 1249 3217 re
1266 3159 1375 3216 militari

135 3245 236 3300 utiliter
253 3243 398 3300 constituit
439 3249 481 3310 (8)
503 3241 667 3298 Procedenti
691 3240 789 3295 deinde
810 3241 905 3294 urbem
927 3239 996 3295 Susa
1019 3258 1078 3295 eum
1099 3241 1230 3296 thesauris
1253 3241 1374 3294 maximis

134 3323 271 3391 Abulites,
296 3321 352 3376 eius
369 3319 524 3392 provinciae
541 3319 705 3391 praefectus,
728 3317 847 3374 tradidit.
885 3319 928 3388 (9)
946 3317 979 3372 ln
996 3335 1029 3372 ea
1044 3319 1127 3388 urbe,
1151 3337 1281 3374 novorum
1298 3335 1376 3390 prae-

135 3400 265 3454 fectorum
281 3397 460 3471 potestatibus
479 3396 603 3466 delinitis,
617 3397 700 3451 Darei
717 3405 829 3451 matrem
847 3413 878 3451 ao
895 3395 995 3449 liberos
1013 3394 1130 3468 reliquit,
1140 3414 1241 3451 summa
1257 3394 1377 3450 humani-

134 3484 189 3530 tate
216 3479 342 3530 adsersus
370 3493 415 3530 eas
442 3493 512 3530 usus.
557 3479 616 3547 (10)
639 3473 766 3546 Pasitigri
790 3476 876 3542 (lodie
893 3475 1004 3544 Koron)
1022 3473 1130 3529 flumine
1148 3483 1289 3546 superato,
1317 3491 1376 3529 eram

135 3563 210 3624 parte
229 3552 362 3610 exereitus
379 3552 481 3621 Uinios,
504 3551 644 3624 imperium
670 3553 865 3620 detrectantes,
892 3568 1038 3623 eommque
1055 3553 1220 3622 praelectum
1237 3551 1377 3605 Madstem

135 3629 299 3702 aggreditur,
309 3631 358 3684 sed
375 3631 468 3684 urbem
486 3628 593 3684 illomm
609 3629 707 3684 frustra
725 3637 872 3700 oppugnat,
891 3635 949 3698 (11)
959 3631 1046 3684 donec
1063 3629 1167 3685 oeerlto
1186 3629 1282 3684 itinere
1299 3644 1378 3700 prae·

135 3705 210 3758 missi
228 3725 306 3778 super
323 3706 410 3778 capita
427 3704 543 3760 hostium
560 3705 686 3760 existunt
723 3705 793 3760 Tum
810 3705 953 3777 oppidani,
966 3723 1031 3770 ,aree
1049 3705 1156 3774 inclusi,
1174 3722 1224 3776 per
1241 3703 1377 3777 Sisygam-

137 3781 195 3835 bim
212 3783 319 3836 tandem
336 3792 475 3838 exoratam
492 3785 597 3838 veniam
614 3791 711 3856 petunt
727 3791 756 3837 et
773 3792 979 3855 consequuntur.

206 3863 266 3931 (12)
283 3860 448 3914 Pervenerat
463 3860 619 3915 Alexander
636 3863 672 3915 ad
687 3861 763 3932 pylas
780 3859 902 3915 Persicas
920 3859 975 3914 sive
985 3859 1104 3928 Susidas,
1114 3857 1257 3914 artissimas
1275 3858 1374 3926 fauces,

137 3953 202 4008 qaas
219 3936 416 3992 Ariobarzanes
434 3956 493 3994 orm
510 3938 608 3992 idoneo
626 3937 761 4009 praesidio
779 3939 951 3994 defendebat
983 3937 1098 3992 Temere
1116 3935 1229 4008 ingressi
1245 3935 1374 3992 Macedo-

137 4031 183 4067 nes
200 4031 298 4086 magno
316 4034 375 4070 cum
392 4014 552 4070 detrimento
570 4016 744 4086 repelluntur.
788 4019 847 4087 (13)
864 4015 941 4071 Unus
958 4015 1124 4088 captivorum
1141 4014 1275 4069 silvestres
1294 4013 1374 4068 calles

138 4092 217 4148 docet
234 4111 302 4160 esse,
321 4091 416 4163 quibus
434 4093 463 4146 in
480 4091 619 4158 Persidem
635 4091 769 4164 perveniri
786 4092 880 4164 possit
916 4093 999 4148 Simul
1017 4093 1074 4147 eius
1091 4099 1179 4146 terrae
1197 4089 1262 4144 situs
1280 4109 1311 4146 ae
1328 4108 1375 4146 na-

138 4175 196 4223 tura
212 4169 380 4225 describitur.
415 4173 474 4243 (11)
491 4169 604 4241 Accepit
612 4170 767 4224 Alexander
783 4169 899 4242 pastoris
916 4170 1084 4242 promissum,
1102 4166 1204 4222 itineris
1222 4167 1377 4222 difficultate

138 4245 244 4300 minime
268 4246 425 4315 deterritus,
450 4265 558 4319 remque
585 4265 643 4304 eum
666 4248 778 4302 Cratero
802 4250 948 4319 prudenter
969 4245 1126 4318 composuit.
1161 4247 1221 4312 (15)
1239 4243 1301 4316 lpse
1318 4263 1377 4300 cuna

139 4333 213 4392 parte
236 4322 384 4392 exereitus,
408 4323 484 4380 vietis
507 4323 719 4395 impedimentis,
746 4327 806 4396 (16)
824 4325 851 4379 in
876 4343 1004 4382 summum
1020 4321 1119 4378 montis
1136 4320 1267 4376 verticem
1285 4321 1377 4376 evasit

140 4399 210 4454 Tum
227 4399 398 4456 mrermrenti
407 4402 514 4468 Persae,
524 4401 641 4474 undique
658 4399 814 4472 urgentibus
832 4402 962 4468 hostibus,
979 4401 1085 4457 fortiter
1102 4399 1380 4467 occubuerant‚Ario·

142 4477 268 4531 barsanes
287 4477 384 4548 erupit,
403 4479 451 4531 sed
468 4476 609 4549 Persepoli
627 4477 748 4532 exclusus
766 4480 870 4551 etipse
887 4496 979 4534 caesus
997 4487 1047 4532 est.
1082 4479 1142 4548 (11)
1160 4475 1280 4529 Monitus
1298 4491 1314 4526 a
1331 4472 1380 4527 Ti·

141 4554 241 4624 ridate,
264 4553 402 4627 praefecto
424 4553 514 4625 regiae
536 4553 681 4626 pecuniae,
707 4554 863 4610 Alexander
884 4553 1053 4627 Persepolim
1080 4567 1210 4624 occupare
1235 4548 1380 4604 sestimvit
1445 4619 1451 4639 Ι

1141 4643 1172 4690 11
