3270 5290
245 379 319 480 182
722 405 756 469 0.
793 395 917 458 10111
949 403 1035 455 narr

184 593 242 666 1a
336 589 513 664 Uxiorum
544 588 627 664 dein
659 600 804 689 gentem
836 589 1023 663 subactam
1050 583 1284 660 Susianorum
1310 595 1478 684 satrapae
1496 603 1527 652 1s

232 703 441 776 contribuit:
468 699 662 798 divisisque
689 725 771 774 cum
796 699 1033 774 Parmenione
1059 699 1185 796 copiis,
1211 699 1312 771 illum
1338 721 1478 795 campe·

233 814 299 888 stri
324 813 450 886 itinere
474 811 671 910 procedere
696 812 812 903 iubet;
847 812 925 911 ipse
955 835 1037 883 cum
1063 808 1233 906 expedito
1260 809 1401 907 agmine
1426 808 1478 881 iu·
1537 877 1541 880 .

232 950 318 1026 gum
344 925 520 997 montium
555 924 666 1022 cepit,
702 947 855 1020 quorum
885 931 1097 1020 perpetuum
1125 920 1273 993 dorsum
1297 921 1335 992 in
1361 918 1478 994 Persi·

234 1037 317 1110 dem
344 1033 510 1110 excurrit.
565 1029 674 1106 Omni
686 1035 767 1107 ·hae
793 1033 938 1132 regione
964 1041 1118 1122 vastata,
1144 1032 1251 1105 tertio
1278 1031 1335 1104 die
1362 1029 1476 1104 Persi·
1496 1049 1526 1096 rr

233 1147 332 1236 dem,
373 1147 497 1243 quinto
536 1145 736 1243 angustias,
782 1169 871 1242 quas
910 1143 961 1215 illi
1003 1138 1154 1216 Susidas·
1188 1143 1292 1242 pylas
1329 1141 1477 1232 ‘vocant

232 1260 352 1332 intrat.
405 1255 668 1330 Ariobarzanes
702 1256 768 1329 has
805 1280 886 1328 cum
911 1277 992 1328 xxv
1017 1254 1160 1327 milibus
1185 1251 1348 1352 peditum
1374 1276 1477 1326 occu·

232 1378 384 1470 paverat
409 1391 533 1466 rupes,
568 1367 725 1439 abscisas
761 1376 798 1439 et
823 1366 980 1463 undique
1006 1373 1236 1465 praeruptas,
1263 1365 1301 1436 in
1326 1387 1479 1459 quarum

233 1480 475 1554 cacuminibus
502 1487 606 1551 extra
632 1478 694 1551 teli
718 1479 853 1550 iactum
879 1477 1023 1550 barbari
1048 1475 1204 1566 stabant,
1231 1473 1277 1547 de
1301 1472 1480 1547 industria

234 1592 344 1688 quieti
370 1600 407 1664 et
431 1589 648 1688 paventibus
675 1589 816 1679 similes,
843 1585 958 1660 donee
983 1587 1021 1659 in
1046 1586 1243 1660 artissimas
1269 1586 1391 1659 fauces
1417 1609 1478 1684 pe·

233 1711 393 1775 netraret
425 1725 563 1799 agmen.
618 1697 724 1789 Quod
755 1700 817 1773 ubi
844 1708 1052 1796 contemptu
1084 1697 1139 1770 sui
1164 1721 1314 1796 pergere
1340 1694 1476 1788 vident,
1496 1715 1529 1764 rs

172 1807 180 1824 ⁸
234 1823 312 1885 tum
344 1836 432 1886 vero
465 1811 620 1912 ingentis
652 1809 908 1908 magnitudinis
943 1835 1032 1882 saxa
1066 1833 1131 1906 per
1161 1808 1337 1881 montium
1362 1831 1480 1906 prona

235 1923 442 2014 devolvrmt,
457 1947 549 2021 quae
573 1923 718 1996 incussa
744 1920 885 2020 saepius
913 1920 1178 1993 subiacentibus
1205 1920 1316 2018 petris
1342 1918 1479 1991 maiore

235 2036 272 2107 vi
298 2033 513 2125 incidebant,
539 2059 606 2128 nec
632 2034 791 2131 singulos
818 2032 950 2124 modo,
974 2030 1038 2105 sed
1065 2031 1207 2131 agmina
1232 2030 1476 2128 proterebant

232 2144 368 2218 Fundis
401 2169 543 2242 quoque
575 2145 716 2218 excussi
747 2144 884 2244 lapides
912 2154 949 2218 et
975 2144 1127 2242 sagittae
1159 2139 1316 2238 undique
1341 2143 1479 2240 ingere·
1497 2160 1530 2210 rs

233 2257 375 2330 bantur.
428 2253 502 2329 Nec
536 2255 573 2327 id
598 2255 835 2328 miserrimum
868 2254 1022 2327 fortibus
1048 2254 1133 2326 viris
1160 2262 1253 2342 erat,
1290 2251 1355 2325 sed
1381 2251 1480 2350 quod

236 2367 339 2439 inulti
375 2365 519 2466 quidem
549 2367 706 2439 ferarum
737 2367 809 2438 ritu
840 2368 942 2440 velut
966 2367 1007 2438 in
1029 2367 1136 2439 fovea
1162 2361 1374 2462 deprehensi
1402 2389 1479 2437 cae·

235 2478 414 2552 derentur.
467 2477 525 2551 Ira
546 2478 659 2576 'igitur
684 2477 721 2548 in
747 2477 883 2550 rabiem
909 2499 1025 2566 versa,
1053 2477 1244 2550 eminentia
1269 2500 1359 2547 saxa
1386 2499 1478 2548 oom-
1496 2491 1531 2542 10

272 2729 337 2801 Csp.
357 2736 403 2797 12,
429 2731 451 2799 ς.
472 2733 512 2783 ld.
553 2728 679 2790 Ueiorum
698 2730 758 2781 dein
771 2747 838 2808 pen·
873 2733 901 2780 et
919 2731 995 2781 Voss.
1015 2734 1038 2781 1.
1075 2727 1216 2797 utsupra
1232 2727 1266 2779 ad
1284 2739 1328 2792 rn,
1348 2731 1390 2780 20.
1427 2725 1479 2780 Ce-

236 2801 297 2871 tera]
332 2801 403 2852 Dein
426 2816 474 2869 pro
500 2797 572 2851 vul.
599 2798 692 2850 deinde
718 2797 778 2850 (ledi
805 2815 839 2850 ex
873 2805 961 2849 terum
983 2807 1007 2848 et
1033 2797 1109 2850 deest
1133 2795 1162 2849 in
1185 2794 1266 2848 Bern.
1290 2796 1317 2848 A
1338 2793 1479 2849 1101.Βο

235 2869 316 2923 Beru.
335 2873 360 2920 A
378 2866 449 2922 Flor.
467 2866 520 2921 AG
549 2865 705 2920 1111111011.
726 2873 756 2932 1,
782 2873 840 2919 turn
872 2864 964 2931 Leid.;
983 2863 1010 2918 in
1027 2864 1099 2918 Flor.
1114 2866 1140 2916 A
1156 2863 1237 2917 etism
1255 2863 1320 2917 ordo
1338 2863 1480 2917 verborum

237 2937 411 2990 Susianorum
429 2947 563 3006 satrapae,
582 2935 652 3005 quod
665 2933 729 2988 olim
744 2933 839 2988 010110-
874 2942 993 2988 mutatur
1010 2933 1064 2988 sic:
1087 2934 1206 2986 abscisas
1224 2950 1303 3002 rupes
1320 2933 1444 3000 undique.

236 3014 281 3058 tur
306 3004 417 3072 restim,
443 3004 464 3058 si
491 3004 595 3058 codices
621 3003 767 3075 sequendos
790 3003 841 3057 tibi
909 3007 933 3069 §-
954 3009 994 3056 18.
1030 3005 1136 3056 incussa
1154 3033 1188 3042 —
1207 3001 1365 3068 incidebant]
1401 2999 1479 3054 Meu-

235 3083 326 3145 putes,
355 3091 434 3144 quam
458 3074 529 3144 quod
552 3071 643 3125 Iunius
660 3071 759 3142 primus
778 3070 840 3126 scri-
876 3073 938 3126 dose
960 3071 1041 3124 Bern.
1068 3071 1094 3124 A
1119 3069 1194 3122 Leid.
1212 3069 1288 3123 Voss.
1309 3077 1319 3120 1
1348 3071 1478 3136 incussae,

235 3142 327 3213 psitet
342 3142 501 3197 recentiores
515 3139 682 3194 retinuerunt
696 3143 839 3209 satrapiae.
874 3140 938 3193 item
962 3141 1085 3193 mendose
1109 3155 1198 3192 omnes
1224 3137 1307 3192 nostri
1326 3153 1386 3190 cum
1403 3135 1478 3192 Leid.

270 3214 294 3278 ς.
314 3217 354 3262 11.
391 3211 505 3263 Susidas
517 3210 610 3279 pylas]
639 3208 840 3276 Diodor.xvr1,
874 3209 983 3262 Vossl
1013 3208 1180 3274 incedebant,
1205 3205 1269 3259 Flor
1285 3205 1333 3259 EF
1351 3205 1418 3258 adeo
1437 3207 1479 3258 in-

236 3283 270 3332 68
288 3275 451 3332 Σουσιιίὸας
468 3283 584 3348 πέτρας,
615 3275 840 3340 Arrian.111,18
875 3277 1161 3346 1111111011,1000110
1178 3290 1259 3327 unum
1277 3275 1380 3328 Vosat
1400 3290 1480 3344 quem

236 3342 325 3400 adias
344 3342 483 3417 Περσίδας
501 3352 587 3397 voest.
605 3343 722 3398 Possunt
740 3343 841 3398 Graece
875 3345 936 3398 silet
953 3344 1035 3398 Snak.
1053 3361 1157 3397 servare
1181 3343 1251 3413 quod
1269 3359 1361 3396 rerum
1378 3352 1421 3396 est
1437 3345 1480 3395 in·

236 3413 317 3465 etism
350 3409 485 3468 Σουσίδες
518 3427 581 3465 esse.
625 3413 741 3479 Earum,
774 3429 842 3483 quse
875 3415 1002 3466 ridebant.
1047 3413 1122 3466 Hace
1144 3420 1186 3466 est
1211 3410 1281 3464 enim
1304 3411 1387 3465 llsdr.
1410 3409 1480 3464 Iunii

235 3481 315 3535 hodie
332 3479 426 3533 Kotuli
444 3480 537 3534 Socrib
554 3488 695 3548 vocantur,
714 3481 793 3534 situm
811 3499 841 3534 sc
874 3481 1033 3536 emendatio.

236 3557 359 3602 naturam
377 3548 480 3618 Anglus
503 3567 557 3602 non
583 3548 704 3602 indoctus
728 3548 841 3602 Kinneir
910 3553 932 3618 ξ.
959 3557 999 3602 19.
1043 3551 1158 3620 undique
1192 3549 1389 3620 inperabantur]
1434 3545 1481 3602 Sic

235 3617 264 3670 in
282 3616 456 3688 explicatione
475 3617 583 3670 chartae
606 3633 656 3686 geo
689 3614 798 3687 sphirae
815 3635 839 3670 a.
873 3616 958 3670 nostri
986 3617 1061 3671 codd.
1084 3635 1174 3674 ornnes
1198 3629 1226 3670 et
1252 3616 1326 3670 leid.
1351 3617 1426 3670 Voss.
1456 3623 1480 3669 1.

238 3691 303 3740 1813
323 3685 410 3739 editae
448 3693 504 3741 .⁷8
523 3685 562 3738 its
579 3685 663 3740 deseri
683 3686 718 3752 11,
742 3685 839 3740 utsii·
874 3685 962 3755 Vulgo
980 3688 1062 3754 inqer.
1079 3683 1201 3756 undique.
1230 3685 1314 3739 Paulo
1332 3693 1394 3755 post
1410 3687 1482 3754 quod

238 3753 301 3824 quid
325 3755 359 3806 ad
382 3703 585 3824 explicationem
602 3753 686 3808 nostri
704 3753 838 3825 scriptoris
872 3753 987 3808 iteratur
1003 3743 1031 3807 in
1049 3755 1182 3809 codicibus
1200 3761 1228 3808 et
1246 3753 1343 3808 nostris
1356 3752 1479 3822 etSnsk.

237 3823 382 3888 conferat,·
396 3831 560 3894 quapropter
584 3823 645 3876 ride
663 3840 730 3894 quae
748 3840 838 3877 exeer·
874 3821 995 3903 optimis:
1013 3827 1061 3878 sed
1077 3827 1147 3892 quod
1164 3824 1242 3877 inulti
1259 3825 1336 3891 quod,
1355 3821 1480 3875 mendose

236 3889 336 3960 palmus
354 3909 400 3945 nos
418 3891 445 3944 in
461 3891 839 3962 commentationeadcompa-
874 3907 930 3945 erne
948 3891 1037 3958 dubio,
1055 3892 1188 3958 sequium
1206 3898 1337 3944 monstrat
1354 3891 1479 3944 emenda·

236 3957 366 4012 rationem
383 3960 509 4031 antiquae
527 3969 555 4014 et
572 3959 714 4013 hodiernae
727 3977 839 4031 geogra-
874 3968 918 4013 tae
936 3959 1063 4027 lectionis,
1082 3977 1150 4032 quae
1168 3968 1209 4013 est
1226 3959 1254 4012 in
1271 3958 1344 4012 Flor.
1363 3957 1480 4012 DEFGI

235 4027 315 4148 pelrise
338 4027 504 4098 pertinente,
548 4045 597 4082 uac
622 4028 722 4082 inserts
747 4028 840 4082 estin
874 4030 952 4082 inulti
978 4029 1088 4098 quidem.
1129 4029 1230 4081 Eadem
1264 4026 1291 4080 in
1319 4027 1479 4081 editionibus

275 4095 390 4149 1110111111
407 4095 450 4150 fdr
467 4097 510 4150 die
555 4105 631 4162 unst,
650 4097 840 4150 Wissenschslt
874 4097 990 4168 antiquis
1017 4105 1058 4150 est
1075 4097 1195 4150 Merulae
1217 4104 1245 4150 et
1267 4095 1331 4149 Aldi
1354 4104 1382 4149 et
1398 4094 1478 4164 Iunii,

236 4165 291 4217 und
314 4163 472 4218 Geschichte
498 4166 544 4219 des
574 4165 686 4236 Kriegs,
714 4165 775 4220 Vol.
798 4181 839 4234 1v,
874 4165 1072 4220 doneclllodius
1082 4164 1322 4235 imperitarerbum
1339 4163 1479 4235 expunxit.

236 4231 300 4286 fase.
318 4240 335 4286 4
353 4232 442 4286 Berol.
463 4237 538 4288 1825.
873 4235 944 4288 Nam
961 4251 993 4289 eo
1011 4233 1085 4305 quasi
1102 4242 1227 4288 accentus
1245 4232 1353 4303 quidam
1371 4231 1479 4285 additur

271 4301 391 4354 abscisas
408 4310 433 4353 et
450 4305 564 4382 undique
577 4304 750 4374 promptas]
782 4302 840 4356 Nc·
874 4303 1009 4375 mentique
1026 4319 1058 4356 es
1075 4319 1117 4355 res
1135 4301 1260 4372 affigitur.
1296 4301 1341 4355 Sie
1360 4315 1425 4368 vm,
1443 4305 1478 4354 14

206 4371 210 4378 ’
237 4367 286 4422 stn'
304 4370 381 4422 codd.
399 4386 490 4423 omncs
509 4378 576 4424 sieut
603 4371 730 4424 edidimus
754 4373 839 4425 01111·-
875 4383 950 4442 quota
971 4389 1041 4441 pars
1063 4371 1238 4424 Macedonum
1266 4371 1391 4424 saeuitiae
1417 4380 1478 4423 tuae

236 4455 292 4504 sas,
311 4445 419 4508 praeter
430 4437 484 4492 GH
502 4439 581 4492 Beru.
591 4439 625 4504 B,
644 4457 754 4510 quorum
771 4457 840 4493 rans
873 4443 1009 4511 superest?
1027 4449 1117 4510 quattu
1136 4441 1237 4510 quidem
1254 4455 1306 4492 non
1323 4439 1478 4493 editissimo

237 4505 380 4560 1101011111
398 4507 502 4560 abunde
519 4516 704 4578 compensatur
717 4507 840 4562 Leidensi
874 4511 1025 4580 sanandae?
