3270 5290
212 334 303 408 clo
680 309 681 312 Ὺ
708 349 742 414 o.
770 345 895 402 curru
919 347 1005 400 auru

227 535 422 614 bernaoula
448 533 648 624 'circu1nire,
679 534 833 626 hortari,
864 558 1011 607 monere
1042 557 1139 606 nunc
1166 531 1342 628 singulos,
1377 554 1479 604 nunc

227 651 427 739 universos,
452 674 527 724 non
552 658 638 721 ante
664 645 817 735 destitit,
844 649 951 741 quam
978 645 1065 718 satis
1092 653 1274 720 constaret
1298 643 1478 740 imperata
1518 669 1520 672 ·

227 761 396 835 facturos.
448 758 549 834 Idem
574 782 681 855 aegre
709 782 731 829 a
755 755 876 829 Dareo
901 757 1124 854 impetravit,
1159 766 1202 829 ut
1227 755 1346 829 cibum
1371 779 1477 853 cape·

226 882 294 963 ret,
321 871 549 967 animumque
575 869 683 942 rebus
709 863 926 942 adverteret.

178 985 227 1056 28
331 981 384 1056 At
408 981 543 1056 Bessus
569 991 607 1054 et
631 977 860 1053 Nabarzanes
888 979 1174 1077 olimagitatum
1201 978 1316 1052 scelus
1343 979 1476 1076 exequi
1494 997 1535 1046 x,

227 1104 411 1183 statuunt,
445 1092 547 1190 regni
578 1091 774 1190 cupiditate
806 1091 965 1164 accensi:
996 1088 1117 1163 Dareo
1153 1100 1273 1163 autem
1304 1089 1476 1165 incolumi

228 1216 349 1281 tantas
376 1229 463 1303 opes
491 1227 636 1302 sperare
661 1229 734 1277 non
760 1212 938 1302 poterant.
980 1200 1120 1300 Quippe
1146 1202 1183 1275 in
1210 1201 1278 1274 illis
1304 1204 1512 1298 gentibusa

228 1341 355 1416 regum
392 1317 524 1390 eximia
559 1315 728 1388 maiestas
769 1323 845 1387 est:
887 1313 935 1386 ed
974 1337 1107 1387 nomen
1146 1337 1287 1410 quoque
1328 1312 1475 1387 barbari

230 1427 468 1518 conveniunt,
494 1436 532 1500 et
556 1426 728 1525 pristinae
755 1427 939 1499 veneratio
964 1427 1130 1499 fortunae
1158 1425 1320 1521 sequitur
1347 1425 1475 1498 adver·

229 1563 316 1612 sam.
369 1536 523 1612 Inflabat
557 1538 684 1636 impios
716 1537 854 1610 animos
885 1538 1001 1636 regio,
1036 1536 1093 1609 cui
1126 1545 1336 1633 praeerant,
1362 1538 1510 1610 armiss

229 1651 386 1747 virisque
419 1660 457 1725 et
488 1650 605 1748 spatio
637 1650 797 1722 locorum
830 1650 918 1720 nulli
954 1673 1077 1722 earum
1111 1648 1271 1746 gentium
1304 1648 1474 1721 secunda.

230 1761 388 1836 Tertiam
413 1773 554 1870 partem
580 1759 689 1832 Asiae
715 1769 830 1832 tenet:
857 1759 1049 1832 multitudo
1076 1759 1254 1831 iuniorum
1281 1761 1473 1851 exercituS,

230 1899 319 1972 quos
347 1870 698 1962 andserat'Dareus,
733 1870 921 1967 aequabat.
975 1868 1100 1966 ltaque
1126 1895 1200 1944 non
1225 1869 1326 1941 illurn
1351 1871 1511 1962 modo,4
1606 1965 1607 1976 ἵ

229 1987 294 2060 sed
320 1987 430 2060 etiam
454 1983 704 2058 Alexandrum
731 1984 959 2080 spernebant,
980 1979 1065 2054 inde
1089 1981 1184 2054 vires
1210 1980 1348 2077 imperii
1374 2007 1475 2079 repe·

229 2098 344 2187 tituri,
377 2098 408 2170 si
432 2096 535 2192 'regis
569 2094 676 2192 potiri
708 2094 925 2192 contigisset.
993 2090 1066 2165 Diu
1098 2092 1263 2164 omnibus
1297 2091 1511 2188 cogitabas
1606 2117 1607 2130 .

227 2207 364 2304 placuit
389 2232 456 2304 per
480 2205 610 2278 milites
636 2203 856 2294 Bactrianos,
877 2203 924 2276 ad
950 2227 1056 2277 omne
1082 2203 1293 2300 obsequium
1319 2199 1476 2274 destina·

228 2329 303 2408 tos,
337 2341 461 2414 regern
495 2314 812 2414 comprehendere,
844 2315 1007 2412 mittique
1039 2314 1204 2386 nuntium
1237 2311 1285 2385 ad
1316 2312 1475 2386 Alexan·

228 2426 346 2518 drum,
373 2427 434 2523 qui
459 2426 649 2515 indicaret,
675 2427 799 2498 vivum
827 2425 1003 2498 asservari
1030 2447 1128 2514 eum,
1161 2425 1192 2498 si
1199 2480 1208 2514 ,
1243 2422 1281 2496 id
1308 2422 1405 2521 quod
1431 2425 1510 2496 ti·o
1606 2453 1607 2462 ¹

229 2537 392 2628 mebant,
419 2535 660 2635 proditionem
686 2546 898 2634 aspernatus
926 2547 1030 2624 esset,
1057 2527 1208 2608 occisuri
1233 2533 1408 2626 Dareum,
1436 2545 1476 2608 et

229 2645 362 2720 Bactra
388 2673 470 2719 cum
496 2671 642 2720 suarum
668 2647 829 2744 gentium
854 2671 963 2718 manu
989 2645 1144 2744 petituri.
1198 2643 1366 2720 Ceterum
1393 2667 1509 2744 pro-r

230 2759 348 2856 palam
377 2757 630 2857 comprehendi
655 2755 796 2830 Dareus
822 2781 895 2829 non
921 2767 1080 2855 poterat,
1113 2769 1169 2832 tot
1195 2757 1385 2830 Persaram
1410 2759 1475 2830 mi·

230 2870 323 2944 libus
349 2871 475 2942 laturis
489 2895 594 2968 opem
620 2872 711 2968 regi:
740 2866 959 2943 Graecorum
985 2893 1125 2965 quoque
1151 2868 1241 2942 fides
1267 2869 1474 2942 timebatur.

229 2979 356 3081 Itaque
397 2979 494 3078 quod
528 2981 566 3053 vi
601 3008 673 3055 non
711 2989 897 3079 poterant,
936 2977 1062 3053 fraude
1101 2981 1241 3078 assequi
1274 2990 1509 3078 temptant:s

229 3093 487 3194 poenitentiam
523 3092 732 3167 secessionis
760 3090 926 3163 simulare
953 3089 1203 3181 decreverant,
1237 3103 1274 3164 et
1301 3115 1476 3165 excusare

230 3202 329 3300 apud
366 3205 489 3300 regem
527 3202 852 3276 consternationem
890 3227 1001 3274 suam.
1068 3200 1215 3276 Interim
1248 3197 1308 3298 qui
1342 3200 1508 3276 Persase

264 3429 287 3495 §-
307 3434 348 3479 17.
383 3428 549 3495 animamque
574 3429 651 3480 rebus
678 3428 831 3494 adverteret]
867 3435 909 3480 est
934 3430 1057 3498 reqioais.
1102 3428 1134 3480 In
1165 3445 1197 3482 eo
1223 3427 1292 3482 enirn
1317 3445 1360 3482 res
1389 3427 1475 3482 omnis

229 3494 356 3562 Codices,
375 3502 406 3547 ut
423 3493 542 3561 videtur,
565 3513 655 3549 omnes
673 3495 719 3564 (de
737 3495 832 3548 nostris
866 3498 1021 3550 vertebatur
1038 3505 1069 3550 ut
1086 3495 1156 3566 regis
1173 3507 1202 3550 et
1223 3514 1319 3567 eorpus
1336 3506 1365 3550 et
1381 3513 1475 3566 perso-

228 3563 458 3617 etSnak.certum
474 3567 526 3631 est)
538 3581 593 3684 bpro
611 3566 686 3617 rebar
705 3562 832 3616 exhibent
866 3583 927 3617 nam
945 3565 994 3618 sibi
1013 3565 1184 3633 subiicerent,
1210 3565 1345 3635 regionem
1362 3563 1474 3618 milites-

226 3634 308 3701 reyis,
327 3641 407 3702 atque
424 3632 491 3685 adeo
507 3649 536 3684 re
553 3651 584 3686 us
603 3649 655 3686 non
672 3641 715 3685 est
732 3632 781 3684 nisi
798 3649 831 3684 ex
868 3649 920 3703 que
937 3651 971 3688 ex
989 3651 1020 3686 ea
1037 3634 1199 3704 conscriptos
1217 3633 1280 3687 satis
1297 3634 1325 3686 in
1337 3641 1475 3704 potestate

227 3699 376 3758 coniectura
393 3699 472 3768 Iunii,
509 3700 608 3754 uamvis
626 3701 732 3755 Medius
750 3701 831 3754 stulte
865 3701 1009 3768 habebant,
1028 3713 1059 3756 ut
1076 3703 1133 3784 ipse
1147 3702 1246 3756 indicat
1260 3712 1360 3756 auctor.
1378 3701 1475 3772 Neque

226 3767 343 3891 glorians
369 3768 396 3822 in
424 3719 545 3822 omnibus
572 3769 644 3824 libris
670 3787 727 3823 esse
752 3770 831 3824 dicat.
866 3770 1006 3850 quicquam
1024 3771 1125 3826 facibus
1144 3787 1176 3824 ea
1193 3771 1361 3825 correctione.
1390 3769 1472 3822 Geni-

249 3838 358 3890 edeam
374 3855 422 3890 nos
440 3839 595 3892 emendandi
605 3838 734 3892 rationem
747 3839 832 3892 multo
866 3847 951 3891 tivum
982 3855 1072 3892 casnm
1100 3839 1208 3894 Curtius
1237 3838 1306 3892 solet
1339 3838 1473 3909 aplicare

226 3905 362 3960 meliorem
379 3915 504 3975 putamus
521 3925 600 3979 quarn
608 3907 732 3961 Pulmerii
746 3907 833 3961 aMo-
862 3909 984 3978 potiendi
1000 3911 1094 3975 verbo,
1122 3909 1171 3961 nisi
1194 3909 1265 3978 quod
1283 3925 1335 3961 uno
1353 3857 1412 3962 ideo
1429 3921 1472 3976 11,

227 3973 272 4028 dio
289 3975 428 4045 probatum
445 3983 476 4028 ut
497 3978 607 4030 verbum
624 3980 768 4030 adverteret
786 3975 832 4028 eii·
867 3983 901 4030 34
919 3979 1014 4046 oppido
1027 3980 1112 4047 potiri
1131 3975 1202 4031 dicit.

227 4042 320 4098 cietur.
355 4043 447 4097 Habet
470 4044 539 4097 enim
557 4043 660 4098 ridiculi
676 4045 776 4115 aliquid
794 4043 830 4098 ci·
900 4049 922 4114 ξ.
933 4052 957 4098 8.
977 4050 1046 4116 quod
1062 4051 1089 4098 ci
1105 4065 1156 4099 noa
1170 4046 1305 4116 poterunt]
1326 4044 1371 4098 Sic
1380 4044 1472 4110 codd.;

226 4112 289 4164 bum
312 4119 340 4164 et
363 4111 465 4182 regium
497 4112 612 4166 animum
639 4112 675 4166 sic
699 4113 830 4182 copulare.
866 4114 939 4180 editi,
958 4116 1038 4168 etiam
1055 4115 1129 4168 Mod.
1146 4117 1217 4184 quod
1232 4123 1421 4183 conpererant
1438 4115 1472 4166 ci.

227 4179 270 4234 cf.
290 4179 376 4233 Tacit.
393 4183 464 4234 Ann.
485 4195 558 4248 xnr,
585 4189 618 4235 49
646 4182 692 4250 qui
716 4183 832 4234 animum
866 4183 964 4236 Itidem
981 4183 1116 4264 aliquanto
1134 4191 1197 4254 post
1215 4187 1265 4302 pl)
1284 4183 1472 4236 subderemus

226 4250 304 4302 etium
324 4250 462 4302 levissimis
482 4250 584 4318 (rebus)
603 4253 773 4302 adiserrerent.
866 4253 1035 4323 manuscripti
1055 4269 1162 4318 omnes3
1180 4269 1214 4304 vu
1226 4269 1260 4320 go
1279 4253 1339 4304 illoc
1352 4251 1471 4303 subdere.

262 4317 302 4371 Ca
322 4357 327 4369 .
347 4323 395 4384 28,
419 4321 442 4383 ς.
461 4326 485 4370 4.
521 4321 546 4371 si
563 4320 633 4387 repis
647 4320 733 4399 potiri
750 4321 832 4372 couti·
867 4321 921 4374 Sed
938 4322 1018 4375 etiam
1036 4323 1076 4374 rei
1092 4320 1109 4374 i.
1120 4337 1142 4374 e.
1156 4320 1194 4374 rei
1207 4319 1326 4400 publicae
1336 4337 1386 4389 pro
1399 4318 1471 4387 vulg.

224 4335 320 4455 piraeei
361 4385 533 4438 Freinshemii
561 4387 717 4457 Heinsrique
745 4387 831 4442 conic-
866 4409 953 4445 rerum
975 4389 1153 4460 recipiendum
1180 4390 1231 4443 suit
1256 4391 1291 4443 ob
1317 4405 1473 4443 consensum

226 4464 330 4508 cturam
347 4461 452 4509 secutus
469 4454 559 4526 scripsi
574 4457 644 4526 repis
654 4473 743 4527 proco
760 4458 831 4527 quod
866 4461 985 4515 codicum
1002 4457 1147 4512 meliorum.
