3238 5296
256 341 332 414 384
730 362 764 424 o.
789 362 911 414 coarn
936 363 1021 414 son

253 547 455 644 tingentem
485 546 634 620 humum
665 571 730 644 per
761 545 954 621 ludibrium
985 545 1102 643 coepit
1132 545 1282 637 hortari,
1319 555 1368 619 ut·
1385 546 1520 619 vehe-

255 657 410 731 mentius
436 656 474 729 id
501 667 666 757 quateret
691 659 738 732 ad
764 670 911 748 terram,
951 657 1138 754 elicuitque
1168 657 1257 730 iram
1282 655 1517 747 Alexandri,

256 793 363 866 quam
403 769 487 843 olim
523 770 640 844 animo
676 795 803 869 capere
838 795 911 843 non
945 778 1096 868 poterat.
1153 766 1278 866 Itaque
1310 791 1392 858 rex,
1442 767 1520 841 Tu
1542 787 1579 836 aa

254 893 379 971 aanor,
414 881 544 979 inquit,
578 907 644 956 non
671 881 876 957 vannat
907 880 985 955 nce?
1020 872 1105 954 Aa
1120 879 1177 952 nbi
1200 879 1262 954 cni
1284 879 1381 979 dr'qm
1404 880 1519 954 atde-

254 1017 332 1066 ιιιιιι1
357 1017 427 1068 esse
459 991 627 1068 ludibrio?
678 991 757 1084 Ille,
793 1017 859 1065 neo
890 1015 1012 1092 regem
1042 987 1221 1080 ludibrio,·
1241 1015 1307 1064 nec
1339 1015 1378 1064 se
1413 1016 1518 1064 con-

224 1151 226 1156 ,
256 1111 397 1202 temptu
422 1101 570 1202 dignum
596 1128 684 1195 esse,
711 1101 904 1202 respondit.
958 1101 1050 1175 Tum
1067 1100 1266 1176 detractum
1292 1125 1373 1174 eum
1399 1102 1516 1176 lecto
1540 1120 1576 1168 24

255 1238 321 1287 rex
353 1216 565 1315 praecipitat
596 1217 632 1289 in
665 1226 806 1289 terram.
858 1211 907 1287 Et
938 1237 1020 1287 curn
1056 1213 1086 1286 is
1120 1240 1253 1312 pronus
1291 1212 1516 1302 corruisset,

266 1323 420 1417 Videsne,
446 1328 570 1426 inquit,
598 1329 687 1402 ι’ἅειιι
712 1340 741 1400 te
756 1327 889 1430 fecisse,
916 1325 1005 1427 quod
1029 1325 1066 1398 io
1090 1325 1156 1400 olio
1178 1325 1282 1425 paulo
1307 1335 1381 1398 ante
1407 1324 1517 1398 atde-

255 1435 340 1510 bas?
391 1436 440 1510 Et
471 1439 564 1514 tradi
596 1465 639 1514 eo
673 1439 711 1511 in
748 1435 947 1511 custodiam
984 1437 1096 1526 iusso,
1134 1436 1337 1511 convivium
1374 1434 1514 1508 solvit.

255 1544 510 1645 Polyperconti
536 1550 679 1648 quidem
705 1561 842 1648 postea,
868 1549 1043 1646 castigato
1070 1546 1148 1639 diu,
1167 1547 1321 1646 ignovit:
1345 1546 1386 1638 in
1415 1543 1512 1620 Cal-
1524 1565 1573 1612 vr.

253 1658 431 1734 listhenen
448 1662 532 1735 olim
549 1663 792 1736 contumaciae
814 1671 1020 1760 suspectum
1045 1659 1290 1758 pervicacioris
1314 1657 1392 1730 irae
1420 1657 1514 1730 fuit.

256 1765 365 1843 Cuius
392 1772 591 1875 explendae
617 1785 758 1846 matura
784 1773 932 1846 obvenit
958 1770 1106 1846 occasio.

203 1881 247 1954 21
356 1881 436 1956 Mos
463 1897 549 1977 erat,
577 1896 618 1958 ut
643 1884 904 1984 supradictum
922 1893 986 1974 est,
1012 1880 1228 1981 principibus
1244 1876 1514 1972 Macedonum,
1534 1901 1550 1948 a

254 1992 397 2068 adultos
428 1996 559 2071 liberos
593 1997 738 2095 regibus
773 1994 933 2087 tradere,
973 1993 1020 2066 ad
1053 1993 1174 2066 munia
1207 1988 1303 2062 haud
1337 1991 1514 2063 multum

255 2105 444 2180 servilibus
470 2109 672 2181 ministeriis
700 2107 937 2182 abhorrentia.
989 2102 1228 2178 Excubabant
1253 2101 1407 2174 servatis
1439 2123 1550 2174 no-s
1600 2073 1601 2162 l

257 2218 367 2290 ctium
393 2218 530 2294 vicibus
556 2219 710 2317 proximi
735 2220 871 2294 foribus
898 2221 973 2292 eius
999 2215 1108 2307 aedis,
1134 2215 1171 2288 in
1189 2237 1260 2310 qua
1284 2235 1350 2283 rex
1377 2215 1514 2310 acqui-

258 2329 410 2403 escebat.
462 2328 533 2404 Per
558 2329 625 2404 hos
651 2332 794 2429 pellices
820 2329 1139 2404 introducebantur
1163 2317 1231 2398 alio
1250 2321 1360 2415 aditu,
1389 2349 1513 2421 quarn

171 2508 174 2516 .
252 2466 360 2539 quem
394 2442 522 2516 armati
558 2441 780 2516 obsidebant.
838 2439 951 2516 Iidem
990 2449 1155 2536 acceptos
1195 2435 1241 2509 ab
1276 2437 1547 2532 agasonibus⁴

254 2578 381 2650 equos,
414 2577 496 2626 cum
521 2578 588 2626 rex
615 2577 825 2626 ascensurus
852 2563 962 2641 esset,
994 2547 1249 2637 admovebant,
1276 2546 1509 2621 comitaban-

254 2673 384 2762 turque
411 2675 449 2738 et
473 2674 676 2755 venantem,
703 2663 801 2737 etin
827 2663 980 2760 proeliis,
1006 2659 1170 2735 omnibus
1197 2655 1332 2729 artibus
1359 2656 1509 2730 studio·
1600 2655 1601 2732 l

252 2799 334 2847 rum
358 2777 557 2851 liberalium
584 2775 726 2851 exculti.
780 2773 996 2872 Praecipuus
1021 2774 1137 2845 honor
1154 2767 1370 2868 habebatur,
1400 2768 1543 2864 quode

251 2886 382 2960 licebat
407 2887 615 2962 sedentibus
641 2887 738 2960 vesci
764 2911 846 2958 curn
871 2909 965 2983 rege.
1017 2879 1224 2979 Castigandi
1249 2903 1311 2952 eos
1337 2878 1506 2952 verberi·

251 2997 320 3071 bus
360 2999 493 3072 nullius
534 3007 695 3098 potestas
735 3005 878 3095 praeter
917 2995 1033 3094 ipsum
1076 2999 1163 3068 erat.
1221 2985 1322 3063 Haec
1366 2988 1538 3064 cohorsc
1600 3073 1601 3096 ,

270 3247 308 3319 J·
326 3246 369 3292 24.
405 3242 532 3310 coenyato
560 3241 616 3310 diu]
660 3239 725 3320 Non
750 3238 857 3320 videtur
891 3237 936 3320 {lic
952 3237 1020 3292 infra
1037 3255 1059 3292 c.
1073 3245 1116 3307 22,
1136 3247 1166 3294 13
1190 3243 1228 3293 od
1245 3241 1324 3318 sores
1347 3239 1504 3320 aediser'os
1600 3203 1601 3248 }

250 3306 856 3454 berennus}
890 3325 988 3447 nn
1005 3305 1504 3447 annectantur

250 3451 343 3512 postea
360 3459 423 3496 vero
441 3451 543 3512 ignorit
560 3451 643 3513 atque
659 3443 771 3496 miuriae
790 3443 856 3497 obli·
878 3443 945 3497 ·sive
963 3443 1087 3496 conclavi.

250 3519 296 3592 tus
311 3517 360 3562 est.
397 3509 477 3590 Quod
486 3510 619 3564 Acidalins
627 3510 712 3591 voluit
729 3514 855 3581 costiqcto
924 3518 980 3592 §.t
1015 3514 1142 3590 acceptos]
1178 3521 1248 3592 actos
1267 3510 1338 3565 Flor.
1357 3509 1455 3566 DFGI
1473 3520 1501 3566 et

246 3579 442 3716 133,Ἕέἕὲιέ
454 3578 702 3717 ..ttsstlttr
717 3578 855 3728 {didit
889 3579 1117 3700 idltllf'il'ffl’
1143 3585 1269 3634 mmm
1292 3579 1408 3632 ”mm
1426 3580 1499 3634 Μ’

250 3722 401 3793 portavere
414 3714 529 3769 lectione
541 3725 649 3785 postero
667 3726 794 3784 consputo
812 3718 855 3770 dic
923 3723 944 3784 5.
959 3722 982 3768 5.
1017 3717 1169 3785 occupandi
1186 3733 1228 3769 eor
1245 3715 1410 3786 verberibus]
1439 3715 1499 3770 Hoc

250 3798 347 3902 9111Ἱἒιίῖ
369 3783 442 3904 ³¹¹⁸?
459 3783 517 3837 ³¹³⁰
534 3782 855 3906 tp‘tlttlttttl:
887 3782 1498 3906 'llb‘lllllfflllllllu'llsmblbm

250 3849 618 3973 ffiippupozppimdaavsgpst
631 3930 673 3973 sot
691 3937 783 3974 vocem
800 3937 854 3974 non
887 3869 1000 3974 dmum.
1027 3869 1106 3985 (guod
1123 3891 1242 3990 sequitur
1258 3921 1361 3973 nulllus
1376 3871 1498 3988 poteevtedl
1600 3917 1601 3960 l

252 4001 309 4039 esse
337 3984 528 4066 historicorum.
572 3988 673 4042 Verum
703 4006 757 4042 non
787 4006 853 4060 opus
887 3998 944 4041 erat
970 3987 1105 4068 Scheffero
1133 3987 1273 4042 videbatur
1299 3989 1498 4070 emendandum
1600 4051 1601 4054 Ἴ

252 4054 607 4193 ωἱὲῑὲθέξαὲῗθιίονίὸω
616 4123 765 4194 eiusoedr‘s]
788 4123 852 4178 Pot-
886 4055 1497 4194 dissecr'dldllleldtboeddlsieg'inlledpllrsdl'adld‘dld
1600 4171 1601 4184 .

251 4198 310 4243 erat
327 4191 417 4242 abesae
434 4194 497 4255 aas,
519 4190 565 4242 sed
582 4197 693 4260 propter
709 4191 852 4271 auctorita·
886 4199 950 4245 nuto
980 4191 1106 4246 vocabulo
1128 4201 1256 4271 potestus.
1291 4191 1402 4246 Neutro
1429 4211 1494 4264 opus

251 4257 473 4380 natust.
489 4257 851 4395 ermensul:
885 4260 1495 4400 varannae
1600 4329 1601 4348 ι

249 4394 306 4446 fuit
342 4393 432 4446 Etiam
449 4391 583 4446 Snnlrenb.
604 4391 632 4444 in
648 4390 723 4446 Laid
742 4397 848 4449 Vosal
886 4394 1494 4465 Ciceronemepist.adAttlib.1v,2adlinem,

251 4461 359 4515 videtur
375 4460 515 4530 invenisse,
533 4461 580 4514 red
596 4459 705 4531 insuper
721 4461 850 4517 habuisse.
885 4460 975 4517 licebit
993 4461 1073 4518 etiam
1087 4463 1172 4518 dicere
1185 4465 1298 4518 alnotus
1311 4475 1495 4535 potestantem.
