3254 5286
551 286 602 337 nn
629 285 757 340 arsrrs
782 285 893 339 Anna
919 287 970 338 w.
997 283 1040 336 a.
1337 267 1409 338 151

112 487 143 536 11
162 478 348 568 poterant.
408 467 551 544 Paucae
593 481 714 544 tamen
755 495 904 546 evasere
947 467 1140 568 quadrigae
1180 469 1218 544 in
1252 471 1416 544 ultimam

162 583 292 672 aciem,
318 581 372 672 iis,
399 579 527 679 quibus
553 581 774 673 incidemmt,
812 581 1005 656 miserabili
1031 593 1148 656 morte
1174 585 1412 681 consumptis:

162 694 302 792 quippe
333 701 520 791 amputata
550 693 711 766 virorum
742 693 904 768 membra
934 693 1035 768 humi
1059 694 1239 786 iacebant,
1267 703 1305 766 ct
1331 695 1415 790 quia

163 803 293 879 calidis
319 803 438 878 adhuc
463 805 673 878 cuneatus
699 808 826 882 aberat
851 803 964 896 dolor,
977 805 1096 878 trunci
1122 829 1263 902 quoque
1290 814 1328 879 et
1353 804 1413 878 de·

162 917 258 990 biles
292 941 394 990 arma
430 941 505 989 non
537 914 768 1007 omittebant,
801 915 916 992 donec
946 916 1061 990 multo
1087 917 1261 1014 sanguine
1287 916 1412 1007 effirso,

163 1027 367 1102 exanimati
392 1027 680 1125 procumberent.

116 1155 147 1205 ra
270 1135 421 1212 Interim
446 1137 594 1231 Aretes,
626 1135 859 1238 Scytharum,
892 1139 953 1237 qui
987 1135 1242 1236 impedimenta
1274 1138 1414 1237 diripie-

162 1249 272 1342 bant,
308 1249 400 1322 ducc
432 1251 565 1342 occiso,
595 1251 742 1348 gravius
777 1250 910 1324 territis
941 1249 1110 1324 instabat.
1164 1246 1413 1349 Supervenere

165 1359 303 1435 deinde
337 1387 360 1434 a
396 1359 516 1435 Dareo
555 1360 750 1452 Bactriani,
787 1386 1001 1461 pugnaeque
1040 1371 1183 1436 vertere
1219 1362 1412 1436 fortunam.

164 1471 274 1546 Multi
307 1497 393 1571 ergo
427 1471 667 1548 Macedonum
691 1474 807 1573 primo
834 1473 971 1572 impetu
1002 1473 1126 1547 obtriti
1153 1483 1253 1565 sunt,
1293 1475 1414 1571 plures

118 1603 147 1652 19
165 1584 213 1658 ad
238 1583 495 1658 Alexandrum
519 1586 738 1682 refugerunt
791 1584 883 1676 Tum
908 1581 1051 1675 Persae,
1078 1585 1235 1658 clamore
1260 1586 1416 1674 sublat0,

167 1697 314 1792 qualern
345 1681 501 1770 ¹victores
534 1696 652 1770 solent
689 1695 811 1787 edere,
849 1696 1017 1770 ferociter
1047 1695 1084 1768 in
1116 1695 1275 1785 hostem,
1313 1695 1415 1792 quasi

165 1807 302 1905 ubique
333 1806 577 1904 profligatum,
610 1809 845 1882 incurrerunt
897 1804 1106 1879 Alexander
1139 1806 1284 1880 territos
1311 1797 1414 1879 casti·

166 1944 276 2016 gare,
302 1917 505 2009 adhortari,
532 1919 723 2016 proelium,
751 1916 849 2015 quod
868 1917 946 1990 iam
972 1917 1199 2015 elanguerat,
1234 1917 1331 1990 solus
1358 1942 1415 1989 ac·

168 2027 334 2119 candere,
356 2029 645 2126 confirmatisque
671 2029 818 2102 tandem
843 2028 980 2120 animis,
993 2029 1045 2100 ire
1070 2027 1108 2098 in
1133 2026 1278 2101 hostem
1305 2027 1414 2102 iubet.

118 2155 150 2205 ²0
274 2138 402 2216 Rarior
427 2142 521 2214 acies
547 2149 626 2214 erat
659 2141 696 2213 in
723 2139 853 2212 dextro
880 2164 993 2212 cornu
1018 2139 1226 2230 Persarum,
1259 2140 1465 2236 namque58

166 2247 251 2323 inde
293 2249 474 2325 Bactriani
513 2250 752 2325 discesserant
792 2249 840 2324 ad
877 2249 1113 2350 opprimenda
1149 2250 1414 2348 impedimenta

166 2359 296 2459 Itaque
312 2347 530 2436 'Alexander
564 2363 706 2436 laxatos
741 2361 885 2436 ordines
911 2361 1065 2454 invadit,
1101 2373 1139 2435 et
1163 2364 1279 2435 multa
1304 2360 1414 2434 caede

119 2487 148 2534 11
165 2471 327 2546 hostium
358 2474 548 2547 invehitur.
606 2473 658 2547 At
690 2475 750 2572 qui
785 2475 822 2547 in
855 2474 959 2548 laevo
992 2499 1103 2548 cornu
1137 2484 1239 2548 erant
1271 2467 1414 2561 Persae,

169 2607 231 2681 spe
266 2609 375 2683 posse
409 2610 493 2658 eum
525 2584 675 2677 includi,
716 2611 845 2683 agmen
879 2611 985 2659 suum
1018 2611 1041 2658 a
1074 2595 1178 2682 tergo
1213 2583 1414 2657 dimicantis

170 2705 374 2794 opponunt:
407 2697 604 2795 ingensque
643 2695 840 2796 periculum
874 2695 910 2770 in
945 2695 1064 2768 medio
1090 2697 1242 2771 haerens
1269 2694 1413 2786 adisset,

167 2807 204 2878 ni
229 2807 369 2905 equites
395 2807 544 2906 Agriani
570 2805 951 2880 calcaribus⁸subditis
977 2807 1208 2879 circumfusos
1234 2807 1310 2902 regi
1335 2803 1415 2876 bar·

171 2916 277 2994 barca
313 2917 430 2992 adorti
472 2929 607 3010 essent,
651 2943 869 3014 aversosque
910 2915 1093 2990 caedendo
1132 2917 1170 2988 in
1201 2941 1240 2990 se
1272 2915 1415 2987 obverti

203 3163 227 3228 ξ.
246 3169 288 3215 17.
324 3163 359 3216 iis
381 3164 488 3232 quibua]
522 3164 640 3216 Annoto
658 3161 684 3214 b.
702 3160 720 3213 l.
738 3162 773 3214 iis
809 3159 867 3214 loco
893 3177 972 3230 quam
994 3177 1047 3231 quo
1069 3159 1150 3239 vulgo
1176 3157 1260 3239 edunt
1285 3176 1302 3213 o
1325 3160 1414 3213 Dario

171 3225 221 3298 legi
239 3230 267 3284 in
283 3229 365 3284 Bern.
383 3235 409 3284 A
425 3231 498 3286 Flor.
516 3233 554 3297 A,
578 3232 630 3284 liis
653 3229 680 3283 in
701 3229 773 3282 Flor.
808 3229 891 3282 missi.
926 3227 1017 3282 Etiam
1034 3228 1140 3282 Modms
1157 3235 1253 3282 omisit.

172 3294 205 3361 B,
222 3301 263 3352 bis
281 3298 309 3352 in
327 3298 441 3370 reliquis.
887 3337 918 3385 19
969 3333 976 3364 ·,
1265 3329 1324 3384 lib·
1383 3329 1403 3384 t·

205 3368 301 3420 debiles
324 3386 399 3422 arma
421 3387 474 3421 aon
497 3368 657 3438 omittebant]
692 3367 773 3421 Bern.
828 3334 866 3412 -i'
922 3371 928 3384 '
964 3341 1136 3412 mmmmm·
1157 3345 1247 3384 mnes
1302 3349 1325 3383 n
1342 3348 1381 3384 ms
1395 3349 1414 3441 ’γ’
1556 3407 1559 3414 ι

173 3432 221 3485 ΑΒ
244 3435 308 3489 mor
334 3437 386 3490 CH
411 3437 517 3490 vom
547 3437 643 3490 debiles
670 3438 774 3504 quidem
808 3419 858 3454 nrsr
875 3399 946 3471 quod
963 3399 1034 3453 Flor.
1052 3399 1102 3453 AB
1125 3409 1289 3452 cucurrerant
1306 3399 1415 3452 habent.
1482 3434 1487 3442 ι

174 3512 331 3570 macab,
349 3521 398 3559 nco
414 3506 448 3558 ab
466 3521 498 3558 aa
520 3503 652 3626 scr-igtura
669 3503 775 3557 differre
808 3469 933 3522 mim
951 3468 1045 3536 (alam
1061 3467 1179 3534 M⁰dil¹⁸l
1198 3469 1337 3522 incurrunt
1355 3485 1414 3520 0³1¹!

664 3571 670 3584 ·
740 3573 745 3585 .
809 3539 842 3590 ob
873 3555 978 3591 causam
1008 3536 1133 3590 videntur
1162 3535 1309 3606 scripsisse,
1342 3537 1414 3606 quod

204 3576 245 3690 0¹82
257 3573 562 3696 ‘lffiifflitfftgrbifud
594 3573 774 3695 ”ak'mlffd'
808 3605 981 3678 praeteritum
998 3623 1051 3658 non
1069 3603 1209 3658 convenire
1222 3621 1414 3674 cumpraesen-

247 3678 252 3690 .
400 3661 427 3712 gr
468 3659 773 3710 ermamaqurem.

176 3701 246 3758 Flor.
265 3707 300 3761 CI
317 3713 412 3764 debiles
429 3720 516 3763 tamen
533 3727 618 3776 anna,
637 3708 664 3763 G
677 3712 774 3763 debiles
807 3673 1289 3795 fflffifflgsssffifflfflffiffiq
1304 3674 1351 3726 sed
1363 3673 1415 3726 ¹¹⁰⁰

175 3789 250 3828 uma
268 3787 351 3831 tamen
368 3797 427 3832 cum
445 3778 508 3832 edit.
525 3777 659 3832 Modiana.
676 3777 774 3832 Nescio
1290 3781 1297 3794 ·

173 3857 207 3892 au
221 3843 281 3898 olim
297 3847 377 3900 luerit
394 3851 511 3916 quidum,
522 3847 594 3918 quod
611 3865 671 3900 cum
687 3856 775 3900 trans·
844 3844 910 3915 Cap.
920 3850 962 3911 58,
981 3847 1004 3911 ς.
1014 3850 1055 3897 20.
1079 3844 1220 3896 Bactriani
1237 3844 1414 3896 discesserant

175 3907 236 3964 isset
256 3913 283 3967 in
310 3919 412 3985 quidem
435 3915 522 3970 locum
544 3915 600 3968 aliis
618 3915 775 3968 coniecturis
808 3923 880 3967 recte
898 3929 988 3966 omnes
1005 3910 1066 3964 libri
1083 3909 1229 3977 msti,editi
1239 3914 1413 3965 decesserunt.

176 3977 254 4034 dedit.
288 3983 342 4036 Sed
360 3983 424 4038 mibi
440 3983 615 4054 antiquissimi
633 3983 685 4036 duo
702 3983 775 4038 Flor.
808 3985 847 4035 At
865 3999 886 4036 c.
905 3988 953 4044 45,
978 3979 1159 4034 ossractriani
1181 3979 1209 4032 in
1226 3979 1301 4032 laevo
1319 3979 1414 4032 Persa-

174 4047 236 4102 satis
252 4054 409 4120 probantur.
807 4069 867 4106 rum
884 4067 966 4104 cornu
984 4051 1106 4114 fuerunt,
1132 4047 1243 4118 ipseque
1261 4048 1414 4102 Alexander

208 4119 231 4184 §-
250 4126 290 4190 18.
308 4139 326 4174 a
336 4123 425 4175 Dareo
439 4121 689 4191 subintelligendum
698 4122 775 4174 missi
807 4119 836 4174 in
853 4121 949 4173 dextro
966 4135 1014 4172 suo
1031 4125 1156 4171 aratrum
1165 4117 1414 4196 agemateequitum

175 4191 511 4257 mnemonidarum,
538 4199 570 4242 ut
587 4189 667 4258 vulgo
684 4189 728 4255 fit,
750 4188 772 4242 si
808 4206 865 4259 cap.
884 4195 917 4242 50
935 4195 964 4240 et
982 4192 1023 4252 51,
1043 4193 1084 4240 35.
1110 4185 1207 4255 Itaque
1219 4184 1359 4238 verisimile
1371 4193 1415 4238 ost

177 4253 513 4322 codicibusbdesbabenda‚
549 4276 642 4312 uorum
659 4257 687 4310 in
704 4257 774 4326 opti·
807 4257 835 4310 h.
858 4257 875 4309 l.
902 4259 930 4309 in
954 4259 1025 4307 laeuo
1053 4273 1146 4318 corna,
1173 4261 1202 4306 et
1222 4253 1306 4322 inscq.
1334 4258 1357 4321 ς.
1385 4263 1413 4304 oe

177 4319 223 4372 mis
238 4323 308 4379 Flor.
320 4323 425 4395 quidem
433 4277 551 4380 ABDGl
569 4327 685 4380 BernA
699 4325 773 4378 Laid.
807 4327 899 4394 quiin
917 4327 1007 4378 dextro
1031 4341 1112 4376 cornu
1133 4331 1222 4385 erunt,
1248 4320 1414 4392 transpositis

179 4385 251 4444 Voce.
273 4402 284 4447 1
310 4411 365 4446 non
387 4393 496 4464 legitur,
516 4395 545 4448 in
571 4395 642 4450 Flor.
671 4394 693 4448 G
722 4393 773 4448 alio
806 4393 902 4460 verbis,
922 4391 1088 4470 scribendum
1105 4405 1170 4444 csse.
1204 4463 1207 4468 Ι
