3238 5296
486 363 536 415 ns
563 360 689 415 eesrrs
714 361 824 417 snex.
853 362 929 432 vrrr,
943 359 985 409 51.
1308 336 1381 408 425

149 545 228 620 telis
253 545 410 644 undique
436 546 610 639 obruitur,
638 547 875 644 confossoque
901 573 954 638 ec,
980 547 1018 620 in
1044 544 1246 620 vehiculum
1267 541 1382 616 Porus

98 676 129 723 41
150 658 351 756 imponitur.
406 655 521 748 Quem
546 685 613 732 rex
634 669 674 732 ul
695 657 787 731 vidit
805 659 1020 744 slleyantem
1038 657 1170 748 oculos,
1196 681 1269 728 non
1292 653 1384 746 odic,

149 767 213 842 sed
239 769 465 844 miseratione
492 779 701 859 commotus,
730 765 840 862 Quae,
861 769 1005 862 'molum
1030 768 1159 866 inquit,
1186 766 1330 840 anomia
1356 779 1384 840 te

148 880 262 980 coepit,
295 906 409 955 rerum
433 907 585 956 cuorum
612 881 742 982 coquito
766 884 884 982 fonto,
918 881 991 955 belli
1014 883 1191 984 fortunam
1217 878 1381 976 especiem

149 1017 225 1066 cum
256 991 387 1066 Turdis
413 1006 495 1068 esest
518 995 555 1067 in
580 994 706 1070 deditos
732 991 918 1068 comosus
942 1018 1034 1066 meae
1059 1005 1128 1064 tum
1152 992 1383 1091 propinquum

99 1122 131 1169 ss
151 1103 209 1176 sibi
233 1102 443 1202 sescuplum?
494 1103 546 1177 At
570 1106 638 1196 ille,
664 1101 839 1196 Quoniam,
865 1104 989 1202 inquit,
1012 1102 1226 1202 percontaris,
1251 1126 1384 1200 respon·

150 1215 230 1288 dedo
264 1238 304 1290 eo
339 1214 498 1306 libertae,
539 1243 640 1317 psam
674 1215 906 1316 interropoodo
933 1215 1058 1317 fecisti.
1116 1211 1296 1288 Neminem
1334 1238 1386 1286 me

99 1345 132 1393 ss
140 1326 317 1427 fusorem
343 1349 412 1400 esse
438 1329 615 1402 comesam.
667 1327 767 1402 Metu
798 1328 885 1401 enim
917 1351 1075 1402 noveram
1099 1325 1202 1417 vires,
1237 1324 1386 1398 smmum

63 1429 67 1436 ¹
150 1450 303 1536 seperire
329 1449 423 1511 tuus.-
450 1439 626 1540 fotiorem
652 1462 721 1512 esse
747 1450 789 1530 te,
824 1436 899 1511 belli
921 1437 1032 1513 docuit
1056 1448 1196 1511 evodus.
1250 1431 1321 1512 Sed
1344 1460 1385 1508 ne

152 1549 201 1622 sic
226 1549 359 1648 quidem
382 1574 509 1648 porum
529 1549 620 1651 felis
644 1575 734 1641 sum,
765 1551 930 1625 secundus
955 1549 1021 1624 leli.
1073 1547 1211 1621 Rursus
1237 1548 1385 1621 interro·

152 1670 274 1758 gatus,
312 1661 398 1758 quid
422 1662 498 1760 ipse
523 1661 698 1734 victorem
729 1671 887 1736 statuere
913 1661 1044 1760 debere
1070 1671 1246 1751 censeret,
1289 1656 1387 1743 Quod

151 1771 221 1864 lic,
254 1771 387 1870 inquit,
421 1773 493 1850 dies
518 1773 576 1848 ubi
599 1771 732 1864 oudo,
767 1799 831 1873 quo
861 1786 1014 1872 esposse
1044 1799 1097 1865 es,
1131 1797 1233 1872 quom
1259 1770 1386 1844 eudemo

100 1902 133 1950 ss
141 1882 290 1983 felicles
324 1898 413 1958 esset.
472 1882 560 1958 Plus
593 1883 773 1956 monendo
807 1884 975 1982 profecit,
1016 1909 1123 1983 quem
1156 1883 1185 1956 si
1220 1893 1385 1983 precatus

152 2003 256 2067 esset
310 1992 450 2093 Quippe
477 1994 757 2092 magnitudinem
783 1995 890 2068 enimi
918 1997 992 2070 eius
1017 1996 1232 2086 interritam,
1273 2020 1315 2068 ac
1340 2018 1385 2067 ne

153 2105 298 2178 fortune
316 2105 459 2203 quidem
477 2106 672 2196 infractam,
698 2132 772 2179 non
790 2106 1031 2180 misericordia
1050 2106 1169 2196 modc,
1195 2105 1258 2178 sed
1279 2105 1386 2179 etiam
1428 2125 1433 2136 ·

102 2215 291 2290 ethonore
310 2216 475 2315 excipere
495 2215 661 2315 dignatus
682 2225 746 2292 est.
798 2218 959 2317 Aegrum
985 2219 1124 2294 curavit
1149 2216 1246 2291 haud
1273 2242 1385 2308 secus,

155 2351 262 2425 quem
301 2328 331 2401 si
369 2352 435 2426 pro
468 2328 547 2427 ipso
581 2339 795 2426 pugnasset3
835 2331 1084 2404 confirmatum
1123 2339 1247 2404 contre
1287 2353 1386 2427 spem

154 2439 316 2512 omnium
340 2439 376 2512 in
403 2441 597 2514 amicorum
626 2465 814 2515 numerum
846 2441 995 2541 recepit;
1030 2467 1118 2514 mcx
1142 2440 1290 2515 donavit
1315 2465 1387 2512 ern·

102 2569 135 2618 so
152 2549 266 2650 pliore
292 2575 420 2650 regno,
455 2577 561 2648 quem
592 2551 717 2626 tenuit.
770 2551 843 2627 Nec
876 2578 962 2627 sane
989 2556 1176 2652 quicquam
1206 2553 1388 2652 ingenium

152 2661 228 2735 eius
263 2659 410 2734 solidius
438 2673 500 2736 aut
531 2663 753 2738 constant-ius
787 2664 931 2755 hebuit,
975 2690 1082 2762 quam
1116 2664 1387 2738 admirationem

153 2797 261 2846 verse
282 2763 396 2845 laudis
421 2783 459 2847 et
474 2775 627 2872 gloriae:
654 2776 846 2875 simplicius
872 2786 993 2848 temen
1017 2776 1148 2847 famem
1175 2776 1388 2848 aestimabat

152 2884 189 2958 in
215 2883 336 2975 hoste,
370 2909 476 2980 quam
503 2885 538 2958 in
566 2885 652 2960 eive.
707 2882 846 2983 Quippe
872 2885 993 2960 esuis
1019 2885 1189 2959 credebat
1213 2887 1387 2984 magnitu-

153 2994 273 3068 dinem
304 3019 406 3069 suam
441 2995 578 3070 destrui
612 3020 737 3094 posse,
779 2995 929 3072 eandem
964 2998 1148 3070 clariorem
1182 2999 1276 3088 fore,
1317 3020 1388 3096 quc

151 3107 304 3180 maiores
329 3107 495 3199 fuissent,
528 3132 618 3206 quos
644 3108 721 3206 ipse
747 3106 899 3182 vicisset.

185 3307 355 3380 confossoque
372 3312 412 3379 eo]
448 3309 493 3364 Sic
509 3311 694 3364 emendaverat
706 3310 755 3364 ΔΙ-
788 3327 839 3379 quo
857 3310 904 3364 sisi
927 3310 1084 3366 documento
1105 3327 1162 3364 esse
1184 3318 1287 3382 potest,
1311 3329 1390 3384 quum

151 3378 212 3442 dus,
243 3395 304 3432 nem
328 3397 387 3434 mss.
412 3381 548 3450 composito
569 3381 676 3434 hebent
711 3379 754 3434 De
788 3378 890 3433 soleant
916 3380 1016 3434 scribae
1045 3379 1159 3434 libenter
1188 3379 1283 3435 similes
1316 3399 1390 3436 cesus

150 3445 293 3502 masculino
310 3463 407 3518 genere
424 3449 459 3502 ef.
478 3465 557 3520 supro
573 3449 607 3502 sd
624 3467 646 3504 c.
662 3453 717 3515 45,
730 3455 754 3504 8.
853 3465 869 3501 s
886 3447 1102 3502 termineticnum
1116 3447 1264 3504 mutatione
1277 3449 1389 3506 efficere.

186 3519 209 3583 ξ.
218 3523 259 3569 41.
292 3517 373 3582 Quae,
391 3519 497 3585 molum,
516 3519 608 3590 inquit,
626 3519 752 3590 cosentia]
809 3517 832 3571 ic
855 3525 918 3587 post
936 3519 959 3586 ξ,
973 3525 1006 3571 44
1029 3517 1074 3571 ubi
1096 3535 1128 3570 ne
1172 3529 1265 3572 ortena
1287 3521 1390 3590 quidem

58 3609 61 3616 ν
152 3582 296 3637 Constituit
321 3595 394 3639 recte
417 3584 515 3653 Aldus,
543 3604 604 3639 nem
631 3586 753 3668 princeps
788 3587 931 3656 infractam
949 3585 1081 3639 verissime
1100 3586 1133 3639 sb
1167 3585 1212 3640 ldc
1226 3587 1326 3641 editum
1340 3595 1390 3654 est,

155 3651 232 3712 Quod
246 3653 372 3704 molioni
426 3655 446 3706 it
480 3671 529 3708 uos
547 3665 667 3722 amenus,
686 3655 754 3708 sieut
788 3671 877 3708 omnes
895 3672 954 3708 mss.
973 3653 1057 3708 nostri
1074 3661 1103 3707 et
1120 3653 1193 3708 Leid.
1210 3659 1309 3710 Voss.l
1330 3672 1390 3709 cum

153 3717 233 3771 etiem
249 3717 380 3773 Flesse
410 3721 436 3774 H
478 3722 657 3776 ern.BPel.l
677 3723 753 3776 Voss.
788 3723 848 3776 edd.
865 3721 1029 3793 principibus
1040 3723 1180 3792 fortunam
1198 3723 1303 3778 hebent.

152 3793 178 3854 2,
203 3803 253 3840 nec
276 3786 327 3840 elio
350 3788 485 3858 pertinent
501 3789 614 3843 ulons:
690 3793 754 3844 din

151 3857 233 3937 effer
246 3857 329 3925 ires
338 3873 414 3926 luae,
431 3865 459 3910 u
472 3857 646 3939 lesem.
663 3860 755 3938 refe
788 3825 1389 3964 delus?stttffilllflzlilsll*

150 3935 329 4047 gsbtlpffip.
343 3924 754 4060 geillelstnmsrllsddiliulldllellds
823 3995 846 4063 ξ.
856 4001 897 4048 46.
933 3997 983 4048 sim
1002 3997 1075 4076 licius
1092 3999 1293 4064 tamensamom
1310 4000 1389 4051 oesti-

149 4061 256 4116 hsbent.
291 4061 333 4116 Ao
395 4069 446 4116 test
478 4062 549 4116 haud
575 4063 653 4116 dubie
681 4080 755 4134 genr-
787 4063 955 4130 madescet]
999 4079 1046 4134 gre
1074 4065 1156 4120 choo
1172 4065 1390 4120 dictumsdAle-

150 4129 220 4184 tirus
238 4137 300 4200 epte
313 4139 339 4184 et
391 4131 447 4185 tino
465 4130 580 4186 sermoni
597 4131 754 4185 convenien·
787 4131 882 4184 xsndri
899 4131 1032 4214 ingenium
1068 4133 1262 4202 escribendum‚
1285 4145 1313 4189 et
1331 4153 1389 4188 ver-

150 4207 192 4252 ter
219 4197 358 4269 explicari,
388 4200 409 4253 si
436 4217 495 4254 cum
521 4217 587 4254 voce
613 4203 755 4270 esenrplsm
787 4198 828 4253 bis
853 4200 1000 4270 aptissimis.
1040 4201 1124 4256 Simili
1150 4203 1281 4257 sententis
1309 4221 1389 4274 supra

150 4267 299 4390 ονοὲιωξωὲ
343 4269 399 4392 Sep
429 4267 656 4392 quzdmintl'lor.
680 4267 752 4351 Allo
785 4283 842 4392 ivn
857 4275 890 4324 26
904 4270 1097 4394 'llexmddimln
1128 4273 1229 4393 pirensis
1256 4273 1333 4328 etiam
1360 4272 1388 4328 in

219 4377 225 4391 .
299 4355 355 4392 ern.
423 4355 500 4393 scr-rr
578 4355 753 4408 ompropm-
803 4355 924 4392 osemsr
952 4357 1020 4392 orem
1084 4355 1150 4395 ers.
