3158 5294
257 383 331 454 466
721 405 756 468 Q·
793 403 919 458 curun
948 403 1035 457 nour

254 585 395 685 gladic,
437 585 567 684 pedem
601 611 709 685 super
744 588 919 662 cervicem
952 586 1081 660 iacenti
1114 585 1302 685 imposuit,
1343 587 1511 685 stipitem

253 697 447 786 intentans,
474 697 695 794 elisurusque
721 724 765 772 eo
792 699 937 789 victum,
964 699 1001 771 ni
1027 697 1228 796 prohibitus
1255 707 1357 772 esset
1372 723 1399 772 a
1414 723 1509 796 rege.

255 806 382 882 Tristis
404 809 596 905 spectaculi
619 820 769 884 eventus
784 835 858 882 non
874 808 1130 883 Macedonibus
1155 808 1281 900 modu,
1308 809 1381 884 sed
1402 811 1542 883 etiamr*

253 916 464 994 Alexandro
490 918 568 1010 fuit,
594 921 750 994 maxime
777 921 860 1017 quia
885 921 1030 994 barbari
1056 921 1252 996 affirerant:
1284 921 1431 1019 quippe
1459 945 1510 992 ce
1553 933 1554 936 ’

252 1032 429 1106 lebratam
461 1027 700 1104 Macedonum
737 1031 985 1107 fortitudinem
1019 1032 1066 1105 ed
1100 1031 1294 1106 ludibrium
1330 1031 1509 1106 recidisse

252 1141 455 1218 verebatur.
519 1139 613 1215 Hinc
653 1143 699 1217 ad
739 1145 1021 1220 criminationem
1060 1143 1264 1217 invidorum
1304 1142 1509 1241 adapertae
1524 1167 1544 1206 :4

254 1263 341 1328 sunt
366 1277 471 1328 aures
497 1253 602 1350 regis.
642 1253 691 1328 Et
716 1263 800 1354 post
825 1280 959 1352 paucos
987 1254 1062 1330 dies
1089 1255 1183 1329 inter
1201 1255 1330 1353 epulas
1352 1279 1508 1327 aureum

253 1366 423 1464 poculum
449 1389 496 1438 ex
522 1365 720 1463 composito
747 1364 973 1458 subducitur,
1009 1365 1247 1463 ministrique,
1284 1364 1395 1461 quasi
1425 1365 1508 1437 ami·

254 1477 396 1566 sissent,
430 1475 527 1573 quod
553 1487 773 1568 amoverent,
807 1501 930 1575 regem
956 1475 1101 1551 adeunt.
1155 1475 1269 1575 Saepe
1296 1476 1427 1549 minus
1455 1497 1506 1550 est
1521 1493 1541 1538 ἑὲ

254 1587 476 1661 constantiae
496 1587 534 1659 in
555 1587 697 1678 rubore,
724 1612 831 1684 quam
852 1589 890 1661 in
912 1589 1026 1686 culpa
1068 1585 1277 1663 Coniectum
1299 1588 1506 1663 oculorum.

252 1698 380 1795 quibus
406 1709 448 1772 ut
473 1699 532 1772 fur
557 1699 815 1787 destinabatur,
841 1697 1043 1797 Dioxippus
1069 1700 1162 1772 serre
1187 1724 1261 1772 non
1288 1700 1440 1796 potuit:
1474 1713 1507 1771 ct
1553 1715 1554 1758 1

255 1835 336 1885 cum
377 1811 590 1884 excessisset
630 1809 814 1900 convivio,
854 1809 982 1883 litteris
1024 1809 1253 1908 conscriptis,
1293 1835 1394 1906 quae
1432 1811 1506 1908 regi
1553 1889 1554 1892 Ἴ

252 1919 498 2012 redderentur,
524 1924 619 1995 ferro
646 1945 685 1994 se
711 1921 900 1996 interemit.
946 1917 1114 1994 Graviter
1140 1929 1293 1994 mortem
1315 1919 1400 1995 eius
1426 1922 1506 1994 tulit
1520 1939 1540 1983 u

252 2056 328 2124 rex,
355 2032 563 2108 existimans
589 2032 844 2130 indignationis
871 2055 960 2123 esse,
986 2052 1061 2105 non
1086 2031 1329 2130 poenitentiae
1358 2041 1507 2120 testem,
1553 2061 1554 2156 p

253 2145 375 2241 utique
401 2155 592 2243 postquam
617 2145 709 2218 falso
734 2143 978 2218 insimulatum
999 2167 1092 2234 eum,
1117 2142 1265 2216 nimium
1292 2141 1507 2217 invidorum

253 2253 425 2353 gaudium
453 2255 620 2330 ostendit.
1553 2269 1554 2350 g

205 2368 254 2438 30
357 2362 528 2440 ludorum
552 2366 662 2466 legati
680 2365 816 2440 dimissi
848 2365 984 2458 domos,
1011 2365 1134 2466 paucis
1155 2374 1239 2464 post
1262 2361 1398 2438 diebus
1429 2379 1554 2439 cumili

256 2474 359 2548 donis
385 2467 626 2549 revertuntur.
680 2476 845 2551 Trecenti
879 2488 982 2552 erant
1013 2477 1169 2576 equites,
1218 2498 1346 2548 ccxxx
1377 2503 1507 2551 currus

255 2610 345 2683 quos
377 2585 577 2684 quadriiugi
616 2588 696 2683 equi
724 2587 921 2680 ducebant,
959 2590 1074 2663 lineae
1112 2587 1224 2662 vestis
1264 2585 1508 2683 aliquantum,

253 2698 349 2772 mille
374 2707 477 2772 scuta
501 2696 641 2788 Indica,
669 2699 815 2772 ecferri
841 2699 984 2774 candidi
1010 2699 1146 2773 talenta
1172 2705 1334 2789 centum,
1365 2700 1554 2774 leones-w

254 2835 323 2908 que
348 2835 451 2884 rarae
477 2808 731 2909 magnitudinis
759 2822 796 2885 et
821 2811 943 2908 tigres,
970 2821 1161 2906 utrumque
1178 2809 1311 2883 animal
1335 2807 1391 2882 ad
1409 2837 1509 2886 man·

254 2921 480 2998 suetudinem
506 2920 700 3011 domitum,
733 2922 948 3002 lacertarum
974 2945 1116 3020 quoque
1150 2919 1352 3018 ingentium
1382 2924 1509 3020 pelles,
1553 2937 1554 2978 f

289 3153 372 3216 ΜΞ.
413 3149 510 3202 iacenti
536 3149 672 3272 imposui&
708 3147 753 3204 Sic
778 3145 853 3203 editt.
891 3153 1018 3228 203vr1,
1041 3154 1075 3204 88
1111 3165 1134 3202 r.
1153 3144 1182 3226 ip
1203 3145 1401 3216 App.x,23,
1434 3157 1510 3205 14er

255 3225 320 3270 vett.
344 3225 372 3270 et
394 3218 471 3272 codd.
495 3233 591 3271 omnes.
631 3219 645 3287 (
673 3235 721 3271 nus
743 3215 855 3271 Flonc
891 3216 1008 3270 Indicam
1025 3235 1081 3270 av.
1123 3215 1206 3270 odius.

255 3287 401 3353 iacenter.)
436 3285 525 3356 Vulgo
542 3301 613 3340 nuuc
630 3285 718 3340 editur
736 3286 856 3352 iacentis,
926 3284 1088 3355 Capeus.
1108 3292 1132 3339 1.
1154 3284 1275 3338 Trecenti
1292 3295 1374 3337 mar
1394 3289 1510 3358 cursitas]

256 3353 303 3406 sed
321 3352 400 3406 etiam
418 3352 483 3406 illud
502 3351 628 3424 explicari
644 3361 744 3423 potest.
890 3353 965 3408 Editi
979 3355 1052 3423 equi,
1070 3371 1130 3406 mss.
1141 3353 1248 3422 equites:
1267 3368 1318 3421 ego
1332 3351 1387 3406 hos
1401 3371 1510 3427 sequor.

291 3423 314 3489 ξ.
332 3427 374 3476 23.
413 3422 540 3474 recidisse
565 3423 709 3490 verebatur]
749 3419 855 3474 Modius
891 3421 963 3476 Tum
980 3423 1135 3492 quadrimi
1160 3421 1219 3492 equi
1236 3420 1321 3474 nostri
1345 3435 1466 3490 omnes,
1492 3427 1510 3478 si

255 3495 490 3609 a
505 3489 857 3612 patrumm
891 3487 1511 3628 enecarit-asena

255 3625 307 3678 hoc
324 3597 384 3678 euin
401 3624 514 3679 movisse
527 3625 598 3697 quod
612 3624 789 3680 accusativum
798 3643 857 3679 cum
891 3577 1024 3680 bentidm:
1048 3628 1094 3680 sed
1115 3627 1144 3682 in
1160 3625 1233 3681 Flor.
1250 3625 1355 3680 Heinsii
1384 3633 1417 3678 et
1435 3631 1509 3685 Leia

255 3692 385 3749 infinitivo
396 3694 584 3763 fortitudinem
592 3695 718 3748 recidisse
728 3694 797 3749 mele
809 3712 857 3765 po·
893 3695 1088 3766 snakenburgii
1106 3695 1230 3768 quadriiu
1250 3695 1259 3746 i
1277 3693 1383 3760 solum,
1410 3701 1510 3753 omisa

255 3759 336 3815 situm
380 3769 469 3816 uteret
494 3781 542 3834 pro
563 3780 597 3816 eo
620 3763 693 3834 quod
716 3771 798 3817 esset:
825 3779 858 3816 ne
892 3780 956 3818 voce
988 3767 1059 3834 equi,
1096 3763 1149 3834 legi
1179 3713 1302 3816 trudtun
1373 3761 1510 3821 Ceterum

256 3781 388 3909 fortitudo
407 3829 551 3911 recidisset.
586 3831 706 3886 Noverat
719 3831 789 3912 enim
803 3830 860 3912 sine
893 3831 1022 3912 Arrianus
1036 3847 1079 3912 yx,
1099 3840 1132 3887 14
1149 3831 1219 3912 baud
1237 3831 1315 3902 poulo
1333 3829 1510 3912 perisimilius

254 3899 335 3952 dubio
353 3900 422 3952 haud
439 3907 479 3952 rta
495 3919 555 3954 raro
572 3908 635 3982 post
648 3900 733 3954 verbs
750 3900 860 3954 timendi
894 3899 965 3953 mrlle
983 3911 1099 3972 equites,
1121 3907 1279 3972 quingentos
1301 3899 1387 3953 fuisse
1415 3921 1509 3959 cumn

254 3965 412 4021 infinitivum
437 3967 518 4022 ctiam
543 3969 594 4025 illu
617 3968 681 4023 locis
704 3968 781 4040 poni,
809 3967 856 4022 ubi
890 3967 986 4036 tradit,
1012 3985 1044 4022 ac
1070 3968 1148 4024 facile
1173 3966 1314 4022 conieceris
1341 3986 1395 4039 pm
1419 3988 1458 4030 00
1483 3975 1507 4026 in

255 4043 302 4089 eut
318 4045 346 4089 ut
364 4043 460 4088 outae
478 4053 511 4089 ex
528 4037 683 4108 vulgaribus
704 4036 857 4107 grammati-
891 4045 968 4090 textu
986 4036 1115 4091 Curtiauo
1134 4037 1315 4108 reponendum
1332 4054 1394 4091 esse
1412 4041 1450 4094 D.

255 4105 857 4226 ffimlolilii‘llleliliffiliaiileffli
910 4106 1026 4228 ..dtr
1039 4105 1506 4232 triti...i⁶si¹.¹³³..t.:‘¹³⁶¹²ffl

255 4257 365 4363 gramm.
392 4243 414 4308 ξ.
433 4246 492 4294 534.
531 4191 586 4294 Selii
611 4241 740 4294 concessit
764 4240 857 4312 inepto
891 4191 1023 4296 intrares
1040 4242 1225 4296 dicuntStutl.
1251 4240 1356 4296 Plinius
1367 4255 1425 4300 nat.
1445 4196 1505 4300 Ἣ

274 4307 440 4378 ruchylogiae
455 4308 588 4363 cuiusdam
597 4309 695 4376 studio,
714 4327 767 4380 quo
777 4325 858 4380 saepe
891 4324 998 4378 mrv,
1025 4318 1056 4364 41
1076 4327 1110 4364 ex
1133 4310 1253 4366 omnibus
1276 4310 1422 4379 generibus
1493 4347 1503 4358 -

256 4393 316 4430 eum
337 4377 455 4430 ridemus
478 4376 540 4430 talia
561 4377 657 4445 verbs,
684 4375 772 4448 qualia
796 4385 858 4432 sunt
891 4396 961 4432 mum
979 4379 1062 4433 tradit
1079 4395 1136 4433 esse
1150 4377 1241 4433 Serico
1258 4378 1340 4446 feno,
1358 4397 1443 4436 seam

257 4447 384 4512 credetur,
403 4447 570 4510 confitebatur
586 4445 696 4514 tollere,
718 4447 763 4500 ubi
779 4455 858 4517 puta-
892 4446 1025 4502 Parthico.
1043 4447 1080 4501 Et
1089 4465 1193 4501 causam
1201 4445 1285 4514 addit,
1294 4448 1366 4518 quod
1377 4467 1435 4504 non
1452 4451 1502 4504 alin

256 4521 298 4568 ret
314 4530 390 4585 posse
407 4513 579 4586 subintelligi.
612 4514 682 4569 Vide
700 4515 734 4569 ed
752 4522 857 4585 vum,
893 4531 991 4587 genera
1008 4515 1072 4571 ferri
1093 4532 1127 4570 ex
1144 4532 1217 4570 mero
1233 4513 1290 4569 acie
1307 4522 1501 4588 temperentur.
