3254 5292
535 400 585 450 ns
613 398 739 450 ousms
770 397 1027 469 snsx.1v,1z.
1354 383 1403 454 85

128 581 432 680 ropportunitate
476 579 630 656 dimissa.
697 579 866 657 Ceterum
910 593 986 656 tam
1031 581 1215 656 discedere
1253 584 1403 676 irritum,

161 717 271 790 quam
301 691 434 765 morari
466 692 646 791 pudebat;
689 695 822 768 famam
854 719 1015 792 quoque,
1057 717 1129 792 qua
1159 696 1264 792 plura
1295 721 1403 792 quarn

160 803 270 877 armis
298 813 497 894 everterat,
522 817 625 878 ratus
649 805 821 878 leviorem
846 805 943 896 fore,
978 806 1009 878 si
1034 804 1190 904 Tyrum,
1226 807 1328 903 quasi
1354 817 1404 878 te·

160 925 254 988 stem
280 938 319 988 se
345 940 452 1013 posse
476 915 581 1007 vinci,
607 915 818 1012 reliquisset
853 909 966 1015 Igitur
992 943 1038 991 ne
1065 915 1151 1013 quid
1176 917 1405 1014 inexpertum

161 1023 353 1115 omitteret,
379 1026 500 1122 plures
525 1051 638 1100 naves
660 1026 845 1101 admoveri
869 1028 979 1117 iubet,
1006 1026 1235 1125 delectosque
1253 1027 1406 1100 militum

126 1135 305 1232 simponi.
340 1135 389 1209 Et
413 1138 506 1210 forte
531 1138 639 1211 belua
664 1137 855 1212 inusitatae
881 1138 1147 1236 magnitudinis,
1174 1163 1282 1236 super
1307 1140 1404 1237 ipsos

161 1245 292 1319 fluctus
327 1246 435 1321 dorso
468 1249 645 1339 eminens,
681 1248 728 1321 ad
759 1249 907 1340 molem,
942 1275 1050 1346 quam
1076 1247 1291 1324 Macedones
1315 1250 1405 1323 iece-
1475 1285 1480 1296 ·

160 1367 254 1448 rant,
279 1358 406 1456 ingens
431 1383 562 1458 corpus
588 1359 768 1457 applicuit,
796 1359 1103 1458 diverberatisque
1128 1359 1295 1434 fluctibus
1322 1362 1405 1434 alle·

160 1493 251 1542 vans
278 1480 402 1561 semet,
429 1471 608 1568 utrimque
636 1481 829 1571 conspecta
855 1481 929 1544 est:
955 1469 1085 1544 deinde
1111 1497 1134 1544 a
1159 1469 1404 1570 eapitflmolis
1493 1475 1497 1478 ’

126 1603 284 1653 crursus
317 1582 390 1654 alto
426 1605 464 1653 se
498 1582 687 1674 immersit,
729 1607 771 1656 ac
805 1582 915 1655 modo
954 1606 1062 1680 super
1093 1582 1209 1655 undas
1245 1583 1404 1656 eminens

160 1715 292 1788 magna
318 1693 374 1764 sui
399 1703 520 1790 parte,
553 1692 661 1768 modo
694 1694 890 1793 superfusis
914 1693 1082 1768 fluctibus
1109 1691 1270 1785 condita,
1305 1679 1404 1768 baud

160 1803 285 1898 procul
319 1804 549 1877 munimentis
581 1804 680 1878 urbis
707 1805 861 1879 emersit
914 1801 1083 1901 Utrisque
1109 1806 1225 1878 laetus
1251 1804 1320 1877 fuit
1344 1805 1404 1877 be·

126 1914 240 1986 eluae
275 1925 460 2011 aspectus:
500 1913 716 1990 Macedones
750 1918 819 1992 iter
852 1913 1015 1988 iaciendo
1050 1915 1150 2012 operi
1183 1925 1403 1988 monstrasse

159 2025 447 2122 augurabantur,
482 2024 582 2126 Tyrii
616 2025 841 2126 Neptunum,
876 2025 1041 2122 occupati
1074 2025 1182 2096 maris
1214 2022 1402 2116 vindicem,

159 2135 356 2234 abripuisse
404 2137 566 2229 beluam,
616 2163 658 2212 ac
697 2139 829 2211 molem
875 2134 979 2210 brevi
1017 2135 1177 2232 profecto
1213 2135 1401 2208 ruituram.

159 2243 330 2343 Laetique
356 2249 474 2322 omine
501 2273 543 2322 eo
570 2248 618 2321 ad
644 2250 767 2347 epulas
794 2247 921 2346 dilapsi
946 2269 1142 2321 oneravere
1156 2270 1195 2319 se
1207 2246 1304 2336 vino,
1330 2272 1401 2344 quo

159 2381 289 2454 graves
316 2369 394 2432 orto
421 2360 497 2433 sole
522 2360 666 2458 navigia
692 2357 955 2448 conscendunt,
980 2357 1147 2430 redimita
1171 2355 1319 2452 floribus¹
1345 2382 1401 2430 co-

158 2469 342 2566 ronisque:
368 2469 459 2544 adeo
485 2471 656 2544 victoriae
682 2497 756 2544 non
783 2494 888 2544 omen
915 2468 1034 2560 modo,
1061 2468 1125 2544 sed
1152 2469 1260 2542 etiam
1280 2480 1400 2566 gratu·

155 2579 326 2654 lationem
351 2592 618 2680 praeceperant.
1036 2591 1038 2594 ’

121 2719 136 2768 a
258 2690 367 2765 Forte
400 2718 468 2765 rex
498 2695 649 2766 classem
682 2693 720 2765 in
754 2691 933 2766 diversam
968 2701 1108 2790 partem
1143 2693 1201 2790 agi
1235 2693 1448 2782 iusseratl8

155 2803 303 2900 triginta
327 2803 525 2877 minoribus
552 2804 703 2901 navigiis
729 2804 862 2876 relictis
887 2804 924 2875 in
949 2803 1069 2875 litore:
1097 2827 1117 2876 e
1144 2803 1273 2898 quibus
1300 2803 1399 2901 Tyrii

155 2911 295 2988 duobus
324 2915 453 3013 captia,
480 2925 601 2988 cetera
625 2915 762 3012 ingenti
787 2922 995 2988 tenuerunt
1019 2923 1135 3002 metu,
1162 2912 1292 3004 donec,
1319 2939 1399 2985 suo·

154 3049 235 3096 rum
262 3027 416 3099 clamore
444 3025 587 3116 audito,
626 3024 834 3098 Alexander
861 3024 1010 3096 classem
1036 3023 1150 3113 litori,
1186 3049 1305 3120 aquo
1332 3024 1398 3095 fre·

189 3244 212 3308 5.
231 3247 256 3294 3.
274 3243 347 3296 belua
365 3243 393 3298 in
412 3242 518 3313 optimis
535 3241 609 3296 libris
618 3260 678 3296 mss.
695 3242 759 3296 scri·
795 3237 878 3294 dvctv
895 3239 1009 3311 licetque
1028 3241 1108 3294 flores
1117 3247 1145 3294 et
1155 3256 1278 3308 coronae,
1288 3257 1402 3294 coronae

153 3309 228 3363 bitur
244 3309 355 3381 simplici
372 3314 392 3376 1,
434 3312 487 3365 uod
510 3312 552 3364 vel
570 3328 628 3364 eam
646 3312 680 3364 ob
698 3329 760 3364 cau·
791 3317 821 3363 et
841 3309 919 3364 flores
945 3328 994 3380 pro
1018 3311 1120 3364 coronis
1134 3310 1246 3379 storum.
1281 3308 1340 3379 Sed¹
1359 3309 1400 3362 uti

152 3395 206 3501 ἔξω
229 3381 313 3450 probo
331 3381 412 3460 quis¹
442 3397 566 3503 lfflapq',
579 3379 761 3502 bblpniqprrqrd
793 3395 864 3500 punc
880 3380 906 3432 h.
924 3378 942 3430 l.
960 3377 998 3432 sic
1013 3379 1078 3432 item
1096 3377 1204 3432 Curtius
1221 3393 1250 3447 v,
1269 3383 1399 3445 3.1x,42

151 3464 372 3572 fierimddrtbobedld
387 3449 478 3588 tdlpddset
495 3466 545 3571 sini
563 3457 759 3588 gendbdtaqbu-
812 3465 895 3586 1⁸disp.
906 3523 947 3582 18,
966 3519 991 3582 S.
1004 3523 1028 3570 6.
1046 3516 1146 3585 inperiti
1163 3515 1398 3594 terruerunimetu]

153 3582 263 3638 direur.
795 3584 914 3655 Tempus
970 3583 1083 3638 rfectum
1104 3584 1183 3653 longe
1206 3583 1310 3654 plurimi
1328 3583 1399 3636 codi-

189 3653 247 3719 §.b.
265 3653 414 3733 cbrrjpuisse
424 3653 537 3724 beluam]
557 3652 698 3707 Sententia
707 3671 760 3707 nou
795 3669 838 3706 ces
859 3660 887 3705 et
908 3600 994 3706 Mpcdfi
1016 3651 1110 3716 editio,
1138 3651 1219 3721 vulgo
1242 3661 1398 3718 terruerant,

152 3727 286 3788 mutatur,
303 3738 357 3774 uve
374 3740 410 3775 vu
454 3730 512 3775 tum
531 3723 679 3791 crubuisse
695 3721 760 3775 reti-
790 3721 866 3842 flmd
884 3739 937 3775 non
955 3727 996 3774 est
1017 3719 1066 3772 nisi
1084 3719 1112 3773 in
1128 3719 1201 3773 Flor.
1219 3719 1241 3773 Ι.
1271 3721 1398 3774 Terruere

152 3803 214 3855 nes,
247 3789 301 3842 sive
331 3807 397 3860 quae
433 3789 503 3844 ectio
529 3799 571 3844 est
597 3790 757 3861 optimorum
817 3805 872 3842 ern.
890 3788 914 3842 B
932 3787 1003 3842 Flor.
1022 3788 1083 3842 ΕΗ.

152 3857 229 3912 codd
253 3857 335 3912 Bern.
356 3863 379 3911 Α
403 3857 478 3912 Leid.
501 3858 578 3912 Voss.
603 3867 615 3912 l
641 3858 713 3912 Flor.
730 3860 757 3912 A
826 3875 911 3926 aquo
926 3858 1054 3927 fremitus
1078 3858 1212 3910 occiderat
1229 3887 1265 3896 -
1275 3859 1399 3925 primae

151 3929 303 3995 (praeterea
319 3927 515 3981 BernBFlor.
523 3927 589 3999 ΕΗ)
608 3928 757 3996 abripuisse
791 3925 866 3980 Mac.
892 3927 1014 3993 nuribus]
1046 3925 1137 3996 Vulgo
1158 3923 1268 3977 mutatis
1294 3923 1399 3978 sedibus

151 3993 269 4116 eplrrigisl.
287 3995 359 4117 Flofre.
377 3996 401 4048 Β
421 3997 566 4118 empuissffi.)
582 3995 758 4117 ·P⁸1¹}¹,{'·d¹'⁰⁸{
791 3992 999 4116 praepositiones
1026 3992 1118 4114 istriquq
1148 3992 1207 4046 loco
1233 3991 1398 4116 ppsitmelcq

150 4079 258 4185 llos-illd
268 4081 320 4200 edd,
339 4080 757 4212 Fldr3⁰1¹¹¹dd⁵msnd¹s’qorf¹ae'triex
791 4081 912 4186 {dudlei-rm
923 4079 1004 4184 qippp
1015 4079 1335 4197 dosdiinlildriadmndstneg
1340 4080 1398 4200 qlbil

150 4198 223 4254 Flor.
245 4200 270 4254 Ε
294 4218 335 4254 ac.
384 4200 430 4255 Sro
455 4200 536 4256 etism
562 4201 628 4254 editi
654 4201 716 4254 mde
741 4217 758 4253 a
791 4200 840 4253 bus
864 4217 931 4252 unus
958 4207 1064 4253 tantum
1086 4198 1159 4253 Flor.
1182 4195 1216 4252 G.
1243 4217 1303 4252 eum
1325 4197 1397 4250 vul.

151 4268 312 4340 principare
348 4269 425 4324 uibus
443 4287 496 4324 non
514 4269 627 4324 discedo.
792 4267 937 4334 comentit,
965 4267 1066 4338 aliquot
1093 4275 1182 4320 tamen
1210 4266 1293 4332 (Flos.
1322 4267 1349 4319 D
1383 4265 1398 4320 1

185 4341 210 4404 s.
228 4345 253 4392 t.
270 4339 339 4407 stan
375 4357 389 4392 s
411 4339 575 4409 coronisque]
606 4337 651 4393 Sic
667 4353 758 4391 omnes
790 4354 850 4390 cum
867 4335 924 4390 Pal.
945 4339 973 4406 1)
991 4354 1039 4406 pro
1051 4337 1169 4405 primae
1187 4335 1286 4388 habent
1297 4337 1395 4405 primo.

152 4403 213 4460 libri
236 4406 321 4461 nostri
338 4415 367 4460 et
385 4406 467 4460 Susk.
489 4425 538 4478 pro
560 4406 632 4478 vulg.
654 4407 757 4460 emonis
792 4403 847 4459 Sed
875 4405 885 4458 l
920 4404 974 4458 'tur
999 4412 1138 4475 praetcrea
1163 4403 1191 4456 in
1219 4404 1304 4458 tribus
1325 4402 1397 4457 Flor.

150 4473 319 4546 floribusque.
364 4475 415 4530 Est
444 4477 508 4530 haec
534 4475 620 4548 ligura
650 4479 682 4528 ἓν
711 4470 757 4526 διὰ
791 4473 866 4528 Aac
916 4491 971 4526 ern.
997 4474 1024 4527 A
1044 4472 1119 4526 Leid.
1142 4472 1222 4530 Voss.
1238 4480 1250 4525 1
1268 4473 1397 4542 fremitus
