3268 5286
212 360 286 432 310
680 379 713 441 o.
742 360 865 428 curru
890 373 974 427 nnn

212 587 319 663 quam
344 570 474 661 potens
500 563 639 636 mentis.
694 559 851 637 Gobares
876 561 969 634 inter
995 563 1189 636 tumultum
1214 559 1374 660 elapsus,
1399 557 1447 633 ad

210 672 460 751 Alexandrum
485 675 687 773 transfugit.

163 790 209 861 17
314 807 381 857 vm
406 786 503 858 milia
527 784 800 859 Bactrianorum
830 784 988 859 habebat
1013 795 1151 858 armata
1176 783 1319 875 Bessus,
1346 808 1446 881 quae,
1466 801 1505 851 ao

212 896 381 994 quamdiu
406 905 555 994 propter
589 897 677 970 coeli
703 896 950 994 intemperiem
975 895 1115 970 Indiam
1140 896 1259 996 potius
1284 893 1448 968 Macedo·

211 1033 276 1082 nas
317 1008 493 1106 petituros
528 1005 772 1098 crediderant,
812 1007 1020 1082 obedienter
1061 1009 1237 1107 imperata
1269 1009 1448 1081 fecerunt:

213 1131 404 1220 postquam
431 1117 633 1192 adventare
658 1116 906 1193 Alexandrum
937 1130 1159 1219 compertum
1190 1130 1262 1211 est,
1297 1119 1333 1190 in
1365 1143 1449 1192 suos

215 1213 363 1330 quisque
389 1231 487 1304 vioos
514 1229 656 1328 dilapsi,
691 1229 844 1304 Bessum
869 1231 1099 1328 reliquerunt.
1149 1231 1213 1305 Ille
1239 1255 1320 1303 cum
1346 1231 1449 1302 clien-
1468 1247 1503 1295 21

214 1345 304 1416 tium
329 1367 448 1431 manu,
462 1340 522 1437 qui
547 1366 622 1416 non
647 1352 876 1417 mutaverant
902 1341 1019 1433 fidem,
1034 1340 1117 1416 Oxo
1144 1366 1248 1415 amne
1271 1351 1450 1440 superato,

215 1453 422 1549 exustisque
447 1452 609 1550 navigiis,
636 1453 764 1551 quibus
791 1453 991 1544 transierat,
1013 1479 1059 1527 ne
1081 1453 1210 1527 iisdem
1235 1453 1349 1526 hostis
1375 1461 1450 1525 ute·

216 1574 325 1655 retur,
351 1587 465 1637 novas
492 1564 612 1661 copias
638 1565 674 1636 in
702 1561 889 1662 Sogdianis
916 1559 1177 1668 contrahebat

316 1672 524 1748 Alexander
560 1672 757 1749 Caucasum
798 1674 956 1773 quidem,
994 1686 1036 1749 ut
1074 1701 1183 1776 supra
1216 1673 1350 1749 dictum
1385 1682 1451 1762 est,
1469 1691 1505 1740 aa

217 1787 421 1878 transierat,
464 1786 527 1860 sed
562 1785 683 1885 inopia
716 1788 883 1877 frumenti
919 1813 1032 1887 prope
1063 1787 1110 1860 ad
1140 1789 1271 1862 famem
1304 1795 1453 1876 ventum

216 1910 301 1974 erat.
352 1895 445 1973 Suco
472 1924 519 1972 ex
546 1921 685 1972 sesama
710 1924 882 1998 expresso
908 1898 1005 1973 haud
1032 1925 1134 1974 secus
1161 1923 1269 1997 quam
1294 1898 1372 1971 oleo
1399 1921 1452 1970 ar·
1471 1913 1506 1963 2³

216 2024 274 2086 tus
308 2011 565 2110 perungebant.
618 2007 690 2085 Sed
724 2012 829 2085 huius
857 2013 931 2085 suoi
958 2010 1103 2086 ducenis
1130 2007 1367 2108 quadragenis
1394 2006 1453 2080 de·

217 2122 326 2196 uariis
353 2123 545 2221 amphorae
572 2123 741 2221 singulae,
755 2124 867 2198 mellis
890 2122 1043 2197 denariis
1069 2123 1222 2197 trecenis
1247 2120 1455 2220 nonagenis,
1528 2198 1535 2206 ,
1619 2173 1620 2214 ,

218 2233 370 2307 trecenis
400 2235 471 2306 vini
497 2234 793 2322 aestimabantur3
827 2234 934 2307 tritici
959 2236 1047 2308 nihil
1073 2244 1136 2308 aut
1162 2231 1356 2306 admodum
1381 2233 1454 2304 exi-

217 2369 328 2444 guum
352 2331 606 2444 reperiebatur.
660 2341 758 2418 Siros
785 2345 964 2419 vocabant
998 2347 1158 2437 barbari,
1194 2369 1284 2442 quos
1310 2345 1361 2417 ita
1387 2345 1454 2416 sol·
1472 2363 1508 2412 aa

218 2632 364 2699 econvr'vio,
381 2648 440 2686 enm
449 2630 518 2686 solus
529 2629 659 2685 ablativus
673 2631 744 2702 apud
754 2635 820 2704 pot·
855 2634 902 2687 sed
919 2632 989 2687 Flor.
1006 2633 1060 2688 AG
1076 2632 1157 2686 Bern.
1174 2632 1201 2685 A
1224 2647 1338 2699 auena,
1365 2645 1457 2684 omnes

217 2710 260 2756 tas
275 2709 304 2754 et
318 2717 364 2755 eos
396 2716 472 2754 rosae
487 2698 616 2754 orationis
625 2699 765 2771 scriptores
775 2700 821 2772 qui
854 2710 944 2756 autem
960 2703 1104 2756 terminant
1121 2699 1211 2754 littera
1228 2717 1260 2768 a,
1284 2707 1316 2754 ut
1332 2698 1412 2754 mirer
1428 2699 1457 2752 in

218 2774 359 2842 poenum
396 2768 518 2823 'ctionem
534 2767 655 2822 modeste
665 2777 820 2840 sequuntur,
854 2770 929 2825 Laid.
946 2770 1022 2825 Voss
1043 2779 1055 2824 1
1074 2769 1211 2823 inventum
1227 2785 1284 2822 eme
1301 2785 1405 2822 eoseum.
1431 2769 1457 2820 A

218 2856 273 2893 non
291 2838 441 2909 infrequens
458 2837 501 2892 sit.
537 2837 578 2892 cf.
597 2837 632 2890 ad
656 2851 698 2906 1x,
716 2845 820 2904 32,=·14.
854 2857 933 2893 manu
959 2856 1012 2893 sec.
1038 2845 1186 2893 correctum
1211 2845 1252 2890 est
1280 2837 1308 2890 in
1332 2837 1413 2890 Bern.
1432 2839 1458 2889 A

254 2906 319 2978 Gap.
340 2915 380 2974 17,
399 2911 422 2976 ᾖ.
440 2912 483 2960 21.
520 2907 576 2961 Oxo
593 2921 677 2959 omne.
717 2906 821 2962 Otimi
855 2911 951 2962 etsama
971 2912 1035 2975 (non
1053 2907 1190 2961 utfaotum
1206 2904 1459 2959 traditurincodice

220 2975 317 3098 quique
334 2975 411 3031 codd.
433 2991 492 3030 mos
509 2993 594 3043 omne,
614 2974 712 3046 quippe
729 2925 763 3030 ab
780 2974 821 3028 in-
854 2976 930 3030 Petri
947 2975 1064 3030 Danielis
1086 2976 1208 3044 amomo).
1244 2973 1352 3028 Graecis
1376 2974 1460 3028 herba

240 3044 308 3099 octis
326 3043 437 3098 exarati
856 3054 898 3098 est
917 3045 1032 3113 σησάμη,
1052 3045 1154 3098 huntus
1172 3043 1309 3110 σήσαμον.

254 3116 278 3182 ξ.
296 3119 337 3168 22.
373 3115 463 3182 inopia
475 3113 608 3182 frumenti
621 3129 707 3182 prope
724 3115 762 3166 ad
772 3113 822 3183 fo·
890 3115 973 3166 mellis
1000 3117 1057 3167 den.
1087 3113 1197 3164 trecenta
1228 3112 1372 3192 nonagenis
1407 3117 1459 3164 eet.

219 3199 293 3236 orem.
329 3181 414 3236 codd.
436 3180 557 3261 plerique
625 3198 673 3250 que
684 3199 706 3249 p
756 3183 824 3234 ead
856 3182 952 3236 Priora
968 3181 1055 3234 verbis
1073 3179 1220 3250 litterisque
1237 3179 1368 3250 explicata
1384 3187 1460 3232 reete

214 3248 372 3320 s.Flor.G
400 3267 461 3319 qurp
481 3267 494 3302 e
512 3253 550 3302 od
564 3197 680 3318 idomas,
708 3199 822 3302 libem
857 3249 956 3320 sculpta
968 3258 1030 3303 sunt
1038 3248 1067 3302 in
1075 3248 1218 3329 codicibus,
1237 3246 1460 3320 haecposteriora

221 3318 301 3370 Bern.
320 3317 343 3370 B
362 3319 431 3387 torp.
443 3268 528 3387 fiam.
548 3319 586 3370 ad
595 3316 731 3386 samenq
782 3335 822 3385 ae,
858 3318 885 3371 in
909 3318 1029 3371 omnibus
1054 3318 1187 3371 codrubus
1212 3323 1320 3386 praeter
1345 3315 1458 3369 FloeB

221 3383 293 3465 Flor.
309 3383 337 3437 H
355 3387 425 3454 ioop.
434 3385 566 3454 frumenti
582 3387 621 3464 qd
627 3333 823 3454 sumendoqlli·
856 3387 981 3440 videntur
997 3402 1054 3440 esee
1070 3384 1327 3466 nupserisexpressa,
1346 3401 1405 3438 eam
1425 3401 1460 3465 ue

222 3451 733 3591 emensumque
777 3471 824 3574 n
856 3454 1381 3595 nunnamenster,

224 3598 289 3644 tum.
324 3589 450 3644 Cetemm
475 3588 545 3661 quod
562 3589 589 3641 in
607 3587 677 3670 Flor.
702 3589 823 3710 §Heium
858 3591 887 3659 (i.
905 3608 928 3644 e.
945 3591 1058 3646 trecenis
1079 3589 1239 3661 nonagenis,
1263 3589 1376 3644 decenis
1392 3589 1459 3670 ruri)

224 3661 262 3713 od
277 3676 332 3711 non
349 3666 484 3729 repertum
497 3658 684 3726 emenadrtur,
730 3659 824 3712 rehen-
858 3659 953 3714 omissa
978 3659 1190 3730 interpunctione
1221 3675 1282 3711 cum
1307 3673 1405 3712 xcecc
1432 3677 1460 3712 m

224 3726 345 3781 bor-chius
368 3728 402 3781 ad
425 3726 483 3780 Lis.
507 3742 548 3794 vr,
573 3732 605 3780 ta
629 3731 653 3794 s.
674 3733 705 3781 10
731 3727 824 3799 cupide
857 3746 937 3782 unam
954 3745 1080 3782 summam
1097 3727 1324 3793 contraherentur,
1342 3728 1369 3780 in
1387 3727 1460 3782 dete-

223 3795 359 3865 amplexus
376 3803 417 3849 est
434 3805 465 3850 ut
507 3813 569 3865 rope
585 3798 689 3866 samem
710 3797 737 3850 h.
754 3796 772 3849 l.
790 3797 824 3850 ab
857 3796 971 3852 rioribus
988 3795 1062 3851 libris
1079 3796 1171 3850 extitit
1188 3809 1245 3848 cco
1263 3805 1287 3849 et
1302 3809 1378 3850 cccc
1397 3797 1459 3862 ofni,

223 3873 332 3918 auctore
349 3864 475 3935 scriptum
484 3815 600 3918 doceret.
623 3858 676 3918 Sed
684 3881 734 3919 neo
742 3865 823 3919 Snak.
858 3875 925 3920 nota
940 3879 961 3918 x
979 3873 1133 3920 transeunte
1149 3864 1177 3918 in
1198 3863 1411 3918 coniunctionem
1428 3873 1460 3916 et.

223 3949 273 3986 neo
289 3949 340 4004 ego
358 3933 386 3986 in
403 3933 496 3987 ueteris
513 3931 590 3988 bonis
613 3931 685 3987 libris
702 3932 768 3987 illud
785 3933 824 3987 in-
858 3938 891 3989 In
908 3933 987 3988 Bern.
1005 3934 1032 3987 A
1048 3933 1201 3988 exciderant
1217 3934 1298 3987 verba
1320 3936 1461 4003 arreptor-ue

223 4000 340 4054 venimus
371 4017 456 4073 neque
485 4009 576 4072 potest
605 4000 688 4056 altere
720 4001 824 4055 dicendi
859 4005 986 4073 angulus,
1004 4005 1088 4056 mellis
1106 4001 1224 4056 desudes
1259 4009 1351 4072 ropter
1361 4001 1461 4072 repeti·

223 4069 293 4123 ratio
314 4087 399 4139 prope
425 4074 463 4123 ad
483 4069 568 4124 minus
584 4069 690 4140 elegans
707 4070 825 4124 iudicari.
858 4079 917 4125 tum
934 4072 1043 4125 verbnm
1053 4073 1176 4126 denariis.
1266 4077 1355 4124 tamen
1372 4069 1461 4123 omnia

225 4137 268 4192 Cf.
285 4136 331 4190 lib.
348 4152 379 4205 x,
397 4143 440 4204 20,
461 4143 490 4192 12
515 4140 617 4206 iamque
628 4156 714 4208 prope
731 4143 769 4193 ud
785 4156 825 4193 ae·
859 4139 1075 4194 iamavetenbus
1092 4137 1239 4193 editoribus
1256 4138 1461 4192 momordisse

225 4207 347 4260 ditionem
360 4217 542 4276 peruenerunt.
860 4217 930 4262 sunt.

259 4280 283 4342 s.
302 4281 343 4329 2³.
371 4292 402 4327 ex
415 4291 549 4328 saumae
600 4292 663 4328 eaeo.
689 4273 826 4331 Feminiuo
894 4281 919 4346 s.
937 4284 979 4332 24.
1015 4277 1089 4329 Siros
1115 4277 1251 4344 vorabunt]
1280 4276 1361 4344 Syros
1386 4273 1460 4327 Leid.

225 4359 322 4415 genere
338 4343 425 4396 utitur
441 4344 522 4397 etiam
538 4343 639 4398 P'nius
660 4351 747 4398 natur.
766 4343 825 4398 hist
859 4349 936 4401 Voss.
956 4353 968 4399 1
996 4345 1076 4399 Bern.
1095 4344 1144 4398 AB
1152 4361 1166 4411 ,'
1186 4343 1233 4397 sed
1250 4343 1331 4398 Bern.
1351 4343 1375 4396 B
1402 4359 1462 4397 cum

225 4412 343 4485 pluribus
369 4409 443 4466 loeis.
496 4411 582 4467 Codd.
608 4411 693 4467 nostri
722 4413 826 4468 variam
859 4414 968 4469 Flos-,H
987 4415 1068 4483 Syros
1085 4430 1117 4466 aa
1134 4413 1269 4479 vomunt,
1287 4412 1350 4466 item
1359 4410 1462 4466 Pionss

225 4485 340 4552 strumo,
358 4482 459 4551 amna,
477 4483 581 4551 neom,
600 4485 687 4550 atero,
710 4484 825 4550 είιαηία,
861 4485 953 4552 Syrios
971 4499 1002 4536 ne
1017 4483 1151 4550 vocabant,
1169 4481 1240 4553 quod
1257 4497 1311 4552 quo
1328 4480 1462 4552 portum
