3254 5292
508 388 557 438 na
585 387 711 440 essars
737 387 846 439 Anax.
879 389 928 457 rv,
956 385 999 437 so.
1301 371 1371 441 141

133 580 250 662 crant,
286 569 455 643 adiuncto
480 571 591 644 milite
617 569 781 644 meroede
807 568 994 643 conducto.
1048 569 1204 644 Thracas
1232 595 1373 669 quoque

80 705 113 753 aa
133 683 239 758 simul
265 682 445 756 obiecerat
469 684 596 756 leviter
622 694 788 756 armatos.
831 681 1006 779 Adeoque
1032 682 1143 754 aciem
1160 683 1374 756 versabilem

134 796 271 894 posuit,
301 802 359 886 ut,
395 795 456 891 qui
483 794 597 866 ultimi
624 795 784 883 stabant,
810 817 857 865 ne
884 794 1167 883 circumirentur,
1202 793 1295 865 verti
1321 803 1373 866 ta·

133 932 235 999 men,
263 916 300 981 et
324 904 362 976 in
387 905 543 978 frontem
569 907 760 1002 circumagi
786 914 944 1003 possent
997 902 1123 1000 ltaque
1147 930 1221 977 non
1247 905 1372 1001 prima,

135 1019 243 1116 quam
268 1023 392 1109 latera,
419 1044 493 1092 non
518 1003 633 1090 latera
657 1016 851 1089 munitiora
875 1018 985 1105 fuere,
1011 1039 1120 1112 quam
1146 1023 1256 1113 terga

80 1149 115 1198 aa
236 1130 380 1204 His-ita
405 1128 589 1218 ordinatis,
616 1129 798 1227 praecipit,
825 1135 884 1215 ut,
909 1127 939 1197 si
964 1125 1113 1198 falcatos
1141 1149 1265 1196 currus
1293 1127 1423 1197 cum5l

135 1241 278 1314 fremitu
304 1241 447 1316 barbari
474 1239 693 1330 emitterent,
725 1239 793 1335 ipsi
825 1238 956 1311 laxatis
988 1235 1174 1310 ordinibus
1200 1236 1374 1333 impetum

140 1352 396 1426 incurrentium
432 1351 572 1424 silentio
611 1351 835 1447 exciperent,
867 1348 966 1421 haud
997 1347 1126 1420 dubius
1165 1346 1241 1419 sine
1276 1370 1375 1418 noxa

136 1473 419 1552 transcursuros,
452 1462 483 1534 si
512 1459 619 1534 nemo
652 1486 691 1533 se
723 1468 935 1557 opponeret:
971 1460 1027 1532 sin
1059 1468 1180 1531 autem
1206 1456 1282 1530 sine
1307 1457 1374 1528 fre·

136 1571 226 1643 mitu
255 1573 499 1660 immisissent,
538 1595 599 1644 eos
637 1571 705 1668 ipsi
737 1571 892 1642 clamore
925 1579 1117 1658 terrerent,
1152 1567 1375 1666 pavidosque

82 1700 117 1748 34
136 1706 246 1779 equos
279 1686 360 1757 telis
396 1683 573 1779 utrimque
600 1679 830 1754 suffoderent.
884 1678 953 1769 Qui
980 1680 1146 1754 cornibus
1173 1688 1374 1776 praeerant,

136 1793 331 1868 extendere
363 1819 407 1868 ea
437 1795 540 1882 iussi,
571 1793 623 1864 ita
648 1802 690 1864 ut
715 1817 781 1864 nee
814 1793 1170 1880 circumvenirentur,
1205 1791 1235 1862 si
1262 1789 1374 1862 artius

84 1919 118 1968 ³⁵
137 1912 288 1996 starent,
320 1931 388 1979 nec
422 1916 543 1978 tamen
574 1904 736 1976 ultimam
770 1903 883 1975 aciem
921 1903 1155 1975 exmanirent.
1221 1898 1373 1997 Impedi-

135 2025 256 2087 menta
282 2042 364 2089 cum
391 2015 559 2112 captivis,
593 2015 687 2086 inter
723 2037 812 2110 quos
838 2023 954 2085 mater
978 2013 1151 2109 liberique
1177 2007 1287 2082 Darei
1314 2036 1371 2082 cu·

137 2124 399 2216 stodiebantur,
440 2124 538 2197 haud
573 2125 700 2221 procul
734 2124 808 2197 acie
846 2124 883 2196 in
918 2123 1014 2196 edito
1050 2121 1140 2195 colle
1178 2121 1373 2210 constituit,

136 2235 276 2308 modico
307 2235 485 2335 praesidio
517 2237 651 2309 relicto.
708 2233 869 2308 Laevum
896 2259 1021 2324 cornu,
1048 2233 1140 2306 sicut
1166 2233 1264 2324 aliae,
1290 2230 1375 2304 Par·

136 2347 291 2418 menioni
316 2347 491 2420 tuendum
518 2344 659 2419 datum:
687 2347 828 2443 ipsein
854 2345 984 2418 dextro
1011 2345 1141 2418 stabat.

83 2475 116 2522 ³6
238 2455 407 2531 Nondum
433 2457 481 2530 ad
505 2458 638 2530 iactum
664 2457 727 2532 teli
751 2466 1000 2555 pervenerant,
1018 2480 1100 2528 cum
1112 2453 1203 2527 Bion
1231 2453 1375 2551 quidam

136 2569 332 2666 transfuga,
359 2579 493 2666 quanto
519 2570 676 2641 maximo
704 2593 810 2642 cursu
835 2576 1011 2665 potuerat,
1032 2566 1079 2639 ad
1103 2591 1226 2664 regem
1250 2588 1374 2662 perve-

135 2677 205 2748 nit:
232 2681 411 2771 uuntians,
437 2679 588 2751 murices
615 2678 749 2751 ferreos
776 2681 813 2750 in
839 2689 973 2751 terram
1000 2675 1178 2749 defodisse
1204 2673 1373 2765 Dareum,

136 2812 207 2884 qua
239 2792 380 2862 hostem
412 2791 549 2888 equites
576 2791 788 2863 emissurum
815 2813 894 2862 esse
921 2786 1105 2875 credebat,
1137 2795 1373 2880 notatumque

82 2917 116 2966 8⁷
137 2909 234 2972 certo
267 2901 369 2998 signo
403 2903 537 2990 locum,
571 2911 614 2974 ut
639 2902 736 2973 fraus
764 2900 890 2972 evitari
917 2898 1037 2971 a'suis
1064 2906 1197 2994 posset.
1248 2894 1374 2967 Asser-

135 3009 214 3080 vari
250 3011 436 3109 transfuga
469 3011 584 3102 iusso,
625 3010 733 3084 duces
771 3018 966 3084 convocat:
1008 3007 1243 3104 expositoque
1278 3001 1376 3100 quod

136 3120 339 3192 nuntiatum
365 3134 452 3213 erat,
479 3131 619 3212 monet,
646 3133 688 3194 ut
712 3123 894 3220 regionem
920 3127 1158 3190 monstratam
1184 3113 1372 3205 declinent,

137 3231 360 3330 equitemque
387 3233 584 3330 perieulum
610 3232 793 3306 edoceant.

169 3448 192 3513 §.
210 3454 252 3502 33.
282 3450 366 3502 aciem
383 3450 535 3502 vasantem
553 3467 642 3503 omnes
660 3450 735 3503 codd.
770 3449 842 3502 Nam
858 3448 928 3519 quod
945 3446 1049 3500 Modius
1067 3453 1160 3498 contra
1176 3442 1294 3498 codicum
1310 3441 1373 3496 scri·

134 3515 217 3567 nostri
253 3525 341 3569 raeter
350 3515 459 3570 Plan-H
476 3525 504 3569 et
520 3518 644 3584 Bern.B,
680 3533 736 3570 rae-
770 3526 878 3587 pturam
898 3515 988 3582 affert,
1015 3515 1043 3568 in
1067 3513 1151 3567 Darei
1172 3511 1290 3566 oratione
1317 3527 1374 3564 esse

135 3591 210 3636 terea
264 3584 301 3638 id.
317 3585 426 3638 Voss.1
452 3594 480 3638 et
496 3586 608 3641 Modius.
674 3586 737 3656 ulgo
772 3587 863 3638 videtis
890 3585 995 3637 ordines
1022 3600 1114 3650 raros,
1139 3599 1238 3634 cornua
1261 3589 1373 3646 extenta,

135 3653 291 3703 vasatiiem.
318 3653 408 3705 Etiam
424 3667 454 3721 V,
472 3661 515 3721 35,
535 3661 566 3706 15
586 3671 663 3723 quom
680 3671 737 3707 ver-
770 3655 883 3706 mediam
905 3655 987 3704 eciem
1008 3669 1103 3704 vanam
1121 3659 1145 3702 et
1162 3651 1329 3713 exhaustum,
1347 3647 1375 3700 id

135 3717 401 3788 sahilirsortunasit,
416 3725 593 3776 documentum
606 3725 736 3791 mserum.
771 3721 793 3774 si
810 3729 883 3774 reete
900 3718 1046 3773 consideres
1068 3717 1092 3770 si
1114 3735 1167 3780 non
1185 3717 1269 3770 obest.
1303 3715 1375 3768 Nam

173 3782 292 3865 031351,
310 3790 333 3864 ᾗ
351 3796 391 3842 33.
411 3791 532 3858 impetum
549 3792 737 3843 incurrentium
771 3789 923 3842 Alexander
946 3788 979 3839 de
996 3795 1110 3856 utroque
1128 3803 1210 3838 cornu
1228 3800 1288 3836 cum
1304 3783 1375 3836 dice-

135 3868 227 3932 omnes
257 3853 318 3907 hbrr
342 3856 403 3910 mati
427 3867 454 3910 ct
475 3857 551 3911 Mod.
567 3857 662 3925 editio,
685 3859 737 3912 ele·
771 3865 822 3924 ret,
840 3857 983 3927 praefectos
997 3871 1088 3908 curare
1100 3852 1177 3906 iussit
1190 3869 1224 3904 ne
1236 3850 1375 3921 utriusque

133 3929 241 3991 gantrus
258 3921 338 3976 etiam
358 3942 438 3994 quam
454 3927 526 3996 quod
543 3925 631 3979 editur
647 3944 750 3994 occor-x
772 3942 865 3980 cornus
887 3932 1020 3977 extremae
1041 3929 1144 3993 partes,
1171 3936 1238 3990 quae
1259 3919 1374 3972 medium

134 3991 254 4042 rentium.
289 3990 356 4044 Mox
396 3997 509 4064 reaccepit
532 3994 603 4047 Flor.
621 3993 737 4050 DEFGI
771 3993 855 4048 totius
873 3991 938 4046 aciei
955 3992 1079 4057 efficiunt,
1098 3989 1304 4043 exinanirentur.

135 4057 212 4112 voss.
231 4065 245 4112 2
264 4059 340 4112 etM
377 4101 384 4114 .
806 4065 831 4128 5.
848 4067 890 4116 35.
925 4062 1104 4130 taudprocul
1121 4059 1189 4128 acie]
1213 4056 1285 4111 Olim
1302 4056 1375 4126 lege-

170 4129 192 4193 5.
210 4133 252 4194 33Ι
278 4145 326 4180 nec
343 4139 429 4182 tomen
446 4134 564 4186 nltimam
582 4134 665 4185 aciem
682 4134 736 4184 eri·
771 4131 851 4186 batur
877 4131 910 4182 ab
937 4131 1000 4182 oric.
1040 4127 1146 4181 Modius
1173 4124 1301 4191 correxit,
1328 4125 1375 4178 aad

135 4195 270 4272 munirent]
320 4197 444 4251 [nltimam
473 4199 501 4253 in
523 4200 599 4254 oodd.
617 4199 737 4253 omnibus
771 4216 910 4270 operarum
942 4213 1031 4251 errore
1065 4197 1147 4249 aciem
1173 4193 1265 4246 edidit.
1309 4194 1375 4246 Acie

133 4258 232 4342 legitur
240 4273 268 4315 et
276 4264 336 4316 edd.
347 4265 514 4337 principibus.
531 4269 616 4322 Aldus
625 4268 738 4339 primum
771 4285 863 4321 verum
880 4274 923 4320 est
939 4274 968 4319 et
985 4265 1021 4320 sic
1038 4264 1105 4320 solet
1124 4262 1245 4330 Curtius,
1263 4259 1323 4314 vide
1340 4261 1375 4314 ad

134 4333 246 4407 meritam
268 4333 400 4401 correxit,
425 4337 496 4405 quod
518 4336 599 4390 ceteri
622 4337 737 4390 editores
771 4351 817 4404 1v,
835 4342 884 4403 25,
902 4343 927 4390 3.

134 4404 310 4476 retinuerunt,
328 4419 383 4455 nou
399 4403 495 4457 facturi
512 4404 622 4458 forsitan
635 4405 736 4458 sivoc-is
806 4408 829 4472 §-
849 4412 891 4459 36.
927 4407 965 4458 ad
984 4405 1081 4457 iactum
1107 4405 1161 4471 tels]
1197 4401 1257 4456 Hoc
1282 4400 1375 4454 ordine

134 4471 318 4522 auctoritatem
341 4469 441 4524 nullam
467 4489 523 4526 esse
544 4473 736 4545 cognovissent.
770 4473 855 4528 nostri
872 4489 962 4527 omnes
983 4491 1037 4528 uno
1058 4480 1169 4542 excepto
1191 4470 1262 4524 Flor.
1280 4469 1318 4538 B,
1345 4475 1374 4522 et
