3270 5290
225 334 299 406 190
684 351 736 429 o.
764 295 887 404 euarii
912 353 998 404 auri

220 536 366 633 ancipiti
400 534 495 606 malo
527 535 706 631 oppressi,
737 535 968 610 memorabile
993 545 1115 609 tamen
1140 536 1316 634 proelium
1343 535 1466 612 edunt.

220 645 271 719 Ut
297 645 435 743 opinor,
459 644 641 742 ignaviam
667 671 809 742 quoque
841 647 1035 722 necessitas
1061 648 1175 738 acuit,
1208 658 1245 722 et
1271 671 1380 746 saepe
1406 647 1465 722 de·

220 757 377 855 speratio
404 757 481 854 spei
507 781 616 830 causa
643 766 708 830 est.
753 754 850 830 Nudi
876 758 1206 856 complectebantur
1230 769 1401 850 armatos,
1428 769 1466 833 et
1484 777 1521 826 aa

219 868 356 966 ingenti
383 893 575 966 corporum
600 868 695 942 mole
722 893 844 941 seeum
870 867 918 942 ad
943 879 1077 944 terram
1103 869 1344 961 detrahentes,
1371 871 1465 969 ipso·

218 1006 300 1056 nmi
341 980 421 1054 telis
464 979 655 1076 plerosque
692 978 886 1053 fodiebant.
944 979 1207 1055 Ariobarzanes
1239 989 1379 1070 tumen,
1412 1003 1464 1054 xi.
1481 1000 1520 1049 aa

219 1093 331 1166 ferme
366 1090 544 1187 equitibus
577 1100 613 1162 et
646 1089 802 1186 quinque
834 1091 977 1164 milibus
1002 1092 1164 1190 peditum
1190 1093 1362 1190 stipatus,
1397 1117 1463 1190 per

218 1201 374 1276 mediam
405 1201 518 1273 aciem
549 1197 788 1274 Macedonum
822 1225 905 1274 cum
939 1203 1052 1274 multo
1085 1227 1233 1275 suorum
1263 1213 1373 1300 atque
1399 1203 1462 1278 ho·

218 1315 327 1388 stium
353 1311 526 1409 sanguine
558 1311 692 1408 erupit,
724 1310 945 1408 Persepolim
976 1313 1118 1404 urbem,
1153 1325 1263 1414 eaput
1296 1314 1463 1414 regionis,

217 1447 393 1522 occupare
419 1421 602 1496 festinans.
656 1419 729 1495 Sed
755 1447 777 1494 a
802 1421 1011 1496 custodibus
1043 1425 1141 1498 urbis
1169 1426 1352 1514 exclusus,
1380 1450 1462 1498 con·
1480 1446 1518 1493 aa

217 1536 349 1608 secutis
376 1543 521 1609 strenue
547 1532 727 1622 hostibus,
759 1557 842 1606 oum
868 1533 1034 1606 omnibus
1059 1535 1166 1632 fugae
1192 1536 1382 1610 comitibus
1408 1561 1462 1610 re·

215 1656 352 1719 novato
385 1644 521 1743 proelio
563 1643 700 1718 cecidit.
762 1641 932 1718 Craterus
965 1670 1122 1742 quoque,
1135 1639 1139 1646 ’
1154 1647 1286 1745 raptim
1321 1647 1464 1746 agmine

216 1768 309 1847 actu,
337 1755 555 1853 supervenit
1341 1823 1348 1832 .

168 1869 213 1939 17
319 1867 400 1942 Rex
426 1865 555 1939 eodem
581 1866 676 1954 loco,
703 1891 775 1962 quo
808 1866 968 1938 hostimn
1000 1866 1120 1964 copias
1146 1866 1306 1958 fuderat,
1342 1876 1462 1942 castre
1481 1885 1513 1936 v.

215 1978 421 2054 communit.
475 1974 700 2073 Quamquam
735 1976 831 2050 enim
861 1975 1019 2073 undique
1053 1977 1167 2074 fugati
1198 1979 1322 2050 hostes
1348 1978 1460 2052 victo·

215 2091 306 2162 riam
341 2098 608 2178 concesserant,
645 2098 766 2162 tamen
801 2089 983 2185 praealtae
1016 2089 1299 2187 praecipitesque
1332 2091 1462 2181 fossae,

214 2200 375 2297 pluribus
401 2201 489 2272 locis
515 2198 687 2288 obiectae,
714 2198 933 2297 abruperant
957 2197 1035 2288 iter,
1063 2201 1265 2296 sensimque
1291 2209 1329 2273 et
1355 2209 1460 2272 caute

216 2309 523 2408 progrediundum
550 2319 639 2398 erat,
664 2309 737 2381 iam
761 2334 834 2380 non
859 2310 1028 2398 hostium,
1056 2308 1122 2384 sed
1147 2310 1308 2384 locorum
1333 2309 1461 2384 fraude

218 2430 394 2517 suspecta.
446 2418 660 2494 Procedenti
692 2419 724 2491 ei
750 2419 891 2492 litterae
925 2418 1125 2494 redduntur
1151 2447 1173 2493 a
1199 2419 1375 2512 Tiridate,
1402 2441 1496 2494 cua

218 2529 321 2604 stode
347 2531 518 2628 pecuniae
544 2530 679 2628 regiae,
711 2529 924 2621 indicantes,
958 2555 1035 2621 eos,
1062 2531 1184 2626 quiin
1211 2531 1301 2604 urbe
1327 2542 1459 2622 essent,

217 2641 340 2716 audito
379 2642 455 2715 eius
492 2639 671 2730 adventu,
715 2638 868 2737 diripere
909 2641 1003 2714 velle
1043 2641 1232 2714 thesauros
1277 2639 1459 2716 dimissos:

215 2883 330 2947 utroque
352 2877 422 2948 apud
446 2873 685 2945 Smhenburginiu.
720 2874 821 2955 Vulgo·
890 2874 1005 2942 diripere
1015 2877 1077 2929 uelle
1086 2878 1221 2930 eieramus
1231 2877 1368 2929 diruisset:
1379 2893 1459 2946 prop.

214 2952 274 3000 tum
296 2963 357 3015 cryc
383 2946 496 3024 undique
513 2943 542 2997 iii
559 2943 639 2996 Bern.
656 2944 683 2996 A
700 2950 729 2998 et
745 2941 821 2997 Leid.
855 2945 992 3012 ocuipure]
1010 2942 1120 3014 Duplex
1134 2952 1175 2996 est
1183 2943 1301 2998 codicum
1317 2943 1460 3014 scriptura:

215 3013 351 3068 inventum
369 3022 424 3080 est,
442 3031 464 3066 si
481 3013 546 3065 fides
564 3011 708 3065 silentibus.
777 3027 782 3036 ·
854 3009 1055 3082 unaenimpars
1063 3012 1127 3066 alias
1142 3012 1272 3082 integrior
1285 3011 1460 3078 (Leidvoss.

249 3085 272 3151 ξ.
290 3090 332 3137 33.
359 3081 412 3136 XL
423 3082 512 3150 ferrae
530 3081 678 3200 equitibus}l
695 3079 726 3132 Χ
731 3081 820 3148 seriae
856 3087 868 3132 1
889 3079 1004 3133 BernA
1021 3078 1190 3146 siosasc)
1209 3091 1238 3134 et
1254 3081 1315 3134 edd.
1332 3079 1460 3150 antiquae

214 3153 292 3219 equit.
326 3150 408 3203 Ber-n.
433 3150 457 3202 B
481 3148 552 3201 Flor.
576 3147 651 3202 DEF

216 3219 290 3286 quod
306 3217 433 3271 volebant
458 3215 568 3268 intelli'
596 3219 682 3273 decem
704 3217 820 3282 milibus,
855 3227 894 3268 ret
926 3235 1053 3285 occupare
1083 3220 1224 3271 thesauros
1250 3219 1381 3271 dimissos.
1425 3216 1459 3271 In

215 3293 246 3338 ut
262 3285 343 3338 etiam
360 3284 388 3338 iii
405 3285 477 3337 Flor.
496 3283 522 3336 G
560 3283 591 3336 'L
610 3300 670 3334 cum
688 3291 753 3337 nota
769 3301 819 3336 nu·
854 3283 949 3354 quibus
972 3285 1059 3339 verbis
1077 3289 1212 3340 metaurus
1231 3303 1259 3338 re
1295 3285 1360 3338 titos
1378 3301 1457 3340 nemo

214 3351 280 3406 meri
297 3351 436 3405 millenarii
454 3359 586 3405 exaratur.
621 3350 739 3414 Frustra,
757 3369 819 3404 nain
852 3351 953 3419 tulerit,
980 3352 1071 3423 itaque
1089 3352 1194 3408 Modius
1211 3363 1240 3408 et
1309 3353 1376 3406 insli.
1394 3356 1459 3408 ibes.

214 3418 387 3474 Ariobarzani
410 3418 488 3472 initio
506 3435 611 3488 pugnae
628 3417 819 3474 suisseDiodo-
853 3423 976 3474 ‹limiaeos
994 3421 1171 3488 sustulerunt,
1199 3439 1282 3493 eaque
1304 3422 1376 3492 vulg.
1395 3422 1458 3476 seri·

213 3506 258 3542 rus
284 3487 539 3568 tradittreoentos,
565 3485 693 3540 Arrianus
720 3486 818 3556 septin-
852 3497 933 3568 ptura
956 3489 1029 3568 facta
1050 3499 1092 3543 est
1118 3509 1198 3570 quain
1223 3507 1274 3561 ego
1296 3507 1404 3612 quoque
1429 3490 1458 3546 in

213 3565 310 3626 gentos
328 3563 429 3626 equites
447 3571 590 3608 umversos.
851 3573 941 3627 priore
958 3558 1022 3610 edit.
1040 3575 1148 3612 servavi.
1180 3562 1278 3613 Verum
1296 3567 1380 3613 atera

249 3623 442 3694 Cap.1l,§.l.
461 3623 707 3691 castrucommuait]
726 3621 818 3693 Vulgo
852 3623 970 3679 codicum
996 3625 1053 3680 Pal.
1074 3634 1086 3679 l
1115 3630 1191 3682 Voss.
1210 3635 1224 3680 2
1243 3628 1324 3681 Bern.
1342 3627 1366 3680 B
1385 3627 1457 3681 hlor.

233 3700 357 3763 ostquam
373 3690 463 3746 Iunius
480 3708 515 3746 ex
532 3691 589 3746 cod.
619 3690 685 3744 uelis
697 3689 817 3746 estFlor.
850 3693 968 3747 DEFHI
985 3694 1095 3748 exhibet
1112 3697 1226 3765 diripere
1243 3699 1306 3750 velle
1321 3699 1457 3750 messuros

212 3709 294 3814 heic
311 3761 394 3828 dedit,
413 3761 585 3816 communivit.
660 3759 714 3830 'qui
727 3769 817 3813 tamen
852 3764 982 3827 dimissos,
1000 3763 1065 3816 nihil
1082 3772 1219 3834 practerea
1236 3773 1265 3818 et
1282 3763 1382 3817 omissis
1397 3781 1457 3817 ver·

212 3845 303 3884 omnes
321 3832 466 3910 curamonta
634 3897 640 3910 .
850 3831 891 3883 bis
902 3841 1063 3912 properaret·
1078 3850 1212 3912 occupare:
1244 3831 1321 3912 Urius
1338 3829 1457 3912 FlouG

211 3896 818 4046 Flgufieigppiabiqqmsqdigniqquq
850 3903 1456 4048 titiqtiffllt‘ttttfflltttit:
1468 4015 1470 4021 .

211 4051 300 4088 manu.
345 4035 420 4087 Idem
455 4053 483 4087 in
514 4033 709 4104 snakenburgii
743 4031 816 4086 libris
850 4046 923 4089 roret
949 4054 1084 4105 occupare.
1129 4037 1204 4102 Quae
1236 4055 1297 4091 cuni
1325 4036 1365 4090 ita
1392 4046 1456 4103 siut,

210 4101 360 4156 melioribus
368 4102 448 4155 fuisse
461 4109 539 4173 puto,
555 4102 681 4173 quoniam
689 4099 717 4153 in
725 4100 818 4154 variet
852 4103 936 4158 oiiinis
962 4104 1024 4158 olim
1050 4103 1169 4159 confusio
1185 4104 1250 4160 mihi
1268 4103 1375 4186 quidem
1392 4113 1456 4158 nata

211 4170 332 4224 lectionis
342 4170 459 4224 iussin
472 4169 622 4224 universum
635 4169 709 4222 citat.
727 4168 818 4238 Vulgo
851 4171 958 4225 videtur
974 4173 1113 4227 omissione
1131 4174 1206 4227 verbi
1223 4173 1359 4242 dimissos,
1384 4173 1456 4244 quod

205 4240 431 4309 proqredieadum
449 4249 513 4292 erat
591 4263 597 4270 ·
850 4257 910 4294 cum
928 4241 955 4293 in
972 4241 1029 4294 aliis
1047 4241 1099 4294 alio
1117 4241 1175 4296 loco
1193 4243 1338 4295 adderetur
1355 4241 1456 4312 duplex

247 4311 270 4376 5.
288 4313 313 4360 2.
350 4309 454 4360 custode
465 4308 611 4376 percuaiue
635 4310 735 4381 rapine]
772 4307 817 4362 sic
850 4308 979 4379 scriptura
1005 4309 1104 4364 extitit.
1140 4309 1305 4364 conciliandi
1322 4311 1455 4364 rationem

212 4393 304 4430 omues
331 4374 418 4428 nostri
443 4375 520 4428 codd.
544 4383 572 4428 et
598 4375 672 4430 Leid.
697 4377 775 4432 Voss.
801 4385 812 4430 1
849 4393 908 4430 eam
926 4395 1004 4447 quain
1022 4377 1093 4432 Flor.
1112 4377 1138 4431 G
1155 4378 1214 4432 iniit
1231 4378 1310 4449 paulo
1329 4377 1455 4432 artificio·

212 4461 274 4500 cum
290 4443 366 4498 Mod.
384 4461 434 4516 pro
452 4443 524 4514 vulg.
542 4445 631 4514 seylae
642 4448 781 4515 pecuniae.
848 4446 945 4500 siorein
970 4445 1100 4502 eahtimo.
1136 4445 1208 4500 Satis
1231 4447 1337 4500 videtur
1353 4455 1455 4500 utram-

681 3147 694 3200 1
718 3147 775 3201 Pal.
796 3156 820 3215 1,
855 3149 937 3202 habet
954 3149 1069 3217 diripere
1087 3151 1149 3202 uelle
1163 3151 1315 3214 thesaurum
1327 3167 1459 3218 propera-
