3214 5288
511 397 929 466 promuntunum,
966 397 991 444 a.
1318 381 1363 452 19

89 583 270 660 aluisset:
295 591 383 654 tunc
410 581 543 679 paucis,
570 583 631 679 qui
656 583 804 656 callibus
829 580 1086 680 praesiderent,
1112 582 1254 672 relictis,
1267 593 1365 656 retro

121 695 199 792 ipse
241 691 432 782 concessit,
472 693 670 790 populator
706 703 842 783 tense,
880 715 988 791 quam
1022 717 1045 766 a
1076 693 1365 790 populationibus

121 803 306 878 vindicare
333 801 499 876 debebat.
538 801 635 902 Ergo
662 805 723 902 qui
747 803 862 878 relicti
888 813 1002 894 erant,
1031 801 1194 901 proditos
1221 805 1365 894 serati,

122 940 171 988 ne
197 921 429 1011 conspectum
455 913 599 1010 quidem
623 915 738 989 hostis
765 913 941 990 aminare
965 915 1173 1004 valucnmt,
1199 939 1282 987 oum
1308 916 1366 988 vel

123 1027 311 1124 pauciores
336 1026 455 1099 locum
481 1026 644 1100 obtinere
669 1026 880 1124 potuissent.

84 1167 104 1216 a
227 1133 391 1232 Namque
416 1147 593 1235 perpetuo
617 1137 701 1235 iugo
727 1138 860 1211 montis
891 1135 1010 1234 asperi
1034 1160 1077 1210 ac
1101 1137 1286 1234 praerupti
1312 1133 1417 1210 (li-10

122 1247 207 1322 licia
230 1245 439 1336 includitur3
468 1245 566 1344 quod
591 1271 674 1321 oum
699 1271 722 1320 a
746 1247 837 1320 mari
862 1255 1037 1346 assurgat,
1056 1247 1158 1321 velut
1176 1247 1256 1320 sinu
1282 1271 1366 1345 quo

123 1357 210 1432 dam
243 1357 412 1454 flexuque
444 1368 649 1450 curvatum,
683 1383 810 1432 nrrsirs
842 1359 957 1432 altero
983 1383 1095 1432 cornu
1120 1358 1158 1430 in
1184 1357 1367 1432 diversum

83 1471 209 1543 slitus
235 1469 403 1542 excurrit
442 1466 514 1542 Per
538 1469 607 1543 boc
633 1468 791 1561 dorsum,
810 1493 882 1566 qua
906 1469 1063 1544 maxime
1088 1470 1265 1542 introrsus
1277 1470 1367 1541 mari

123 1581 236 1670 cedit,
270 1580 389 1678 asperi
418 1589 493 1654 tres
528 1578 647 1653 aditus
682 1589 720 1653 et
745 1581 954 1678 perangusti
979 1590 1081 1671 sunt,
1116 1605 1269 1678 quorum
1294 1605 1367 1654 uno

84 1690 247 1774 sCilicia
270 1689 440 1764 intranda
465 1699 529 1764 est
571 1689 789 1789 Campestris
815 1690 952 1782 eadem,
966 1717 1038 1789 qua
1062 1691 1182 1788 vergit
1196 1689 1244 1764 ad
1257 1715 1366 1782 mare,

9 1883 14 1896 ,
122 1803 308 1900 planitiem
336 1802 418 1884 ¹eius
460 1801 594 1876 crebris
635 1801 936 1901 distinguentibus
970 1803 1072 1876 rivis:
1118 1801 1295 1900 Pyramus
1330 1811 1368 1875 et

124 1911 274 2013 Cydnus
300 1913 411 1985 incliti
437 1937 559 1988 amnes
584 1913 711 1987 fluunt.
765 1910 914 2012 Cydnus
939 1937 1014 1988 non
1039 1913 1156 2010 spatio
1182 1935 1366 2007 aquarum,

123 2023 190 2098 sed
221 2023 358 2120 liquore
389 2025 645 2116 memorabilis,
678 2025 809 2121 quippe
844 2023 916 2096 leni
940 2031 1061 2097 tractu
1087 2050 1107 2098 e
1133 2021 1292 2096 fontibus
1318 2023 1367 2094 la-

122 2136 226 2225 bens,
251 2158 343 2232 puro
370 2137 446 2209 solo
473 2134 659 2232 excipitru,
686 2157 754 2207 nec
777 2143 958 2208 torrentes
983 2135 1180 2223 incurnmt,
1208 2133 1268 2229 qui
1293 2133 1367 2230 pla·

84 2245 205 2323 acide
230 2246 409 2319 manantis
434 2247 577 2320 alveum
604 2244 767 2318 turbanti
793 2245 915 2342 itaque
940 2246 1178 2343 incorruptus,
1199 2240 1367 2339 idemque

121 2354 381 2453 frigidissimus,
409 2357 539 2456 quippe
565 2357 680 2428 multa
704 2355 863 2454 riparum
889 2356 1105 2430 amoenitate
1130 2354 1366 2446 inumbratur,

73 2466 266 2564 1oubique'
292 2467 450 2541 fontibus
483 2468 556 2541 suis
592 2467 714 2540 similis
745 2467 783 2539 in
808 2491 908 2542 mare
934 2465 1066 2542 evadit.
1118 2465 1234 2539 Multa
1259 2467 1297 2538 in
1324 2490 1367 2537 ea

119 2578 268 2676 regione
294 2588 537 2668 monumenta,
563 2579 711 2675 vulgata
737 2579 968 2670 carminibus,
994 2587 1158 2651 vetustas
1185 2575 1366 2651 exederat.

118 2687 419 2763 Monstrabantur
443 2689 586 2764 urbium
612 2688 727 2780 sedes,
747 2687 917 2788 Lyrnessi
943 2698 981 2765 et
1006 2685 1158 2780 Thebes,
1181 2687 1367 2786 Typhonis

119 2872 184 2910 sane
201 2873 272 2908 nuru
289 2854 317 2908 in
326 2854 429 2909 Florss
448 2855 527 2911 Bern.
540 2858 574 2923 A,
592 2857 638 2910 ssd
656 2873 728 2910 men·
802 2856 947 2910 Vulnerari
969 2872 1017 2925 pro
1039 2854 1111 2924 vulg.
1134 2856 1268 2906 voluerunt
1292 2853 1368 2907 codd.

119 2925 184 2978 dum
202 2939 259 2977 esse
277 2931 352 2994 puto,
372 2924 584 2995 quandoquidem
602 2925 635 2976 de
653 2941 727 2995 prae·
762 2923 846 2976 nostri
863 2924 897 2976 ad
914 2941 995 2975 uuum
1007 2938 1106 2987 omnes,
1123 2920 1188 2973 item
1198 2921 1368 2973 snakenbur-

118 2992 196 3046 teriti
204 2991 333 3062 temporis
342 2992 494 3046 condicione
508 2993 560 3047 diei
569 3011 622 3047 non
630 3000 728 3063 potest.
763 3009 799 3111 gp
827 2995 1027 3110 (praeterquam
1050 2989 1123 3057 quod
1139 2987 1167 3040 in
1184 2989 1261 3068 lloss.
1281 2995 1293 3040 1
1313 2997 1368 3065 tra-

155 3063 216 3128 §.b
269 3079 312 3112 um
330 3079 347 3113 a
361 3063 575 3141 populationibus
593 3063 728 3113 vindicare
782 3059 837 3111 'tur
854 3058 897 3128 egi
907 3059 1033 3123 valuere),
1051 3063 1133 3122 recte,
1152 3055 1278 3124 deditque
1287 3062 1368 3108 etiam

121 3077 375 3198 debebatiuvmiant
392 3147 420 3181 m
437 3129 487 3183 boc
503 3129 562 3183 loco
579 3129 728 3182 exhibendo
762 3125 877 3180 Modius.

120 3197 199 3250 oodd.
217 3197 308 3250 nostri.
348 3197 382 3251 In
398 3195 469 3251 Flor.
486 3197 510 3250 B
534 3196 635 3251 librarii
652 3196 729 3267 culpa
798 3193 942 3266 Capias.
954 3199 977 3247 t.
996 3191 1159 3246 mmamun'
1167 3192 1303 3260 ossuryat]
1314 3191 1367 3244 ris-

118 3272 197 3319 totus
215 3263 286 3318 locus
307 3281 324 3318 a
345 3265 559 3345 populationibus
585 3281 669 3336 usque
695 3264 729 3316 ad
763 3272 857 3344 turpat
870 3262 925 3316 sive
938 3265 1069 3332 adsurput
1083 3257 1243 3315 suasca
1252 3257 1368 3312 Benna

119 3343 285 3404 susspectus
303 3335 410 3386 erudit.
446 3333 617 3416 Reliquorum
635 3331 727 3388 duoC
763 3331 953 3385 lerd.Voss.u
1013 3327 1151 3383 uczceteri
1161 3325 1331 3398 manuscripti
1340 3335 1369 3381 et

117 3401 146 3455 H
164 3419 246 3472 quam
259 3401 475 3523 pssubrtiouibus
498 3403 633 3456 uindicare
655 3403 728 3454 debe·
763 3399 828 3454 editi
847 3405 964 3470 (praeter
1012 3399 1065 3462 od.)
1090 3407 1190 3468 serpat.
1226 3397 1280 3450 Sed
1297 3395 1369 3465 quod

118 3473 174 3538 but,
200 3484 269 3523 uuus
331 3487 348 3522 a
363 3471 577 3540 popubrtiouibus
596 3472 666 3524 vind.
684 3472 728 3522 cle-
763 3468 883 3538 sequitur
908 3467 979 3539 apud
1004 3465 1124 3522 Freinsb.
1152 3467 1230 3518 sebui
1261 3481 1310 3534 pro
1336 3481 1368 3517 eo

119 3541 204 3606 rebat,
222 3535 339 3591 nuri
356 3555 434 3608 quam
448 3541 662 3608 populationibus
673 3539 728 3590 tin·
764 3538 835 3607 quod
857 3545 898 3590 est
915 3539 982 3590 velut
1003 3534 1103 3588 nubam
1124 3551 1231 3605 prorsus
1254 3531 1369 3586 auctori·

119 3609 213 3660 dicare
231 3608 365 3673 debuerat,
388 3605 468 3659 Bern.
485 3623 503 3660 u
564 3623 597 3660 uo
615 3623 693 3676 quum
711 3623 728 3658 a
748 3611 848 3670 ,tatem
865 3605 954 3658 habet.

191 3677 208 3726 l.
226 3677 373 3741 vindicare,
392 3691 422 3728 ac
440 3675 534 3729 deiude
567 3692 622 3728 ern.
640 3675 667 3728 Δ
684 3677 728 3727 de·
798 3677 821 3742 ς.
841 3681 865 3726 7.
884 3671 1026 3741 introrsus]
1046 3669 1090 3724 Sic
1107 3686 1197 3724 omues
1214 3685 1285 3736 msa,
1303 3666 1368 3720 editi

120 3743 152 3794 be
187 3751 216 3794 nt
234 3757 251 3794 a
266 3759 306 3813 pr.
324 3759 405 3796 manu
423 3743 589 3812 (sicutVoss.
601 3745 628 3814 1)
646 3743 727 3796 Bern.
762 3748 869 3814 praeta
886 3741 960 3794 Mod.
979 3743 1130 3793 introrsum.

118 3811 145 3864 B
165 3811 280 3863 debebat.
315 3811 410 3882 Itaque
427 3827 470 3864 me
487 3819 515 3864 et
531 3810 635 3865 illorum
652 3811 727 3865 codd.
761 3829 763 3834 ’
798 3811 821 3878 §.
841 3815 881 3863 10.
917 3817 1030 3862 vetustas
1048 3807 1181 3878 exederat]
1222 3803 1263 3858 Cf.
1281 3817 1322 3883 ru,
1342 3809 1368 3871 8,

118 3887 148 3934 et
157 3877 235 3932 Laid.
246 3879 320 3933 Voss.
334 3877 478 3933 auctoritas
495 3889 526 3934 ut
544 3881 650 3934 debebat
666 3879 727 3932 ede·
761 3891 792 3946 v,
811 3883 827 3930 b
846 3878 916 3948 quod
934 3875 1010 3930 adel
1044 3875 1143 3928 antium
1169 3871 1238 3944 tropi
1261 3879 1367 3950 attinet.

116 3963 176 4002 rem
202 3947 357 4016 admonuit,
386 3947 432 4000 sed
457 3963 491 4001 ne
621 3947 728 4002 'uorem
796 3945 926 4014 Lymessi
938 3955 961 3999 et
979 3945 1033 3998 Tbe
1050 3943 1089 4014 es]
1110 3941 1217 3997 Curtius
1235 3957 1295 3993 cum
1313 3955 1369 3992 smc

116 4017 151 4070 ab
169 4015 337 4084 omitterem,
364 4015 443 4070 iidem
466 3963 571 4071 coddae
598 4018 631 4070 'd
649 4017 727 4071 Voss.
762 4013 843 4068 dubio
860 4013 1014 4069 Homericae
1031 4013 1109 4066 urbes
1130 4010 1277 4080 intelligat,
1305 4023 1368 4086 geo·

116 4085 200 4138 Rern.
218 4087 364 4139 obstabant
387 4094 416 4138 et
437 4093 580 4158 perpetuus
597 4087 652 4140 fere
669 4101 729 4140 cum
762 4085 892 4155 grapbum
913 4081 1021 4136 videtur
1043 4088 1105 4134 ante
1128 4078 1217 4133 oculos
1240 4077 1368 4142 habmsse,

116 4153 231 4207 aliorum
248 4153 408 4234 scriptorum
430 4162 487 4208 tum
506 4153 592 4208 Curtii
615 4171 678 4206 usus
701 4153 728 4206 ia
763 4151 808 4222 qui
825 4153 904 4205 urbes
921 4149 1088 4222 cognomines
1105 4145 1243 4226 inl'ampb
1263 4143 1299 4196 lia
1315 4141 1370 4222 siuve

116 4223 241 4276 addenda
259 4222 321 4276 burc
337 4223 420 4276 verbo
436 4221 573 4294 particula.
608 4219 680 4274 Edit.
688 4239 728 4291 pr.
763 4237 840 4274 sensu
863 4218 958 4273 latiore
974 4217 1003 4271 in
1021 4215 1113 4272 Cilicia
1136 4222 1199 4268 sitas
1276 4209 1369 4263 Tmra·

116 4290 331 4346 cdeterioribus
353 4291 429 4344 codd.
453 4309 531 4372 quam
548 4291 639 4361 popul.
658 4291 729 4344 vind.
763 4306 825 4342 nam
842 4295 957 4342 aetatem
966 4285 1085 4350 referret,
1104 4301 1183 4354 quam
1201 4297 1262 4333 uam
1271 4277 1369 4332 Strabo

118 4363 245 4414 debuerm
272 4359 517 4414 .Ald.adisc1ta
605 4361 622 4412 l.
646 4375 730 4428 esque
764 4357 832 4411 libro
848 4361 1001 4426 xrv‚p.ttt
1023 4351 1135 4406 'l’beben
1153 4367 1183 4404 uc
1224 4363 1369 4418 ymessum,

118 4429 236 4499 vulgaris
253 4401 336 4481 lectio
354 4427 423 4482 sacta
440 4436 494 4494 est,
516 4379 552 4481 bd
582 4428 623 4482 ius
641 4435 730 4480 tamen
764 4442 832 4495 qnae
849 4425 920 4478 inter
937 4422 1082 4502 celebratas
1094 4417 1289 4498 postbpcurbes
1298 4413 1369 4468 Pha-

120 4515 139 4550 a
154 4499 244 4568 popul.
262 4498 401 4550 vindicare
418 4497 530 4551 debebat.
765 4491 1046 4570 sclidemetAttalrsm
1059 4481 1368 4548 medraemtenscebunt,

1125 4569 1162 4622 2*
