3254 5292
534 387 584 438 nr
611 388 738 440 cnsrrs
765 389 874 439 anax.
901 391 951 459 rv,
977 386 1021 438 ao.
1353 374 1401 444 89

156 573 326 663 traditur,
362 572 525 646 cultores·
551 573 627 646 eius
658 573 814 672 fatigati,
846 597 944 646 nova
975 582 1012 646 et
1044 581 1195 646 externa
1227 573 1404 648 donicilia

104 713 137 761 21
156 687 264 759 aruris
282 683 426 756 sibimet
450 707 621 780 quaerere
649 681 879 780 cogebantur.
917 681 1040 756 Multis
1067 709 1153 783 ergo
1180 685 1321 759 casibus
1340 685 1399 758 de·
1513 689 1524 712 '

156 797 290 885 fimeta,
309 803 345 867 et
359 805 444 892 post
456 792 635 867 excidium
646 804 781 885 renata
794 817 891 865 nuno
905 803 1027 866 temen
1043 795 1152 894 longa
1163 821 1252 894 pace
1273 812 1403 873 cuncta

156 907 359 994 refovente,
401 905 468 980 sub
501 905 616 978 tutela
649 904 834 980 Romanae
874 905 1159 980 mansuetudinis
1199 911 1400 1004 acquiescit.

102 1041 135 1091 v.
260 1014 393 1089 Iisdem
424 1015 535 1088 ferme
571 1015 697 1090 diebus
723 1015 834 1089 Darei
859 1008 1002 1088 litterae
1029 1016 1159 1090 allatae
1187 1029 1288 1110 sunt,
1324 1022 1449 1094 tan-21

157 1126 239 1202 dem
273 1137 315 1200 ut
346 1126 422 1224 regi
453 1126 618 1223 scriptae.
669 1124 838 1218 Petebat,
866 1129 918 1200 uti
945 1127 1055 1200 filiam
1082 1153 1199 1221 suam,
1228 1127 1400 1230 (Statirae

156 1247 234 1312 erat
267 1234 435 1335 nomem)
475 1238 610 1334 nuptiis
645 1236 854 1312 Alexander
894 1237 962 1310 sibi
1006 1237 1233 1337 adiungeret:
1278 1241 1400 1315 dotem

154 1349 231 1422 fore
257 1371 401 1421 omnem
426 1348 610 1445 regionem
634 1350 728 1422 inter
745 1347 1021 1447 Hellespontum
1047 1358 1084 1421 et
1109 1346 1231 1448 Halyn
1257 1376 1399 1424 amnem

156 1460 278 1549 sitam,
318 1457 401 1532 inde
434 1455 620 1532 Orientem
660 1458 907 1557 spectantibus
946 1460 1053 1532 terris
1091 1472 1302 1536 contentum
1343 1464 1398 1560 (se

120 1569 256 1668 afore.)
296 1566 335 1642 Si
360 1569 453 1642 forte
480 1568 662 1642 dubitaret
687 1568 785 1667 quod
798 1570 989 1642 offerretur
1008 1573 1187 1670 accipere:
1213 1599 1398 1671 nunquam

154 1682 215 1755 diu
249 1679 376 1754 eodem
407 1681 560 1778 vestigio
599 1691 696 1755 stare
730 1682 931 1770 fortunam,
972 1705 1184 1779 semperque
1225 1685 1399 1776 homines

156 1801 468 1890 quantamcunque
494 1791 700 1864 felicitatem
725 1791 893 1881 habeant,
919 1790 1092 1864 iuvidiam
1118 1805 1239 1866 tamen
1266 1796 1399 1868 sentire

118 1902 336 1980 smaiorem.
389 1899 517 1976 Vereri
543 1925 599 1991 se,
616 1927 671 1975 ¹ne
698 1901 819 1974 avium
845 1900 971 1991 moda,
998 1927 1087 1998 quas
1113 1905 1288 1976 naturalis
1315 1907 1399 1980 levi-

153 2025 209 2087 tas
235 2023 360 2111 ageret
386 2010 433 2084 ad
459 2011 587 2101 sidera,
601 2013 698 2085 inani
723 2037 766 2084 ac
791 2011 919 2110 puerili
943 2011 1074 2086 mentis
1100 2013 1232 2085 affectu
1260 2016 1399 2088 efferre·

153 2136 223 2198 tur.
275 2122 370 2195 Nihil
403 2121 577 2196 difficilius
605 2147 702 2213 esse,
737 2148 846 2220 quam
878 2123 915 2194 in
945 2123 1007 2195 illa
1032 2133 1152 2196 aetate
1178 2135 1317 2198 tantam
1344 2153 1399 2200 ca·

118 2262 241 2336 spere
281 2235 472 2306 fortunam.
517 2229 672 2305 ¹Multas
710 2257 749 2306 se
784 2233 902 2307 adhuc
937 2234 1104 2330 reliquias
1139 2234 1288 2328 habere,
1331 2265 1399 2311 nec

156 2369 297 2443 semper
322 2345 414 2418 inter
440 2345 625 2441 angustias
652 2369 760 2441 posse
786 2343 1020 2443 deprehendi:
1048 2346 1308 2419 transeundum
1322 2374 1401 2422 esse

155 2453 366 2532 Alexandro
392 2453 612 2552 Euphraten,
639 2454 844 2554 Tigrimque
870 2467 908 2530 et
934 2457 1102 2549 Araxen,
1129 2469 1166 2531 et
1191 2455 1400 2557 Hydaspen,

156 2713 219 2765 baar
236 2727 253 2763 a
269 2726 311 2779 pr.
329 2725 364 2760 m.
382 2707 467 2760 ferent
485 2706 513 2759 in
526 2705 641 2760 Flora.
663 2709 762 2787 Verum
796 2727 824 2762 se
841 2727 874 2762 ae
892 2710 955 2778 (nisi
973 2711 1045 2781 quod
1062 2713 1138 2763 Voss.
1157 2717 1172 2763 2
1191 2711 1271 2764 Bern.
1288 2710 1311 2764 B
1329 2712 1402 2767 Flor.

156 2781 210 2832 riae
234 2795 284 2848 pro
306 2776 377 2846 vulg.
402 2793 447 2829 reu
469 2791 523 2828 non
544 2775 621 2828 modo
643 2775 762 2829 codicum
797 2775 851 2830 GH
879 2797 907 2832 se
938 2795 966 2832 se
991 2797 1024 2832 ne
1055 2779 1185 2846 hebent);
1219 2787 1276 2832 tum
1305 2784 1399 2834 mentis

156 2855 310 2901 nostrorum
337 2861 492 2910 consensus,
519 2843 572 2924 sed·
591 2842 673 2896 etiem
699 2843 762 2897 scri·
796 2849 904 2916 afferret
920 2847 1001 2900 Bern.
1019 2849 1046 2900 A
1063 2865 1079 2899 a
1096 2865 1137 2916 pr.
1155 2865 1189 2900 m.
1207 2846 1278 2900 Flor.
1297 2848 1323 2900 A
1345 2849 1401 2901 sinc

157 2915 241 2987 ptoris
258 2932 321 2967 uum
338 2912 457 2984 postulat
473 2921 505 2965 ut
524 2913 660 2966 senbstur.
795 2917 878 2970 verbo
892 2917 1001 3036 pgecta,
1019 2917 1091 2986 quod
1108 2914 1216 2968 etiams
1231 2914 1305 2966 Leid.
1327 2919 1402 2969 Voss.

192 2987 216 3052 ᾗ.
226 2991 268 3036 21.
284 2981 462 3051 cunctamen]
484 2981 600 3034 Tandem
609 2979 662 3049 legi
671 2979 761 3034 volue-
799 2988 852 3036 let
860 2983 891 3036 Μ
928 2983 945 3035 'i
956 2983 1048 3038 Calon.
1059 2984 1150 3036 abesse
1159 2982 1284 3048 traditur,
1295 2986 1402 3052 efferre-

158 3060 223 3106 runt
236 3051 300 3105 olim
308 3048 470 3120 Bongarsius
484 3047 651 3115 ecSebisius,
676 3065 762 3118 nuper
796 3053 840 3104 tar
862 3051 934 3105 Flor.
952 3051 995 3118 H,
1014 3053 1150 3120 afer-retra
1172 3050 1253 3104 Bern.
1275 3050 1306 3103 B.
1342 3051 1402 3105 Hoc

159 3118 264 3172 Hirtius
286 3127 314 3172 et
330 3117 492 3172 Niebuhrius
515 3117 543 3170 in
561 3115 761 3171 commentatio·
794 3119 904 3188 probavi
927 3127 956 3173 et
979 3119 1085 3190 recepi,
1112 3117 1231 3189 quemvis
1249 3117 1402 3172 coniectura

157 3187 236 3241 nibus
252 3187 286 3240 de
303 3195 391 3242 aetate
410 3185 505 3241 Curtii.
794 3187 892 3242 veteris
910 3187 1009 3242 librarii
1027 3197 1119 3240 netum
1137 3186 1280 3254 videretur,
1300 3188 1346 3239 sed
1360 3189 1400 3240 fa-

193 3255 258 3327 Cap.
282 3262 330 3322 21,
358 3259 380 3324 5.
408 3263 430 3307 1.
467 3255 585 3308 Statirae
609 3270 707 3308 nomen
732 3254 761 3307 in
795 3255 844 3310 cile
861 3264 951 3310 temen
968 3273 999 3310 ac
1016 3273 1094 3328 saepe
1117 3255 1145 3308 in
1168 3255 1399 3309 taminationibus

156 3325 232 3379 codd.
254 3324 326 3378 varie
352 3331 521 3393 corruptum:
542 3324 624 3377 Bern.
647 3324 674 3376 A
697 3325 762 3377 stati
795 3326 936 3379 verbomm
958 3325 1115 3379 adhibenda.
1150 3325 1271 3378 Eandem
1294 3323 1401 3378 Freins-

182 3391 414 3460 erat,Flor.ABO
434 3393 504 3444 Stati
515 3402 642 3461 praeerat
658 3409 760 3458 amesa,
794 3393 895 3447 bemius
913 3394 1120 3466 excogitaverat,
1139 3411 1298 3465 quamquam
1315 3401 1402 3446 nans-

149 3412 220 3515 inu
239 3463 309 3516 Stati
346 3469 444 3526 eerat,
462 3459 486 3512 E
505 3462 625 3529 Srnptine
643 3459 760 3526 erat,G
794 3462 953 3534 positionem
989 3463 1176 3517 vocabulorum
1207 3479 1239 3514 ae
1266 3479 1294 3514 se
1317 3461 1401 3531 magis

156 3479 495 3608 Starimne,HStetipere‚
514 3528 627 3608 BernB
640 3531 760 3610 statripe,
814 3531 926 3610 robevit.
966 3535 1071 3602 Afferla
1095 3539 1183 3584 eutem
1212 3528 1338 3610 excidispe
1373 3530 1401 3583 in

154 3599 202 3651 sed
218 3617 272 3669 quo
289 3599 355 3651 haec
372 3608 462 3653 omnia
469 3605 630 3716 pertineant
652 3599 761 3651 dubium
794 3549 868 3652 libris
886 3599 921 3653 ali
956 3599 1001 3653 uin
1019 3599 1107 3671 probis
1116 3607 1228 3670 propter
1237 3598 1400 3652 vicrmtetem

156 3683 213 3718 esse
236 3685 290 3720 non
313 3675 410 3737 potest.
449 3663 516 3720 llox
546 3669 609 3734 alyn
631 3666 712 3718 Bern.
735 3667 761 3718 A
795 3667 886 3722 similis
903 3685 950 3721 ver
968 3668 977 3721 i
994 3669 1107 3722 videtur.
1133 3667 1246 3721 Prorsus
1264 3667 1307 3719 ine
1327 3667 1401 3719 tiunt

156 3733 229 3787 Flor.
246 3733 307 3800 AB,
324 3735 405 3787 balim
422 3733 551 3801 aloem,
569 3735 633 3788 elim
651 3733 761 3788 Flor.H
796 3734 854 3789 Pel.
875 3743 887 3788 1
908 3736 970 3789 olim
988 3736 1097 3790 collatus
1115 3744 1144 3790 et
1161 3735 1232 3788 Flor.
1246 3734 1297 3788 Du
1321 3735 1334 3787 1
1354 3734 1399 3805 qui

158 3800 239 3855 Bern.
257 3801 291 3868 B,
309 3803 364 3854 alin
381 3802 455 3856 Flor.
474 3801 508 3856 G.
796 3821 845 3875 pno
871 3805 958 3858 verbis
984 3807 1023 3858 ad
1046 3807 1136 3857 sidera
1160 3805 1236 3856 inani
1253 3821 1286 3856 ac
1297 3805 1400 3872 puerili

192 3880 338 3924 contentum
369 3873 410 3940 (se
432 3872 524 3942 sore)]
565 3871 656 3924 Verba
688 3871 763 3925 uncis
796 3875 889 3926 meraris
908 3875 1004 3942 affecta
1019 3873 1192 3926 bacchabent
1206 3889 1237 3924 ea
1256 3889 1322 3941 quae
1334 3889 1400 3941 pos-

155 3939 257 3994 inolusa
285 3938 392 3992 Modius
417 3939 450 3992 de
474 3939 625 3993 coniectura
651 3939 762 4008 eddidit,
796 3943 901 3994 sedwa!
935 3943 1058 3995 inanitas
1090 3959 1122 3994 ac
1167 3941 1292 3994 uerilibus
1320 3942 1400 3993 linia-

155 4025 219 4060 nam
237 4008 333 4062 desunt
350 4007 378 4060 in
396 4007 517 4061 omnibus
535 4007 608 4060 libris
626 4016 655 4062 et
669 4025 762 4061 mauu·
796 4011 899 4077 mealia,
919 4026 988 4080 quae
1005 4019 1094 4063 temen
1112 3959 1176 4062 niliil
1188 4008 1259 4061 eliud
1275 4016 1337 4062 sunt
1350 4007 1400 4060 nisi

155 4075 261 4156 scriptis
279 4084 307 4129 et
329 4083 393 4128 ante
419 4075 493 4128 illum
510 4075 633 4130 exauda
668 4077 763 4156 licque
796 4095 894 4131 venum
912 4078 1122 4159 experimentum
1140 4075 1303 4158 lociomisso
1317 4077 1400 4130 verbo

154 4161 762 4294 tabeatttrbbfftttttt
796 4150 1028 4284 tetlfflttt
1044 4146 1210 4285 illiti*
1235 4213 1280 4268 sa
1309 4231 1400 4269 omna

154 4281 259 4335 dedisse
276 4297 344 4353 quae
361 4289 510 4350 sequuntur
526 4301 551 4334 sa
559 4285 643 4350 forle.
795 4281 856 4338 libri
874 4301 948 4337 mss:
970 4283 1015 4336 vul
1068 4283 1133 4338 editi
1152 4285 1179 4336 ia
1198 4284 1339 4352 anqustiis.

190 4353 213 4418 ξ.
233 4358 257 4405 8.
293 4353 378 4403 cereri
395 4367 424 4402 se
441 4351 635 4421 rra-efferretur]
671 4350 761 4420 Vulgo
829 4353 999 4422 Erptrarem
1016 4301 1141 4422 Hiprr'm,
1169 4352 1287 4418 Araxen,
1307 4351 1401 4418 Hrsda·

155 4427 219 4486 post
236 4417 295 4472 Iura
314 4435 346 4472 ne
365 4420 630 4541 re-merrtr'cqpffecra
647 4421 761 4489 efferret,
795 4439 861 4490 epea
894 4421 985 4492 scripsi
1019 4431 1087 4474 sicut
1121 4420 1283 4491 optimorum
1319 4407 1400 4471 libro-

157 4486 205 4538 sed
222 4487 282 4540 cdd.
300 4485 433 4558 principes
451 4495 479 4541 et
546 4489 572 4540 d.
590 4505 651 4542 mss.
670 4503 761 4541 omnes
795 4507 854 4542 rum
871 4507 932 4544 mse.
954 4491 1019 4542 fides
1035 4489 1162 4561 postulat.
1199 4487 1313 4542 Constat
1330 4485 1400 4538 enim
