3238 5296
238 333 311 404 406
707 347 741 412 o.
770 348 892 402 cunrn
918 351 1002 402 surr
1071 343 1075 350 '

237 538 332 611 riora
367 561 475 628 saxo,
517 539 702 636 superiora
736 534 847 608 crudo
886 535 1000 608 latere
1035 547 1120 610 sunt
1154 548 1300 612 structa.
1357 539 1481 612 Lateri

237 649 418 722 vinculum
444 649 580 747 lapides
607 658 707 739 sunt,
734 672 823 745 quos
849 648 1112 746 interposuere,
1139 659 1180 722 ut
1206 649 1340 724 duriori
1366 661 1481 724 mate·

237 761 310 833 riae
336 761 471 858 fragilis
496 760 727 850 incumberet,
755 759 929 855 simulque
954 775 1051 832 terra
1076 761 1226 835 humore
1253 761 1375 836 diluta.
1423 761 1480 836 Ne
1500 782 1533 830 se

237 882 358 946 tamen
384 873 553 946 universa
578 870 794 960 consideret,
833 870 1021 968 impositae
1048 883 1151 945 erant
1175 873 1297 946 trabes
1324 873 1478 963 validae,

238 984 365 1080 quibus
391 985 521 1056 irriecta
546 983 710 1055 tabulata
734 1007 856 1054 muros
884 993 921 1055 et
946 981 1128 1080 tegebant,
1155 994 1192 1056 et
1218 986 1361 1082 pervios
1387 987 1479 1058 fece-

238 1106 328 1167 rant.
381 1093 481 1167 Haec
511 1093 732 1167 munimento
767 1093 1067 1190 contemplantem
1092 1095 1358 1187 Alexandrum,
1395 1121 1479 1170 con·
1500 1118 1533 1163 ιι

238 1207 375 1305 siliique
410 1209 604 1298 incertum,
644 1207 728 1304 quia
758 1230 824 1278 nec
857 1228 1029 1278 cavernas
1067 1207 1136 1280 nisi
1168 1232 1299 1305 aggere
1337 1217 1483 1309 poterat

236 1320 400 1419 implere,
440 1343 506 1392 nec
541 1328 721 1391 tormenta
753 1316 855 1390 aliter
889 1317 1000 1388 muris
1035 1315 1246 1410 admovere,
1287 1319 1481 1417 quideme

238 1456 340 1503 muro
367 1431 499 1528 sagitta
525 1431 710 1528 percussit.
752 1427 845 1502 Tum
870 1429 963 1502 forte
989 1429 1027 1500 in
1053 1453 1174 1503 suram
1199 1431 1324 1504 incidit
1350 1432 1479 1504 telum:
1502 1450 1536 1498 as

239 1543 338 1616 cuius
365 1543 503 1640 spiculo
533 1543 673 1632 evolso,
709 1540 893 1614 admoveri
926 1563 1057 1636 equum
1089 1542 1208 1632 iussit,
1244 1568 1316 1639 quo
1342 1551 1481 1632 vectus,

238 1677 283 1728 ne
310 1654 468 1752 obligato
501 1652 644 1750 quidem
676 1651 839 1742 vulnere,
877 1651 975 1724 haud
1010 1653 1153 1752 segnius
1187 1653 1366 1727 destinata
1397 1677 1480 1726 exe·

238 1765 423 1868 quebstur.
477 1763 645 1838 Ceterum
671 1788 752 1836 cum
778 1788 859 1836 crus
886 1764 1045 1837 saucium
1072 1764 1262 1864 penderet,
1289 1775 1327 1838 et
1352 1789 1480 1838 cruore
1501 1785 1535 1832 as

239 1880 370 1954 siccato
396 1877 589 1976 frigescens
616 1877 746 1949 vulnus
774 1885 989 1973 aggravaret
1007 1875 1182 1976 dolorem,
1205 1876 1338 1949 dixisse
1356 1876 1482 1966 fertur,

240 2017 278 2064 se
305 1989 449 2088 quidem
474 1987 569 2062 Iovis
596 1987 707 2061 filium
734 1987 812 2078 dici,
840 1987 905 2061 sed
932 1989 1089 2086 corporis
1117 1989 1216 2088 aegri
1234 1989 1322 2062 vitia
1338 1990 1482 2062 sentire.

239 2099 321 2174 Non
352 2114 473 2176 tamen
506 2112 591 2176 ante
623 2125 662 2174 se
692 2101 829 2198 recepit
861 2101 898 2172 in
933 2109 1065 2191 castra,
1101 2124 1208 2197 quam
1239 2110 1370 2174 cuncta
1400 2124 1480 2198 per·
1502 2118 1536 2167 so

241 2214 369 2312 spexit,
398 2223 434 2285 et
460 2237 551 2308 quae
577 2212 654 2285 fieri
680 2213 790 2286 vellet
816 2211 938 2286 edixit.

190 2327 238 2396 38
342 2322 454 2422 Ergo,
493 2325 586 2398 sicut
616 2325 831 2421 imperatum
864 2333 959 2413 erat,
999 2323 1058 2395 alii
1091 2333 1196 2395 extre
1227 2323 1354 2397 urbem
1386 2334 1484 2397 tecta

240 2435 488 2524 moliebantur,
514 2435 766 2531 ingentemque
792 2433 865 2505 vim
890 2435 1062 2507 materiae
1087 2433 1250 2508 faciendo
1276 2434 1400 2534 aggeri
1423 2433 1483 2508 dc·

259 2663 372 2728 leetitur,
422 2660 477 2714 uod
506 2657 570 2713 ferri
601 2658 702 2730 nequit.
750 2658 857 2730 ltaque·
930 2665 996 2712 .28.
1034 2661 1099 2715 Tum
1114 2661 1200 2732 sorte]
1235 2661 1314 2715 Forte
1336 2671 1390 2714 tum
1411 2661 1484 2716 Flor.

263 2727 360 2784 reinsh.
384 2679 457 2782 uilis
484 2727 608 2794 coniecit,
637 2728 707 2799 quod
733 2727 845 2782 inveniri
879 2661 932 2780 Ell
948 2727 1029 2781 Bern.
1048 2729 1081 2796 B,
1104 2731 1152 2784 sed
1169 2747 1221 2801 quo
1240 2746 1317 2784 seusu
1334 2747 1389 2794 qon
1405 2729 1484 2784 intel·

241 2799 270 2853 in
294 2801 353 2854 cod.
377 2797 448 2852 Flor.
471 2805 567 2920 postea
591 2796 694 2850 notavit
711 2795 861 2866 Heinsius„
879 2795 955 2868 ligas.
980 2797 1035 2850 Alii
1053 2797 1108 2852 sive
1125 2809 1178 2852 tam
1196 2798 1324 2852 siveram
1342 2795 1483 2864 scribatur,

241 2870 343 2922 Verum
361 2876 414 2934 est,
441 2883 469 2920 sc
506 2864 641 2919 invenitur
657 2884 711 2920 non
728 2865 755 2920 in
774 2867 846 2936 opti·
880 2881 938 2918 eam
954 2865 1111 2936 particulam
1131 2867 1247 2938 ineptam
1264 2875 1363 2921 vocant
1380 2866 1484 2920 delent·

241 2936 299 3004 mis,
319 2938 366 2990 sed
383 2937 411 2990 in
428 2935 519 2991 codice
528 2933 563 3002 G,
582 2952 661 3005 quem
673 2935 747 2988 docti
760 2934 845 2988 homi·
881 2950 939 3005 que.
975 2934 1062 2988 Etiam
1079 2935 1107 2988 hi
1124 2935 1223 2989 habent
1241 2953 1294 3006 qua
1311 2953 1340 2988 sc
1358 2943 1484 2988 tueantur

242 3006 282 3060 nis
300 3023 379 3059 manu
396 3005 564 3058 emendatum
582 3020 638 3056 esse
661 3003 749 3058 multis
767 3002 851 3057 vesti:
880 3003 978 3056 codicis
995 3001 1102 3058 FlenG
1120 3003 1312 3058 auctoritatem.
1339 3003 1394 3058 Sed
1410 3003 1484 3056 ride-

241 3074 291 3144 giis
317 3073 543 3145 deprehendimus.
587 3072 646 3126 Neo
677 3081 766 3126 tamen
796 3073 846 3126 hoc
880 3079 925 3124 tur
941 3079 1030 3125 tamen
1048 3081 1100 3125 tum
1118 3071 1223 3126 defendi
1245 3089 1336 3143 posse,
1363 3072 1483 3143 quando-

241 3143 382 3214 impediret
404 3142 545 3214 quominus
570 3149 661 3196 vetera
686 3141 732 3195 ills
758 3158 845 3194 eorre-
879 3139 984 3211 quidem
1001 3157 1079 3210 saepe
1097 3141 1247 3196 Alexander
1269 3141 1324 3195 telo
1345 3157 1483 3212 percussus

242 3212 329 3266 ctione
347 3211 494 3265 sententiae
512 3210 716 3276 subveniremus,
734 3209 762 3264 ni
788 3226 846 3262 rae-
879 3215 929 3261 est.
964 3208 1089 3280 Sequitur
1107 3212 1204 3276 evolso,
1227 3211 1296 3282 quod
1315 3226 1349 3262 ex
1368 3209 1484 3263 Bern.A
1596 3221 1597 3268 l

242 3289 312 3334 stare
337 3281 470 3333 videretur
500 3279 614 3332 stadiwn
645 3278 731 3331 scribi.
803 3296 845 3332 am
878 3275 1009 3330 Procas
1028 3277 1129 3332 Voss.1
1151 3277 1212 3331 dedi
1230 3296 1279 3348 pro
1297 3278 1369 3348 vulg.
1387 3281 1482 3332 euako.
1596 3287 1597 3336 ξ

242 3367 301 3402 cum
318 3350 411 3401 eadem
429 3346 518 3400 littera
535 3353 671 3425 sequatur,
694 3345 770 3400 facile
786 3363 846 3400 ver·
914 3351 988 3413 §.tu
1019 3361 1097 3415 qaam
1116 3357 1207 3400 uincta
1220 3349 1368 3427 perspexit]
1395 3345 1484 3400 Revo-
1596 3353 1597 3396 l

242 3418 319 3482 bum,
346 3415 464 3487 alioquin
490 3411 603 3467 librariis
629 3432 684 3466 non
710 3413 844 3480 imitatum,
880 3413 936 3466 cavi
954 3412 1081 3485 principis
1098 3415 1163 3470 edit.
1172 3415 1313 3469 lectionem
1327 3415 1404 3482 hanc,
1421 3413 1485 3486 quia
1596 3439 1597 3452 .

243 3483 375 3554 corrumpi
402 3481 497 3554 potuit
534 3483 655 3536 Stadium
681 3490 770 3535 autem
795 3500 845 3554 pro
880 3481 1039 3552 optimorum
1048 3482 1166 3537 codicum
1178 3483 1339 3538 auctoritate
1356 3484 1483 3550 limmtiu,

243 3555 388 3607 stadiorum
419 3553 475 3604 sero
508 3567 543 3603 ex
573 3551 665 3621 regula
695 3550 792 3604 dicitur
818 3559 846 3604 et
879 3549 953 3603 Leid.
980 3551 1060 3605 Bern.
1078 3553 1104 3605 A
1126 3551 1197 3607 Flor.
1213 3552 1262 3606 AB
1290 3552 1484 3624 multorumque

243 3621 442 3744 titttttt
459 3618 846 3744 “lttittflirtlttlt
880 3618 999 3742 “litt
1022 3620 1483 3744 tllffltlt‘tlltltlilt*

243 3758 393 3813 coniectura
408 3707 521 3813 deidati
539 3757 657 3811 dedimus
674 3771 703 3825 V,
721 3764 763 3812 20.
833 3749 835 3754 ⁸
880 3706 958 3830 guam
976 3708 1124 3812 alterum.p
1198 3730 1206 3758 ⁹

277 3854 348 3898 terra
374 3847 478 3925 tumme
505 3845 609 3965 ‹litutoqi
636 3843 717 3897 Multi
743 3843 845 3924 codices
915 3859 981 3929 ρῳ,
1002 3866 1044 3915 38.
1084 3870 1150 3914 tecto
1176 3862 1357 3928 moliebamur]
1403 3860 1482 3926 Quod

244 3924 340 3993 ιςιταιιι
357 3941 392 3992 3-
410 3915 545 3994 dilutam,
562 3930 590 3966 se
632 3913 705 3966 nulla
724 3913 792 3993 'fides
817 3930 845 3966 m
879 3928 968 3999 vulgo,
986 3928 1051 3982 imm
1068 3936 1174 3984 aum
1190 3928 1268 3991 mdo,
1292 3929 1381 3983 editur
1397 3933 1483 3983 demo.

244 3981 371 4062 θμῑθῡᾮὼ
388 3981 468 4034 ΝΜ
487 3982 606 4062 codicum
618 3989 667 4048 θδῑι
686 3982 845 4062 Ρῧῑῦἓῦῐθῃ·
880 3999 1023 4064 liebcntur,
1049 4015 1105 4052 non
1125 4005 1167 4050 est
1191 3997 1219 4050 in
1246 3997 1319 4052 libris
1340 3996 1417 4052 mstis
1437 3997 1483 4069 qui

244 4060 283 4105 ΠΕ
300 4049 370 4102 “hild
388 4049 513 4120 P⁰⁸l¹¹l⁸i
539 4049 728 4130 melicum&
745 4049 844 4116 llmums
880 4073 927 4119 aut
935 4068 1124 4121 antoliebantar
1134 4065 1218 4136 (Flor.
1226 4066 1274 4120 ΑΒ
1284 4065 1483 4122 BernAVoss.

264 4115 845 4258 udepapffipffipdfflvqrqgofflsjeqduqff
882 4135 909 4204 1)
927 4135 1285 4256 impoenitentiam.
1315 4135 1380 4257 poe
1395 4134 1484 4206 recepi

245 4265 308 4336 tur.
328 4255 490 4334 refertum
507 4257 656 4334 materiam.
670 4205 753 4334 flue
769 4263 846 4309 ante-
880 4220 1233 4341 tuirstatt
1246 4220 1484 4327 :stertat

245 4333 331 4390 00⁵⁸¹i2
349 4332 378 4377 el
395 4324 527 4377 dummffl
544 4331 573 4376 02
589 4321 758 4394 fffifflhfflm·
879 4343 1008 4394 lieboatur
1032 4349 1060 4395 et
1082 4343 1249 4396 detrahebant
1271 4341 1294 4395 si
1316 4340 1483 4396 coniunxerit

281 4413 355 4489 5:²5⁵·
376 4410 484 4478 peruios
495 4409 628 4478 fecerant,
643 4411 713 4479 quod
726 4410 845 4466 tabulato
878 4410 948 4463 idem
961 4409 1017 4462 fere
1031 4426 1121 4462 sensus
1135 4408 1234 4478 existit,
1252 4411 1298 4481 qui
1315 4427 1349 4464 ex
1366 4428 1420 4464 uno
1436 4409 1483 4463 illo

246 4487 309 4533 tecti
326 4495 355 4530 m
371 4495 447 4534 muro
464 4495 610 4532 commeare
626 4485 759 4548 poterant.
880 4479 1090 4532 demoliebantur.
