3268 5286
518 389 568 442 nn
595 387 722 442 aasrrs
748 389 866 442 anax.
883 391 948 460 vu,
966 386 1010 439 aa.
1318 368 1393 444 als

158 572 357 648 Alexandri
382 573 508 648 fecisse
533 574 631 672 ipsos
666 575 840 665 ementiti,
876 571 1005 648 dubios
1039 571 1157 648 adhuc
1188 572 1295 646 animi
1326 583 1395 647 ter·

158 684 323 758 ruissent
375 683 430 758 ln.
445 711 575 784 equum
600 686 806 785 impositum
831 685 1041 760 Alexandro
1067 684 1233 758 tradituri
1248 682 1395 758 ducunt

108 813 140 862 ai
262 794 360 869 Inter
397 796 487 870 haec
525 823 607 889 rex,
648 797 775 894 quibus
814 809 956 872 matura
994 807 1072 871 erat
1102 797 1239 886 missio,
1275 796 1446 870 electis23

159 908 349 1006 nongentis
374 908 458 1000 fere,
484 907 570 982 bina
594 909 730 982 talenta
755 909 866 1005 equiti
892 908 1000 1000 dedit,
1026 906 1138 1007 pediti
1164 918 1267 982 terna
1288 906 1394 982 dena·

159 1019 251 1092 rium
265 1020 377 1109 milia3
403 1021 627 1118 monitusque
639 1029 681 1092 ut
699 1018 830 1093 liberos
842 1032 1066 1117 generarent,
1092 1020 1227 1094 remisit
1240 1019 1396 1092 domum.

160 1125 296 1204 Ceteris
323 1132 460 1228 gratiae
486 1143 598 1222 actae,
624 1129 721 1228 quod
747 1130 794 1204 ad
820 1131 955 1228 reliqua
981 1131 1064 1206 belli
1089 1141 1285 1207 navaturos
1312 1156 1394 1231 ope·

108 1257 143 1307 28
160 1265 237 1315 ram
273 1242 539 1340 pollicebantur.
593 1242 702 1342 [Tum
728 1242 861 1317 Bessus
893 1241 1126 1343 perducitur]
1178 1241 1398 1317 Perventum

159 1362 239 1426 erat
263 1352 300 1426 in
325 1354 516 1451 parvulum
541 1353 731 1452 oppidum:
766 1351 990 1428 Branchidae
1017 1355 1091 1428 eius
1123 1353 1259 1428 incolae
1286 1363 1397 1428 erant

160 1461 284 1540 Mileto
310 1465 491 1562 quondam
516 1467 616 1540 iussu
641 1464 782 1556 Xerxis,
810 1491 891 1540 cum
905 1492 925 1540 e
939 1463 1089 1540 Graecia
1114 1465 1256 1556 rediret,
1283 1477 1397 1539 trans·

160 1574 285 1668 ierant,
312 1586 349 1650 et
374 1577 411 1650 in
437 1603 481 1652 ea
506 1575 591 1652 sede
617 1577 866 1667 constiterant,
893 1579 976 1676 quia
1001 1577 1189 1675 templum,
1216 1574 1313 1674 quod
1337 1575 1397 1650 Di·

109 1705 143 1753 m
162 1684 318 1786 dymeon
344 1683 560 1787 appellatur,
591 1689 629 1762 in
660 1689 812 1787 gratiam
837 1688 969 1764 Xerxis
996 1690 1227 1763 violaverant.
1279 1687 1398 1762 Mores

162 1799 268 1896 patrii
293 1799 455 1874 nondum
468 1801 711 1891 exoleverunt,
738 1800 803 1875 sed
814 1803 887 1874 iam
899 1802 1075 1900 bilingues
1089 1810 1201 1889 erant,
1226 1800 1399 1898 paulatim

161 1935 183 1982 a
217 1907 413 1986 domestico
452 1923 602 1986 externo
641 1935 806 1985 sermone
844 1911 1050 2010 degeneres.
1119 1910 1252 2010 Magno
1291 1911 1399 2009 igitur

160 2019 292 2118 gaudio
318 2047 440 2120 regem
466 2023 662 2121 excipiunt,
689 2023 815 2097 urbem
841 2049 950 2122 seque
977 2023 1159 2100 dedentes.
1211 2022 1275 2095 llle
1302 2019 1400 2096 Mile·

109 2150 144 2198 ιο
161 2131 252 2223 sios,
288 2135 348 2231 qui
382 2132 479 2232 apud
512 2135 630 2231 ipsum
660 2133 871 2225 militarent,
907 2136 1096 2210 convocari
1121 2136 1230 2209 iubet.
1282 2131 1398 2208 Vetus

161 2240 284 2316 odium
309 2242 435 2318 Milesii
460 2245 635 2344 gerebant
666 2245 703 2317 in
729 2243 1010 2320 Branchidarum
1035 2258 1188 2344 gentem.
1241 2243 1399 2320 Proditis

194 2447 219 2511 s.
237 2449 279 2499 tt.
315 2445 407 2500 dubios
425 2447 510 2500 reduc
528 2447 626 2515 onina]
662 2447 763 2502 anicios
797 2447 878 2502 Iussu
895 2426 994 2510 derebi
1017 2448 1120 2520 explica
1144 2467 1220 2504 suasu
1238 2465 1269 2502 ac
1287 2446 1398 2514 monitu,

159 2511 230 2567 Flor.
249 2512 272 2565 B
289 2513 374 2568 Paris.
392 2514 415 2566 B
433 2523 461 2570 at
483 2515 542 2570 edd.
559 2524 663 2570 veteres
680 2515 764 2571 donec
796 2533 857 2570 narn
867 2515 984 2574 iudam
996 2517 1057 2574 illos
1072 2536 1213 2590 agressa
1229 2517 1311 2574 tradit
1318 2517 1399 2571 etiam

159 2580 266 2636 Medius
290 2581 382 2638 vitium
404 2582 556 2656 ἰςαοτιηιὶε
578 2593 684 2657 partum
706 2602 762 2640 ans·
800 2585 964 2642 Herodotus.

160 2649 233 2703 tulit.
830 2655 853 2722 5.
871 2661 912 2710 29.
962 2659 1076 2711 nondum
1106 2658 1275 2710 erubuerant.
1310 2656 1399 2708 Enec-

194 2721 218 2787 ξ.
236 2725 277 2773 27.
313 2721 376 2776 lina
399 2724 497 2778 talento
514 2725 607 2792 εφιίιί,
632 2723 682 2778 hoc
703 2737 763 2776 ver·
796 2725 900 2777 ludant
930 2731 978 2798 aut
1007 2726 1159 2778 exoluerunt
1192 2723 1313 2803 plerique
1338 2722 1399 2776 libri

160 2788 256 2842 borum
273 2788 366 2844 ordine
382 2791 500 2858 ccdioes,
527 2790 655 2846 editiones
682 2791 763 2912 opsiti
795 2809 856 2844 mss.
873 2792 939 2846 adeo
956 2801 987 2844 nt
1003 2808 1067 2845 vera
1083 2794 1167 2846 sorma
1184 2810 1238 2846 non
1255 2800 1290 2845 ιιι
1306 2790 1356 2844 nisi
1371 2790 1399 2843 in

161 2857 223 2910 bino
240 2859 348 2923 tolano,
365 2858 682 2929 sedomittiturequitiin
713 2857 761 2914 lor.
795 2857 867 2912 rior.
889 2857 970 2914 EFG.
1006 2859 1061 2913 Sed
1087 2857 1149 2912 alibi
1175 2858 1271 2914 certius
1297 2867 1399 2913 comtat

159 2925 210 2978 AB
227 2923 311 2980 Paris.
321 2927 352 2980 B.
373 2926 577 2982 Tummendose
593 2927 677 2981 nostri
686 2927 762 2981 codd
796 2936 828 2979 ut
840 2941 892 2995 vn,
902 2933 935 2980 28
953 2933 1022 2980 extr.
1038 2944 1121 2997 eaque
1138 2943 1180 2980 res
1194 2926 1322 2982 Prisciani
1339 2943 1400 2996 pag.

160 3009 250 3048 omnes
267 3002 296 3050 et
313 2995 374 3050 edd.
391 3003 457 3049 vett.
475 3006 520 3060 ter,
538 2994 629 3050 Iunius
647 2994 763 3050 conexit
797 2999 847 3050 872
873 2994 1031 3050 auctoritate
1049 2993 1191 3050 conficitur.
1229 2995 1284 3048 Sed
1301 3011 1400 3076 proco

160 3071 242 3116 tenio.
279 3062 463 3133 Quadruplum
486 3061 569 3143 igitir
591 3079 672 3144 eques
689 3079 764 3117 acce·
798 3062 869 3133 quod
887 3063 966 3143 vulgo
984 3071 1024 3118 est
1041 3073 1194 3184 entmoqsse
1213 3062 1400 3132 (qnodrnven-

160 3128 207 3202 pit,
225 3147 286 3184 nam
303 3131 763 3186 talentumefficrtsexmtliadrenh·
797 3139 854 3185 tum
871 3138 913 3186 est
929 3150 958 3185 1n
981 3131 1053 3185 Flor.
1071 3129 1137 3185 DFI
1183 3130 1400 3198 ern.A)cete1i

160 3217 231 3254 mum
249 3199 303 3254 sive
322 3200 465 3256 denarium.
797 3198 859 3254 libri
871 3217 931 3254 mss.
941 3199 1033 3270 optimi
1050 3207 1079 3253 ει
1096 3197 1200 3271 plurimi
1219 3209 1323 3253 extend
1341 3201 1402 3252 tan'·

166 3311 168 3316 .
198 3269 262 3322 Tam
279 3269 380 3324 Bessus
393 3270 558 3340 perducitur.
593 3269 684 3324 Verba
706 3268 764 3324 inre
798 3277 855 3322 tum
871 3269 986 3337 habent,
1009 3268 1073 3322 item
1091 3268 1149 3322 edd.
1174 3267 1303 3340 principes
1320 3266 1400 3323 Vind.

161 3335 265 3418 videtur
285 3335 405 3392 Freinsh.
429 3337 502 3394 uncis
525 3336 763 3418 marma-ipsisne,
798 3337 866 3418 Mer.
884 3337 961 3404 Ald3
978 3355 1066 3419 neque
1083 3338 1135 3392 hoc
1152 3345 1210 3392 erat
1227 3337 1401 3418 omittendum

161 3407 765 3557 ermeneumata-‘u
798 3405 1043 3528 1...
1060 3405 1402 3555 testinula

160 3543 265 3598 Bessis.
299 3541 359 3597 Nec
375 3544 496 3598 medetur
517 3561 556 3598 rer
573 3553 704 3615 scriptura
721 3562 764 3600 co-
799 3545 970 3598 domestrenm
996 3561 1158 3612 termonem,
1194 3559 1272 3614 quem
1298 3551 1402 3598 externi

161 3610 250 3664 dicum
267 3609 338 3664 Flor.
355 3610 420 3664 FGI
436 3611 555 3666 Parias
571 3613 673 3668 tona
693 3616 764 3668 dnm
799 3611 924 3668 sermonis
946 3613 1127 3669 communione
1148 3612 1338 3684 propemodum
1356 3613 1402 3665 de·

160 3680 261 3732 Bessus
303 3681 436 3732 erdccitur
458 3679 514 3732 sive
535 3683 693 3749 producitur
716 3685 765 3746 (ut
799 3681 953 3736 didicerant.

161 3755 203 3800 cet
227 3744 256 3798 in
278 3695 351 3799 hor.
377 3745 445 3813 illis)
471 3765 631 3818 quamquam
656 3747 764 3804 Modius
833 3753 856 3818 ξ.
883 3757 925 3804 80.
960 3750 1065 3803 Milesii
1088 3749 1212 3819 parebant
1264 3751 1347 3803 Vetus
1373 3755 1402 3803 et

160 3831 220 3870 earn
237 3813 374 3883 amplexus
390 3823 440 3870 est.
799 3825 920 3873 consuas
928 3817 1175 3889 corruptelaomnes
1229 3815 1400 3886 icesobtinet,

195 3886 219 3964 ᾗ.
246 3887 289 3936 28.
332 3885 402 3953 quod
426 3883 573 3951 Didymeon
605 3885 764 3954 appellatur]
799 3887 874 3940 miles
910 3886 1004 3940 uetat.
1028 3885 1100 3939 Vere
1117 3884 1173 3939 sina
1190 3885 1270 3940 dnbio
1286 3885 1403 3941 correxit

160 3950 234 4006 Abbi
251 3949 322 4021 apud
340 3949 455 4006 Graecos
472 3959 513 4004 est
530 3950 564 4004 τὸ
576 3957 614 4030 ¹iv
632 3948 766 4020 Διδύμοις
799 3905 992 4007 Freinshemius
1009 3953 1113 4008 Milesii
1125 3955 1265 4034 parebant,
1290 3955 1336 4009 sed
1354 3953 1402 4008 mi-

162 4019 257 4093 ἱιρόνι
286 4019 333 4074 sed
360 4037 420 4074 cnm
440 4019 539 4089 Apollo
562 4027 597 4074 ιιι
618 4016 766 4088 relapsis,
800 4020 1067 4093 rarisuBitquamdiu
1083 4021 1177 4076 vitrum
1195 4022 1310 4077 latuerit.
1333 4023 1402 4077 ltem

63 4109 68 4118 ·
160 4088 216 4144 eius
242 4087 371 4160 templum
398 4095 439 4142 est
465 4087 499 4142 τὸ
523 4083 686 4155 Διδυμαῖον,
713 4106 767 4143 non
800 4107 860 4144 curn
878 4095 902 4157 s.
921 4097 953 4144 28
975 4091 1144 4145 Branchidae
1166 4091 1229 4145 ends
1252 4100 1403 4147 comtanter

161 4155 327 4226 Διδυμαῖον,
346 4165 378 4210 nt
395 4156 507 4212 adhuel
542 4155 596 4210 'tur
613 4157 682 4227 apud
700 4156 764 4210 Plu·
798 4157 930 4214 scribatur
954 4159 1022 4229 (nisi
1041 4159 1114 4230 quod
1131 4160 1250 4214 nonnulli
1268 4169 1298 4215 ut
1315 4160 1401 4214 solent

161 4226 243 4280 torah.
266 4225 295 4280 in
315 4225 411 4307 Pomp.
429 4232 472 4280 24.
554 4233 641 4305 tanna
666 4243 764 4280 novum
796 4245 847 4350 pro
864 4231 894 4281 cli
912 4228 1056 4296 habente),
1075 4229 1165 4282 hacet
1182 4228 1290 4300 inseq.§
1307 4227 1400 4301 optimi

161 4294 212 4349 boc
230 4294 264 4347 de
278 4294 486 4350 Branchidarum
504 4293 653 4365 proditione
670 4293 764 4364 templi
808 4313 852 4349 ere
869 4295 1081 4351 termimtionem
1097 4296 1208 4352 nominis
1222 4301 1401 4352 iudai-amax-

161 4371 190 4416 et
206 4363 404 4431 thesaurorum,
426 4363 498 4435 quod
525 4379 580 4418 non
597 4361 712 4418 traditur
729 4363 763 4418 ab
796 4364 890 4420 hibent
907 4374 1001 4422 conus
1017 4364 1178 4437 wdogism,
1204 4365 1324 4422 camilli
1346 4366 1400 4422 sint

162 4430 302 4486 Herodoto
319 4446 364 4499 vr,
384 4439 429 4498 19,
455 4430 610 4488 Callistheni
627 4440 700 4486 recte
717 4431 763 4486 ad·
796 4451 814 4488 a
829 4434 961 4490 Brcacllo.

160 4497 284 4554 mihitur
300 4518 318 4556 a
334 4499 508 4573 Wesselingio
533 4500 568 4556 ad
591 4500 691 4556 Herod.
709 4499 762 4558 tt
831 4502 950 4560 Proditis
968 4521 1041 4574 erqo,
1057 4502 1176 4576 intellige
1192 4501 1314 4573 Milesiis,
1332 4519 1400 4574 quot
