3238 5296
584 808 899 915 Q.OURTH
938 813 1093 901 RUFI

814 1025 863 1076 DB

718 1179 969 1250 GESTIS

221 1325 227 1466 Ϊ
323 1394 945 1540 ,atuxannei
1001 1391 1331 1516 Maeui
1427 1311 1437 1328 ’

620 1639 748 1697 REGIS
774 1641 1060 1698 MACEDONUM

711 1829 853 1898 LIBER
870 1829 965 1898 vm.

677 2285 1000 2367 casamentum.

292 2489 333 2554 (1)
349 2484 503 2539 Alexander
519 2484 609 2540 divisis
627 2487 709 2558 copiis
731 2489 843 2543 rebelles
867 2488 1046 2560 persequitur:
1070 2487 1236 2558 Spitamenes
1258 2502 1317 2539 cum
1338 2483 1460 2538 exulibus

221 2561 383 2628 Bactrianis,
401 2562 541 2633 assumptis
558 2562 585 2616 in
604 2563 729 2617 auxilium
747 2565 830 2618 Dahis
847 2573 876 2618 ct
892 2564 1065 2635 Massagetis,
1083 2563 1204 2619 Attinam
1222 2563 1383 2633 praesectum
1400 2561 1460 2614 Ma·

223 2639 350 2692 cadonum
367 2637 396 2692 iu
413 2638 519 2693 insidias
536 2639 693 2710 perductum
710 2641 879 2710 interficiunt,
903 2643 949 2696 sed
967 2660 983 2694 a
1001 2643 1112 2696 Cratero
1130 2642 1290 2694 adventante
1307 2636 1461 2709 opprimun-

221 2724 274 2768 tur.
308 2715 461 2770 Alexander
483 2717 645 2771 Maracanda
665 2717 749 2784 redit,
776 2718 866 2789 ibique
888 2718 1034 2790 legationes
1052 2719 1209 2788 Scytharum
1230 2715 1318 2781 audit,
1344 2713 1460 2766 Phrata-

221 2793 347 2864 phernem
359 2809 449 2864 regem
464 2792 675 2849 Chorasmiorum
689 2793 715 2848 in
734 2795 813 2848 fidem
829 2795 932 2867 accipit.
959 2795 1025 2850 Inde
1035 2795 1146 2848 Bazaira
1159 2790 1341 2864 proficiscitur,
1361 2793 1402 2859 (t)
1412 2791 1460 2843 ubi

221 2869 249 2922 in
265 2869 384 2924 maximis
401 2870 506 2924 vivariis
524 2889 583 2926 cum
600 2879 661 2925 toto
679 2873 798 2927 exercitu
815 2880 936 2941 senatur,
954 2883 983 2926 et
996 2873 1098 2926 leonem
1112 2869 1167 2941 ipse
1180 2869 1250 2923 solus
1263 2866 1369 2934 occidit,
1387 2865 1460 2938 quod

221 2962 255 2999 ne
272 2947 381 3017 posthae
397 2946 483 3001 facere
500 2947 601 3019 possit,
622 2949 729 3003 decreto
746 2950 921 3004 Macedonum
943 2948 1067 3004 sancitur.
1103 2951 1144 3016 (t)
1162 2943 1323 3000 Maracanda
1340 2959 1460 2996 reversus

222 3022 323 3078 Clitum
337 3024 464 3078 Artabazi
481 3024 532 3078 iam
550 3024 659 3080 senioris
676 3025 733 3080 loeo
758 3026 908 3098 provinciae
921 3026 1076 3080 Bactrianae
1092 3025 1282 3095 praedaturum,
1305 3019 1460 3090 priusquam

221 3100 380 3167 dimitteret,
403 3101 521 3154 sollemni
539 3102 659 3157 convivio
675 3103 793 3158 adhibet.
828 3103 870 3157 Ibi
891 3102 975 3156 multa
992 3103 1025 3155 de
1041 3120 1069 3155 se
1091 3101 1218 3172 gloriatus
1235 3094 1352 3168 Philippi
1370 3112 1460 3150 rerum

220 3185 354 3246 gestarum
371 3177 481 3247 gloriam
498 3179 594 3233 elevat.
630 3183 673 3249 (4)
693 3179 756 3245 Qua
772 3197 802 3234 re
819 3180 937 3234 irritatus
955 3179 1040 3234 Clitus
1061 3197 1115 3232 non
1136 3178 1215 3231 modo
1238 3173 1377 3228 defendere
1396 3171 1460 3226 Phi-

220 3252 330 3323 lippum,
349 3254 394 3308 sed
412 3253 493 3324 ipsius
511 3254 590 3308 etiam
606 3255 752 3309 Alexandri
769 3256 835 3310 actis
853 3256 964 3309 illudere
981 3255 1075 3326 coepit,
1095 3257 1135 3324 (5)
1153 3271 1202 3308 nec
1219 3253 1281 3304 dum
1298 3247 1461 3302 abstrahitur

221 3329 369 3382 aeonvivis
391 3329 497 3398 linguae
518 3331 615 3400 parcit,
639 3332 703 3402 quin
725 3333 805 3386 etiam
829 3341 920 3403 aperta
942 3331 1060 3385 convicia
1080 3331 1151 3385 iacit.
1185 3327 1288 3384 Exiluit
1305 3325 1461 3379 Alexander

220 3413 351 3474 raptaque
369 3404 469 3471 lancea,
486 3407 584 3460 trustra
601 3407 775 3463 retinentibus
791 3409 888 3476 amicis,
906 3411 934 3462 in
951 3408 1109 3462 vestibulum
1127 3403 1259 3478 procurrit
1276 3410 1304 3456 et
1321 3401 1460 3473 egredien-

221 3487 278 3532 tem
287 3479 387 3533 Clitum
399 3483 540 3536 transfixit.
573 3486 615 3553 (6)
634 3483 728 3538 Subita
744 3484 908 3555 poenitentia
925 3485 1039 3555 percitus
1055 3484 1195 3554 semetipse
1212 3479 1362 3535 interimere
1380 3495 1460 3532 cona-

221 3563 281 3622 tur,
308 3556 457 3625 prohibitus
469 3573 524 3629 per
540 3559 658 3613 triduum
674 3559 789 3614 inclusus
807 3570 835 3614 et
857 3561 891 3614 ad
912 3561 1076 3615 moriendum
1097 3559 1246 3613 obstinatus
1268 3555 1349 3622 iacet,
1376 3555 1460 3608 donec

221 3631 318 3687 milites
335 3633 361 3686 vi
379 3633 554 3706 irrumpentes
571 3644 602 3690 ut
618 3636 706 3691 vivere
722 3637 787 3690 velit
804 3637 925 3709 precihus
937 3645 1042 3708 cogunt.
1079 3639 1120 3706 (7)
1138 3633 1252 3688 Dimisso
1261 3631 1458 3704 Hephaestione

223 3712 256 3764 ad
279 3719 456 3764 commeatum
481 3713 509 3766 io
535 3714 648 3768 hiemem
674 3713 735 3767 anni
753 3721 804 3769 328
822 3746 855 3754 —
873 3722 922 3768 ³27
941 3733 965 3768 a.
976 3715 1038 3769 Chr.
1060 3713 1218 3784 parandum,
1245 3721 1274 3763 et
1299 3717 1406 3779 satrapa
1430 3707 1459 3760 in

221 3786 309 3840 locum
329 3787 394 3842 Cliti
419 3790 567 3844 constituto
596 3791 727 3860 Amynta,
751 3791 807 3862 ipse
833 3791 958 3862 Xenippa
986 3789 1164 3862 proficiscitur.
1209 3785 1344 3840 Bactriani
1368 3783 1459 3837 exules

222 3879 378 3990 pugppcpm
386 3867 505 3954 Amynta
521 3867 591 3921 lacta
608 3867 750 3998 pplluntur,
767 3868 872 3921 veniam
890 3877 979 3921 tamen
997 3866 1151 3957 deiectiopis
1168 3863 1318 3992 imdptetranbt.
1327 3863 1459 3990 afflig

222 3955 370 4085 urat
385 3946 1361 4092 Mitti.ltttsstttllllbl‘lt'att‘,alt
1377 4011 1459 4099 n,

222 4100 319 4159 essem,
342 4095 385 4164 (9)
404 4093 527 4148 Oxarten
543 4097 624 4164 misit,
647 4098 694 4168 qui
711 4099 860 4169 Sysimithri
878 4100 1055 4170 persuaderet,
1078 4104 1109 4148 ut
1125 4101 1227 4164 petram
1245 4091 1370 4144 traderet
1404 4087 1461 4142 Dm

222 4176 361 4222 cunctatus
370 4169 538 4240 Syaimithres
555 4172 625 4242 regis
642 4175 769 4244 potestati
783 4193 840 4229 sese
852 4173 978 4247 permisit,
997 4181 1025 4227 et
1038 4171 1175 4242 imperium
1188 4165 1296 4238 reecpit
1324 4165 1383 4232 (10)
1393 4161 1461 4251 Inde

222 4253 324 4300 eeteros
339 4245 453 4300 rebelles
470 4265 529 4302 cum
547 4249 680 4320 equitibus
696 4259 773 4305 tanta
789 4251 923 4306 celeritate
942 4257 1094 4322 persecutus
1110 4255 1165 4313 est,
1191 4253 1222 4297 ut
1243 4239 1364 4315 plerique
1382 4255 1462 4310 pucn

222 4321 323 4376 nobiles
345 4321 503 4378 deficerent:
530 4343 597 4378 unus
618 4325 756 4398 Philippus
782 4329 893 4399 pedibus
918 4345 1022 4380 cursum
1042 4324 1111 4394 regia
1134 4319 1255 4392 aequavit
1276 4315 1461 4387 Pusswitqffl

164 4407 178 4425 ·'
222 4399 341 4467 fortiter,
373 4401 420 4453 sed
441 4400 504 4454 firais
525 4399 644 4456 hostibus
665 4411 775 4473 propter
791 4403 898 4458 nimiam
919 4403 1113 4458 contentionem
1129 4398 1223 4452 virium
1239 4394 1309 4449 illico
1327 4391 1461 4462 collapsam

221 4479 354 4534 extinmus
371 4485 420 4532 eat.
453 4477 525 4532 itam
540 4477 678 4550 Erigyius,
703 4489 781 4534 vetus
797 4481 867 4548 dux,
890 4481 982 4536 morbo
1000 4477 1119 4533 decuit.
1153 4477 1213 4545 (11)
1235 4471 1393 4539 Priusquam
1409 4485 1462 4524 rex
