3270 5290
555 394 606 444 nn
632 392 759 445 ousrrs
785 393 895 444 saux.
921 393 957 466 v,
985 390 1028 444 u.
1336 373 1409 447 189

176 601 247 674 qua
281 574 400 650 sidem
431 576 708 668 intemitebant,
743 577 939 650 continenti
973 574 1101 649 fronde
1127 585 1245 650 tectae
1271 578 1419 653 arbores

176 687 382 785 conspicere
406 687 657 786 prohibebant.
696 685 751 762 Nc
776 689 916 762 aurium
942 685 1086 784 quidem
1111 713 1197 761 usus
1223 699 1420 786 supererat,

176 798 286 871 silvas
318 800 502 896 quatiente
532 810 658 890 vento,
693 799 753 896 qui
787 798 1081 872 concurrentibus
1113 800 1221 872 ramis
1248 799 1421 872 maiorem

126 927 160 976 aa
178 933 286 1005 quam
327 935 394 1009 pro
435 911 524 984 flatu
559 935 688 983 sonum
724 908 864 983 edebat.
932 907 1094 1005 Tandem
1130 919 1321 1008 expectata
1354 911 1421 982 lux

177 1019 306 1110 omnia,
321 1045 413 1116 quae
438 1021 653 1094 terribiliora
677 1046 753 1093 nox
778 1020 921 1110 fecerat,
947 1021 1090 1093 minuit:
1117 1019 1292 1093 circumiri
1318 1021 1422 1096 brevi

177 1131 294 1228 spatio
326 1141 472 1230 poterat
507 1132 658 1222 eluvies,
691 1144 728 1205 et
759 1131 827 1204 sibi
853 1131 1002 1228 quisque
1029 1129 1105 1203 dux
1131 1131 1268 1205 itineris
1295 1157 1419 1230 coepe·

177 1250 235 1313 rat
260 1243 347 1316 fieri.
1079 1299 1082 1304 >

124 1368 157 1416 2⁷
279 1351 452 1427 Evadunt
482 1379 569 1452 ergo
600 1352 639 1440 in
671 1352 807 1426 editruu
839 1353 1027 1426 verticem:
1071 1377 1118 1425 ex
1159 1378 1230 1450 quo
1262 1355 1470 1428 hostiumlb

178 1463 334 1536 statione
368 1475 576 1562 conspecta,
612 1475 757 1538 strenue
792 1463 936 1553 annati,
971 1487 994 1534 a
1018 1472 1122 1562 tergo
1157 1489 1197 1536 se
1224 1463 1421 1538 ostendunt

178 1572 268 1645 nihil
299 1573 371 1648 tale
409 1575 652 1650 metuentibus
659 1602 668 1666 ;
705 1600 857 1672 quorum
888 1574 1009 1672 pauci,
1046 1576 1107 1672 qui
1139 1574 1309 1673 congredi
1341 1577 1421 1650 ausi

125 1700 160 1750 aa
179 1693 298 1775 erant,
333 1687 425 1760 caesi
458 1695 552 1759 sunt.
610 1685 736 1783 Itaque
770 1685 854 1758 hinc
884 1685 1113 1759 morientium
1138 1688 1312 1785 gemituS,
1338 1687 1423 1760 hinc

179 1794 226 1867 ad
258 1820 343 1870 suos
378 1797 638 1872 recurrentium
669 1796 880 1870 miserabilis
912 1797 1033 1888 facies,
1071 1797 1231 1895 integros
1267 1822 1420 1896 qupque,

128 1923 162 1973 ae
179 1915 373 2005 antequam
409 1907 598 1981 discrimen
631 1906 896 2006 experirentur,
930 1908 968 1979 in
992 1907 1116 2006 fugam
1142 1909 1283 1981 avertit.
1336 1907 1420 1981 Fre·

177 2017 267 2090 mim
294 2016 424 2093 deinde
449 2020 487 2091 in
513 2029 641 2111 castra,
668 2020 747 2115 quis
774 2016 944 2092 (itatenus
970 2017 1208 2116 praesidebat,
1235 2019 1345 2109 illato,
1372 2017 1421 2091 ad

178 2128 404 2226 occupandas
443 2132 644 2227 angustias,
684 2132 722 2202 in
760 2130 889 2226 quibus
930 2128 1043 2226 pridie
1081 2128 1287 2219 haeserant,
1318 2129 1420 2203 miles
1472 2220 1479 2232 Ι

126 2255 161 2304 ao
179 2237 350 2312 educitur.
404 2236 517 2313 Simul
543 2251 580 2313 ct
605 2240 767 2314 Philotas
793 2265 875 2312 cum
900 2239 1163 2340 Polyperconte
1188 2237 1421 2338 Amyntaque

178 2358 215 2420 et
241 2347 363 2424 Coeno
398 2349 580 2425 diversum
611 2353 679 2424 iter
710 2349 849 2449 ingredi
874 2352 1007 2441 iussus,
1034 2351 1142 2423 alium
1168 2361 1343 2424 terrorem
1368 2352 1420 2423 in·

126 2477 158 2524 81
178 2461 261 2534 tulit
284 2463 458 2536 barbaris.
498 2461 664 2560 Undique
691 2487 777 2561 ergo
802 2459 1042 2535 Macedonum
1069 2463 1176 2535 armis
1190 2463 1420 2559 fulgentibus

212 2713 236 2780 5.
254 2719 295 2766 25.
332 2716 377 2783 qui
401 2714 612 2767 concunentibur
638 2714 721 2767 ramis
747 2745 782 2756 -·-
816 2714 926 2767 ridebat.
967 2718 1062 2784 Itaque
1087 2713 1161 2767 nullu
1187 2731 1265 2768 eausa
1286 2719 1341 2780 est,
1374 2730 1422 2767 cur

178 2782 279 2850 edebat]
304 2782 417 2836 Secutus
435 2799 493 2835 sum
510 2781 613 2836 codices
630 2799 702 2836 meos
720 2798 782 2835 cou-
817 2781 937 2836 codicum
962 2791 1113 2836 nostrorum
1136 2783 1242 2853 quidem
1259 2781 1376 2835 omnium
1393 2789 1422 2834 et

179 2847 310 2918 einentcs',
335 2851 385 2904 nisi
408 2851 481 2921 quod
503 2849 672 2903 lateritium
690 2866 782 2903 eorum
816 2849 890 2902 Leid.
914 2852 991 2902 Voss.
1021 2857 1032 2902 1
1058 2849 1259 2920 probatissimae
1276 2849 1422 2920 scripturae

179 2917 282 2970 contexi
308 2921 425 2972 edebant.
459 2919 599 2972 Edebstur
621 2917 698 2972 initio
716 2935 782 2986 quae
816 2916 947 2972 leuissima
975 2917 1105 2971 cor-rectio
1135 2919 1318 2988 praefentur,
1354 2932 1422 3038 (iffi

67 2994 72 3002 ’
179 2988 386 3040 concedentibus
408 3017 445 3028 —
462 2989 565 3054 edebat,
583 2995 641 3039 tum
658 2986 692 3039 ab
711 2986 782 3039 Aldu
817 2995 858 3039 est
880 2985 909 3038 in
935 2985 1013 3038 editis
1035 2993 1141 3056 praeter
1167 2985 1323 3038 Modianum
1349 2984 1368 3037 lr
1401 2985 1408 2996 “

181 3054 226 3120 qui
244 3055 444 3108 concutientibus
468 3085 502 3096 —
524 3056 627 3122 edebat,
651 3055 685 3106 ab
707 3054 784 3108 lunio
818 3056 876 3124 quis
906 3053 978 3106 Orat.
999 3063 1135 3122 praeerat.
1169 3058 1239 3107 Item
1260 3052 1340 3124 paulo
1361 3061 1423 3124 post

181 3121 228 3189 qui
245 3124 444 3176 canonicatibus
461 3154 497 3165 —-
513 3125 646 3190 reddebat,
665 3123 783 3176 aModio
817 3121 887 3174 male
904 3120 985 3191 vulgo
1003 3121 1186 3175 circumfertur
1203 3123 1358 3187 haesitarat,
1372 3137 1423 3191 pro

181 3204 249 3256 quae
266 3193 519 3245 concurrentibm—
536 3193 654 3258 edebant,
673 3191 785 3272 denique
818 3206 851 3243 eo
875 3190 948 3260 quod
971 3189 1060 3260 inple
1077 3189 1148 3310 'sque
1170 3190 1247 3243 codd.
1271 3196 1312 3242 est
1334 3191 1424 3242 baete·

180 3255 263 3326 vulgo
282 3275 351 3312 nunc
367 3257 548 3314 &condentur
561 3276 627 3328 quoe
641 3269 785 3313 cantanen-
819 3269 895 3326 runt,
919 3257 946 3310 in
967 3258 1058 3330 paucis
1081 3260 1094 3327 (
1117 3258 1165 3312 lor.
1183 3257 1263 3312 EGH
1286 3257 1366 3311 Bern.
1383 3257 1423 3328 B)

180 3325 249 3378 tibia
262 3357 298 3366 —
314 3328 464 3395 reddebant,
483 3328 564 3382 silvae
581 3327 712 3381 nimirum.
730 3327 785 3380 Sed
819 3329 957 3393 baereat,
984 3327 1013 3379 in
1035 3345 1088 3380 uno
1111 3331 1187 3381 Voss.
1211 3334 1226 3380 2
1251 3328 1424 3380 haesitarant.

179 3393 267 3447 omnia
283 3394 447 3464 elegantiora
464 3397 547 3464 fiunt,
574 3395 595 3449 si
621 3404 731 3450 ventum
756 3394 785 3449 id
819 3395 931 3448 Pluralis
947 3403 1018 3449 certe
1030 3412 1154 3448 numerus
1168 3395 1299 3448 neminem
1309 3394 1425 3448 debebat

180 3460 273 3515 fecisse
289 3464 423 3518 statueris.
459 3464 530 3530 Quid
555 3466 626 3534 quod
644 3464 726 3518 etiam
743 3482 786 3518 ar·
820 3462 968 3529 offendere,
998 3482 1057 3517 cum
1084 3463 1158 3516 miles
1185 3480 1262 3518 sensu
1285 3462 1424 3517 mllectivo

179 3538 323 3601 gutantur,
347 3540 379 3585 ut
395 3550 484 3586 remos
502 3535 673 3587 concutientes
692 3541 785 3586 tuean-
820 3532 923 3586 dicatur
944 3549 996 3586 nec
1018 3541 1107 3586 tamen
1134 3531 1234 3586 directo
1257 3550 1317 3586 cum
1342 3531 1425 3585 verbo

180 3603 238 3666 tur,
262 3600 307 3719 qui
333 3618 386 3654 nou
404 3610 466 3655 sunt
483 3600 533 3654 nisi
551 3601 578 3653 iu
596 3602 673 3655 Voss.
691 3608 706 3655 2
725 3619 785 3672 pes-
819 3603 958 3655 tuernout
975 3601 1157 3672 coniungatur.

182 3664 247 3719 simo
284 3668 342 3722 bro.
854 3672 877 3737 §.
901 3675 943 3723 30.
984 3671 1074 3723 iussus
1104 3701 1139 3710 —
1168 3669 1266 3736 intulit]
1310 3667 1426 3738 Aliquot

219 3733 450 3806 Cap.16,§.28.
485 3745 624 3806 antequam
643 3738 722 3792 discr.
742 3755 786 3791 ec·
820 3736 881 3790 libri
898 3753 932 3789 cx
950 3736 1110 3790 deterionrm
1127 3753 1247 3802 numero,
1265 3735 1352 3788 nostri
1369 3734 1427 3806 qui-

176 3803 338 3873 perirentur]
372 3808 520 3874 Antequam
536 3806 606 3874 msti,
625 3805 690 3859 editi
708 3817 785 3860 antea
820 3807 880 3858 dem
904 3805 974 3860 Flor.
997 3805 1113 3858 DEFHI
1139 3813 1168 3858 et
1193 3805 1275 3858 Bern.
1291 3804 1326 3870 B,
1344 3805 1426 3857 iureis

182 3886 268 3939 quam·
820 3874 929 3927 habent.
973 3873 1075 3926 Vitium
1101 3881 1142 3926 est
1164 3891 1200 3925 vu
1244 3889 1282 3925 re.
1323 3871 1427 3936 Quodsi

215 3941 240 4004 §-
267 3946 309 3994 29.
354 3941 414 4010 quie
453 3941 580 3996 Craterus
602 3943 785 4013 praesidebat]
822 3943 1088 3996 iussi——intuteiunt
1106 3948 1183 4007 esset,
1221 3940 1308 3994 ciendi
1325 3948 1426 4011 posset,

180 4005 340 4062 Praesidere
361 4008 456 4063 eodem
479 4027 557 4064 sensu
589 4028 641 4092 quo
661 4028 788 4081 praeesse
822 4027 883 4063 nam
894 4009 1012 4076 Curtium,
1030 4010 1075 4064 ubi
1093 4008 1342 4063 subiactumaddita
1350 4025 1428 4079 prae·

181 4082 209 4126 et
226 4075 320 4147 reliqui
338 4076 480 4146 scriptores
489 4087 518 4132 et
528 4079 637 4133 Curtius
653 4097 709 4132 uon
725 4095 787 4133 raro
822 4078 955 4149 positione
985 4095 1043 4132 cum
1069 4077 1276 4148 multiplicatur,
1312 4085 1427 4146 utroque

181 4141 286 4211 diurni,
313 4152 345 4197 ut
362 4159 396 4212 ν,
416 4153 431 4200 6
450 4149 676 4227 arcipraeaidere
694 4155 787 4214 1V,·4b
822 4163 932 4200 numero
959 4146 1062 4216 utitur,
1089 4147 1158 4201 sicut
1174 4145 1283 4216 pluralis
1300 4153 1342 4198 est
1359 4145 1429 4198 inira

180 4211 271 4265 itineri
287 4215 463 4280 praecidebat.
492 4215 585 4270 Cunero
603 4235 644 4286 pr.
663 4215 738 4268 Sulla
754 4222 786 4270 31
823 4215 1048 4285 capitubivida
1062 4223 1162 4283 nomm,
1180 4213 1319 4285 singularia
1337 4222 1428 4267 autem

181 4281 242 4333 dene
251 4283 358 4360 patrios
374 4282 502 4352 appellat,
515 4285 789 4354 quibuicurbiatque
823 4299 873 4351 111,
892 4288 939 4352 35,
960 4291 991 4337 14
1009 4293 1089 4351 etv,
1107 4291 1155 4352 84,
1175 4289 1216 4338 18.
1252 4281 1294 4336 cf.
1317 4300 1427 4353 gramm

181 4348 359 4417 buicimperio
368 4353 539 4430 praecidatis.
559 4351 668 4406 Tacitus
681 4360 790 4422 praeter
822 4352 882 4406 Lat
900 4360 1019 4407 nostrum
1036 4356 1058 4422 5.
1078 4359 1137 4406 stt.

182 4415 301 4469 dativum
331 4418 454 4488 adiungit
488 4420 568 4473 etiam
603 4419 788 4487 accusativum,
859 4425 882 4489 ξ.
901 4429 943 4474 et.
967 4423 1080 4492 undique
1098 4441 1127 4475 er
1145 4424 1169 4489 a]
1188 4420 1234 4474 Sic
1250 4419 1326 4474 Mod.
1345 4420 1427 4473 editio

182 4481 251 4538 Anu.
270 4499 313 4552 111,
341 4493 374 4542 39
388 4490 540 4557 proximum
557 4491 696 4543 exercitum
708 4506 791 4559 prae·
825 4496 854 4543 et
871 4489 941 4544 Flor.
960 4507 1052 4544 omnes
1069 4498 1098 4544 et
1140 4507 1195 4544 ern.
1230 4489 1332 4542 Bcum
1350 4489 1428 4543 Voss.
