3238 5296
313 370 654 435 111111111111
674 369 800 424 111111
820 371 928 424 araxi
951 369 1035 424 Aac.
1049 369 1147 423 uram
1164 370 1214 421 rx.
1302 348 1374 422 427

144 549 242 606 mihies
260 552 339 606 duces
358 569 420 606 suos
438 550 572 606 intuentes
589 551 762 624 pertinaciter
778 552 901 619 silerent,
926 567 1028 624 rexque
1049 551 1090 606 ira
1107 559 1135 605 et
1153 550 1246 604 dolore
1264 549 1377 619 exarde-

145 647 234 696 scens,
257 630 343 683 solum
359 628 441 700 igitur
458 647 488 683 se
506 630 603 683 iturum
620 629 816 696 confirmasset,
840 628 962 684 1111111111
981 629 1102 683 omnibus
1119 629 1204 682 fluere
1221 634 1376 698 coeperunt,

144 723 194 762 nec
211 706 267 778 ipse
284 723 334 760 rex
351 706 433 761 curlis
450 714 601 778 temperare
619 706 713 778 potuit
749 713 806 774 (12)
830 706 900 759 Τ1ιιι
918 706 1025 762 Coenus
1042 723 1094 776 pro
1112 705 1232 760 exercitu
1251 703 1330 771 dicit,
1348 721 1377 758 se

144 790 252 854 paratos
271 782 377 854 qnidam
394 800 453 837 esse
471 785 546 857 sequi
565 800 724 856 quocunque
741 782 871 850 voluerit,
895 783 944 836 sed
961 782 1160 854 amplitudinem
1179 782 1235 836 eius
1253 779 1378 837 consilio·

145 879 202 914 rum
219 877 274 914 uon
292 877 400 932 capere,
421 862 564 915 exhaustos
583 860 646 932 ipsis
662 860 794 915 victoriis:
816 876 895 930 posse
912 877 1003 930 regem
1021 861 1056 913 ad
1074 860 1210 914 Oceanum
1227 875 1276 930 per
1293 867 1377 912 terras

145 939 180 992 ad
199 936 342 990 Meridiem
365 945 506 1008 vergentes
533 946 689 1007 penetrare,
717 936 836 990 siillum
859 945 991 1007 temptare
1015 937 1113 1007 cupiat.
1149 941 1207 1005 (13)
1236 935 1328 990 Ceteri
1350 941 1379 990 et

145 1015 227 1068 duces
245 1023 274 1068 et
289 1013 387 1068 milites
404 1013 498 1068 Coeno
517 1014 618 1068 assensi
639 1029 730 1084 regem
751 1013 875 1084 precibus
892 1021 1001 1085 urgent,
1029 1013 1123 1085 quihus
1141 1013 1225 1068 victus
1244 1015 1279 1066 de
1295 1013 1378 1066 111111-

145 1092 199 1146 1111
218 1089 332 1160 desiluit,
350 1099 379 1143 et
396 1107 456 1143 curn
472 1108 522 1161 per
538 1090 648 1143 biduum
665 1090 693 1143 in
710 1089 786 1161 regia
802 1089 916 1144 inclusus
934 1090 1020 1144 dolori
1037 1107 1066 1144 sc
1083 1091 1210 1159 dedisset,
1234 1089 1314 1144 tertio
1333 1089 1378 1142 dic

144 1176 175 1222 ut
196 1168 241 1222 ille
262 1168 322 1222 frnis
347 1167 525 1238 expeditionis
551 1165 659 1221 indicae
684 1168 840 1235 hebetetur,
868 1167 920 1224 aris
946 1166 1054 1238 positis,
1081 1168 1220 1222 concessit
1256 1167 1379 1221 Indead

145 1245 287 1301 Acesinem
304 1247 394 1316 (eapte
411 1255 543 1314 1111111111,
562 1247 585 1297 ri
597 1245 682 1312 fidem
699 1246 825 1298 historiae
842 1247 916 1316 aequi
932 1247 1056 1311 1111111111,
1075 1247 1151 1298 dmm
1168 1249 1206 1300 cd
1221 1247 1378 1314 Hydaspen)

146 1329 175 1375 et
192 1321 303 1374 classem
320 1321 348 1373 in
366 1338 398 1375 11
415 1329 592 1376 eonstnrctam
609 1319 759 1375 revertitur.
794 1321 992 1392 Supplementis
1014 1321 1125 1376 militum
1143 1323 1223 1376 dorna
1240 1321 1379 1374 missorum

146 1406 250 1465 auctus,
274 1397 348 1451 Poro
372 1406 401 1451 et
424 1397 521 1452 Toxilo
546 1397 653 1468 regibus
675 1397 746 1452 inter
768 1415 797 1452 se
825 1398 1014 1466 reconciliatis,
1042 1399 1204 1470 urbibusque
1228 1396 1330 1452 Nicaea
1352 1405 1380 1451 11

145 1475 299 1546 Bucephala
316 1474 459 1542 absolutis,
481 1493 540 1530 cum
557 1484 665 1545 partem
682 1475 813 1530 exercitus
838 1473 867 1527 in
888 1493 970 1530 naves
995 1477 1178 1549 imposuisset,
1205 1484 1233 1530 11
1249 1474 1380 1546 reliquum

146 1569 241 1624 agmen
258 1553 286 1607 in
304 1561 414 1622 utraque
432 1551 490 1622 ripa
506 1552 637 1623 proficisci
654 1552 784 1622 iussisset,
802 1553 921 1607 secundo
935 1571 1011 1607 arnna
1024 1554 1150 1626 navigare
1163 1553 1260 1624 coepit,
1279 1559 1380 1618 (1111111-

146 1633 206 1684 dum
224 1631 379 1684 Strabonem
396 1641 502 1683 exeunte
513 1631 576 1700 sere
592 1648 679 1684 maiae
699 1631 804 1684 Octobri
820 1630 1102 1702 1101111111126).

215 1710 272 1776 (14)
297 1706 376 1762 Circa
397 1707 562 1760 confluentes
583 1706 720 1779 Hydaspis
743 1717 772 1761 et
793 1707 915 1762 Acesinis
937 1708 965 1764 iu
985 1709 1051 1762 fines
1074 1707 1199 1763 Siborum
1220 1704 1379 1772 decucurrit,

145 1783 209 1837 inde
227 1785 262 1837 ad
279 1784 358 1838 aliam
375 1790 484 1854 gentem
501 1785 744 1854 (Agalasseis-rium,
766 1787 885 1839 Diodoro
903 1792 975 1853 teste)
992 1785 1079 1854 venit,
1102 1785 1174 1838 cuius
1192 1785 1285 1856 fugato
1303 1799 1381 1836 exer-

108 1885 110 1896 =
146 1860 200 1914 citu
218 1861 325 1930 urbem,
354 1867 434 1930 caput
450 1859 582 1930 regionis,
610 1861 725 1916 obsedit
759 1861 827 1914 Eam
850 1862 900 1934 ipsi
922 1863 1026 1917 incolae
1047 1861 1171 1916 incendio
1194 1863 1300 1928 delent,
1326 1859 1382 1912 arci

145 1945 256 2008 propter
268 1937 347 1992 situm
360 1945 541 2008 opportunum
550 1938 705 1992 Alexander
721 1937 882 2008 praesidium
899 1939 1020 2012 imponit.
1057 1942 1117 2010 (15)
1136 1939 1169 1992 In
1186 1935 1380 1993 confluentibus

145 2014 225 2068 trium
242 2014 387 2082 fluminum,
405 2012 467 2067 Indi
485 2021 514 2066 et
522 2013 659 2084 Hydaspis
674 2031 733 2070 cum
741 2014 856 2068 Aceainc
873 2015 926 2070 iarn
943 2016 1086 2084 coniuncti,
1106 2015 1197 2070 classis
1215 2013 1382 2084 naufragium

146 2092 222 2158 lacit,
249 2099 278 2145 et
297 2091 379 2163 ipsius
400 2091 472 2162 regis
494 2090 569 2146 navis
596 2108 675 2162 aegre
700 2089 843 2146 vorticibus
868 2093 985 2165 eripitur.
1020 2095 1130 2161 (Venor
1147 2097 1194 2148 hoc
1210 2092 1382 2162 naufragium

146 2171 282 2222 Arrianus
299 2171 428 2223 accidisse
451 2172 533 2222 tradit
555 2169 584 2220 in
606 2169 794 2239 confluentibus
811 2169 949 2242 Hydaspis
967 2183 991 2226 et
1009 2171 1145 2238 Acesinis,
1168 2171 1238 2240 quod
1252 2171 1279 2222 ai
1295 2185 1381 2223 aenea

146 2253 195 2312 cat,
211 2245 250 2297 uti
266 2262 330 2298 rane
347 2248 456 2310 videtur,
477 2247 676 2314 Oxydracanrm
693 2257 717 2300 et
730 2245 877 2302 Mallorum
893 2251 958 2304 111111
975 2251 1050 2319 longe
1066 2249 1137 2302 alias
1145 2248 1191 2316 fit,
1210 2247 1381 2316 definitnrqae

147 2322 264 2376 1111111111
282 2323 392 2376 Acerina
422 2333 445 2376 et
462 2324 595 2392 Hyaroti.)
639 2324 697 2391 (te)
720 2323 788 2376 Inde
811 2323 839 2378 in
857 2323 1058 2396 Oxydracarum
1075 2324 1271 2394 Mallorumque
1293 2321 1381 2392 regio·

146 2414 207 2451 nem
224 2399 355 2468 pervenit,
374 2417 483 2472 quaram
500 2399 620 2470 gentium
637 2401 796 2456 coniunctae
812 2400 905 2471 copiae
922 2402 1057 2474 ingentem
1072 2403 1220 2456 exaratum
1229 2401 1380 2454 effecerant

147 2474 242 2544 Itaque
251 2474 428 2530 Macedonum
445 2476 547 2530 animos
564 2479 735 2548 perturbatos
753 2495 801 2532 rex
819 2487 941 2534 cratone
959 2480 1051 2535 habita
1068 2479 1214 2534 coufirmat.
1242 2483 1300 2546 (lt)
1319 2476 1380 2541 Quo

147 2551 218 2606 facto
242 2569 300 2605 cum
324 2553 439 2607 alacrem
461 2553 608 2608 exercitum
632 2556 757 2609 adversus
781 2556 936 2626 Oxydrecas
959 2557 1091 2625 duxisset,
1117 2555 1223 2611 barbari
1246 2571 1301 2612 nan
1324 2551 1382 2606 ausi

147 2627 279 2699 proelium
296 2628 362 2685 inire
380 2632 443 2700 suga
460 2631 656 2702 disperguntur.
693 2633 751 2700 (18)
770 2633 870 2688 Eorum
888 2637 950 2699 (sice
966 2637 1112 2690 Mallorum
1125 2634 1227 2704 patius)
1245 2629 1382 2701 oppidum,

147 2705 175 2758 in
193 2708 266 2777 quod
282 2707 403 2780 plerique
421 2709 610 2778 contirgerant,
628 2709 796 2777 Alexander,
815 2710 993 2783 nequicquam
1011 2711 1151 2765 deterritus
1168 2728 1185 2763 a
1201 2715 1277 2774 vate,
1295 2705 1381 2759 adori-

148 2791 204 2850 tur,
229 2801 340 2856 cumque
357 2785 457 2856 primus
479 2786 507 2838 in
525 2803 626 2853 murum
644 2785 772 2839 evasisset
789 2794 818 2839 et
834 2784 1029 2858 insequentium
1046 2787 1159 2858 militurn
1176 2785 1275 2854 impetu
1293 2782 1382 2836 scalae

147 2859 245 2913 tractae
262 2870 359 2928 essent,
377 2867 435 2930 (19)
454 2860 603 2916 admirabili
620 2861 771 2915 temeritate
789 2862 818 2915 in
834 2864 927 2917 urbem
945 2865 1045 2933 desilit,
1063 2865 1208 2933 hostesque
1217 2860 1381 2929 ingruentes,

150 2953 261 3006 corpore
278 2939 312 2990 ed
329 2941 450 2992 arborem
468 2938 607 3011 applicato,
623 2935 758 3008 propellit.
795 2940 854 3008 (20)
871 2940 981 2995 Emiuus
999 2941 1060 2994 telis
1077 2940 1176 3012 petitus
1194 2935 1382 2991 1111111111-

149 3020 237 3079 ratus,
264 3013 292 3068 in
317 3033 405 3087 genua
426 3018 604 3087 procumbens
630 3031 747 3085 pugnarn
772 3023 862 3069 tamen
889 3035 944 3070 uon
966 3017 1075 3072 omittit.
1110 3018 1168 3085 (21)
1191 3015 1232 3067 Eo
1255 3011 1383 3082 temporis

149 3099 282 3145 momento
300 3093 377 3164 panti
395 3111 430 3147 ex
447 3091 583 3164 armigeris
601 3089 720 3145 subsidio
739 3091 863 3160 veniunt,
887 3094 936 3147 sed
954 3111 1033 3166 aegre
1056 3111 1085 3148 se
1102 3105 1246 3163 regemque
1264 3095 1382 3154 tuentur,

150 3165 237 3219 donec
260 3170 392 3224 exercitus
414 3171 485 3223 fama
507 3168 577 3240 regis
600 3167 681 3223 occisi
703 3169 827 3222 efferatus
853 3168 881 3224 iu
903 3172 997 3224 urbem
1019 3167 1153 3240 irrumpit,
1179 3168 1324 3235 hostesque
1348 3164 1384 3217 ad

151 3241 359 3300 internecionem
377 3245 472 3300 caedit
508 3247 566 3316 (eat
585 3246 741 3299 Alexander
758 3263 816 3300 curn
833 3264 931 3318 magno
950 3259 978 3302 et
994 3246 1077 3318 ipsius
1095 3244 1213 3316 periculo
1228 3252 1255 3296 et
1271 3240 1383 3295 rnilitum

151 3337 270 3375 maerore
287 3333 400 3378 1111111.
437 3326 495 3394 (23)
518 3323 646 3376 Nondum
667 3331 806 3393 percurato
825 3323 935 3378 vulnere
953 3325 1027 3379 lento
1045 3340 1122 3378 cursu
1139 3320 1266 3391 navigare
1287 3316 1382 3388 pergit

152 3400 210 3467 (24)
229 3398 354 3454 Crateuas
372 3401 407 3453 ad
424 3416 484 3452 eum
500 3417 591 3470 preces
609 3399 753 3452 amicomm
771 3400 870 3468 defert,
887 3409 917 3455 ut
934 3400 1012 3456 saluti
1030 3417 1093 3454 suae
1111 3414 1221 3470 parcere
1237 3412 1289 3450 neu
1302 3395 1384 3448 vitam

151 3472 179 3526 in
194 3474 290 3544 pugnis
306 3475 470 3548 ignobilibus
487 3477 603 3546 prodere
620 3475 692 3530 velit.
728 3479 783 3546 (21.
802 3483 847 3546 21)
865 3477 1025 3549 Respondet
1042 3477 1068 3531 ei
1090 3494 1139 3530 rex
1162 3475 1244 3544 longa
1262 3482 1384 3526 111111-

151 3551 359 3620 runcatione,
386 3570 415 3606 sc
432 3553 561 3623 pietatem
578 3554 685 3625 quidem
703 3553 807 3608 illorum
830 3561 858 3607 et
878 3571 1024 3625 agnoscere
1046 3562 1074 3608 et
1094 3554 1219 3616 laudare,
1246 3550 1294 3602 1111
1311 3567 1384 3602 suain

151 3624 232 3678 vitam
249 3644 303 3680 non
321 3627 492 3682 diuturnitate
511 3631 558 3681 sed
576 3629 663 3700 gloria
681 3630 837 3684 assumere:
862 3649 912 3701 pro
935 3649 968 3684 11
984 3631 1085 3684 nullum
1103 3629 1150 3682 sibi
1174 3627 1293 3681 laborem
1309 3643 1385 3679 recu·

151 3701 261 3754 sendum
279 3719 354 3758 esse:
381 3704 420 3758 illi
437 3713 605 3774 praestarent
620 3708 716 3773 modo,
743 3715 773 3759 ut
790 3709 824 3760 ab
848 3706 975 3761 intestino
999 3707 1100 3760 scelere
1116 3714 1189 3759 11111
1208 3711 1287 3756 essct.
1324 3703 1384 3772 (at)

151 3776 262 3830 Interim
279 3777 374 3836 Graeci
392 3780 501 3846 milites,
527 3781 555 3834 in
574 3781 691 3835 colonias
710 3781 779 3836 cirea
795 3783 893 3836 Bactra
911 3781 1031 3850 deducti,
1056 3783 1122 3835 duce
1141 3779 1240 3834 Bicouc
1259 3779 1384 3849 quodam,

152 3853 318 3923 defecerunt,
342 3864 371 3910 et
393 3855 420 3909 in
442 3855 555 3927 patriam
578 3857 674 3910 reverti
698 3865 855 3927 coeperunt.
890 3860 950 3927 (28)
975 3858 1134 3928 Oxydracae
1152 3856 1280 3927 Mallique
1298 3855 1384 3908 missis

151 3929 247 4000 legatis
265 3947 323 3984 sese
342 3932 455 4000 dedunt,
478 3939 506 3985 et
523 3932 652 4004 imperata
669 3933 778 3987 faciunt.
814 3933 874 3998 Qua
891 3951 920 3986 11
943 3933 1029 3987 laetus
1047 3952 1096 3988 rex
1114 3934 1218 3988 celebre
1236 3932 1385 3988 convivimn

151 4006 278 4075 1111111111,
303 4009 363 4080 (29)
386 4010 414 4063 in
437 4027 490 4081 quo
515 4025 573 4062 cum
590 4008 741 4079 Dioxippus
761 4009 836 4080 pugil
853 4009 1025 4064 Atheniensis
1047 4014 1081 4064 ab
1098 4012 1217 4064 Horrata
1234 4009 1384 4062 Macedone

151 4083 371 4158 (atiiKipp‘nyov
388 4093 490 4150 vocant)
508 4086 669 4151 eluderetur,
687 4085 813 4154 singulari
831 4086 974 4140 1111111ιί111
992 4087 1137 4141 constituto
1154 4085 1219 4139 vicit
1235 4085 1318 4156 pugil,
1337 4085 1386 4138 sed

150 4179 206 4214 non
223 4160 306 4214 multo
324 4171 387 4233 post
403 4165 437 4236 ab
456 4158 566 4215 inimicis
585 4163 652 4216 falso
671 4161 779 4216 crimine
801 4162 902 4234 petitus
924 4171 952 4216 et
969 4162 1080 4216 infamia
1096 4172 1204 4218 notatus
1223 4161 1384 4230 semetipse

151 4236 291 4292 interemit.
328 4241 386 4309 (30)
405 4240 472 4293 lnde
491 4239 623 4294 exercitus
642 4247 670 4291 et
687 4237 798 4292 navibus
816 4249 907 4294 vectus
926 4237 1085 4310 etpedibus
1103 4239 1230 4292 incedens
1248 4252 1297 4307 per
1314 4237 1386 4291 Mal·

152 4314 191 4366 los
210 4315 244 4366 ad
261 4314 389 4370 Sabarcas
408 4317 554 4387 (Diodorus
574 4316 728 4368 Sambastas
746 4324 829 4381 occat)
846 4316 934 4383 venit,
962 4332 1030 4388 quae
1048 4331 1114 4386 gens
1137 4313 1240 4384 ingenti
1258 4311 1385 4368 Macedo-

151 4408 214 4442 num
230 4402 360 4462 apparatu
384 4393 504 4464 perculsa
526 4409 584 4446 sese
603 4392 714 4446 dedidit.
750 4397 808 4462 (31)
830 4393 919 4446 Etiam
946 4393 981 4445 ad
1004 4409 1083 4462 quarn
1107 4388 1232 4460 deinceps
1254 4400 1387 4444 uenerunt

151 4473 257 4536 gentem
274 4468 336 4524 fidei
358 4468 467 4524 victoris
485 4486 515 4524 se
531 4468 665 4540 permisit,
692 4469 719 4524 in
745 4468 818 4524 ouius
841 4469 937 4524 finibus
956 4465 1122 4522 Alexandria
1144 4465 1252 4520 condita
1272 4473 1315 4518 est
1337 4469 1387 4536 (ad
