3270 5290
537 379 588 428 ou
613 375 741 428 cus'rrs
772 377 882 428 mex.
908 377 945 446 v,
973 374 1015 426 ra
1339 357 1411 430 185

168 585 269 638 cnxx
302 560 420 636 stadia
453 561 641 660 procurrit.
692 557 773 634 Hoc
807 559 955 634 dorsum
981 585 1003 632 a
1030 556 1190 632 Caucaso
1217 569 1339 632 monte
1366 559 1414 632 ad

133 674 318 750 erubrum
348 697 447 745 mare
478 672 652 769 pertinet3
685 695 826 768 quaque
862 670 991 744 defecit
1017 695 1137 759 mons,
1172 669 1269 742 aliud
1301 673 1414 744 muni·

165 794 346 874 mentum,
372 783 522 873 fretum,
548 782 729 856 obiectum
754 792 819 856 est.
872 781 1043 856 Planities
1070 778 1200 854 deinde
1225 781 1293 854 sub
1320 783 1412 855 radi·

167 894 269 967 cibus
295 894 472 966 montium
497 894 657 992 spatiosa
682 892 902 992 procumbit,
928 891 1054 966 fertilis
1082 901 1195 982 terra,
1222 893 1414 988 multisque

132 1005 257 1080 rricis
284 1014 393 1100 atque
419 1003 568 1078 urbibus
594 1004 771 1102 frequens.
823 1001 967 1076 Araxes
995 1003 1110 1076 amnis
1136 1027 1202 1101 per
1226 1003 1294 1076 hos
1321 1029 1413 1076 carn-

168 1140 236 1214 pos
261 1115 458 1190 multorum
483 1139 595 1212 aquas
622 1115 837 1190 torrentium
863 1114 1001 1190 evolvit
1025 1113 1064 1186 in
1088 1109 1253 1186 Medum:
1284 1111 1414 1188 Medus

168 1226 217 1300 ad
242 1251 343 1302 mare
369 1225 417 1298 ad
442 1225 627 1301 meridiem
652 1251 796 1317 versus,
828 1225 945 1298 minor
972 1223 1087 1298 amnis
1113 1247 1157 1296 eo
1184 1248 1291 1320 quem
1316 1249 1414 1298 acce·

132 1337 239 1437 epit,
270 1337 450 1428 evehitur,
485 1335 757 1435 gignendaeque
791 1335 925 1410 herbae
960 1359 1035 1408 non
1070 1333 1160 1406 alius
1196 1344 1253 1408 est
1287 1336 1415 1433 aptior,

169 1446 339 1545 quicquid
372 1447 475 1520 alluit
499 1447 647 1520 floribus
673 1449 841 1521 vestiens.
890 1444 1033 1518 Platani
1060 1470 1203 1541 quoque
1229 1456 1267 1518 et
1291 1447 1414 1545 populi

169 1568 367 1656 contegtmt
391 1559 507 1657 ripas,
542 1559 594 1632 ita
628 1569 670 1634 ut
694 1559 821 1657 procul
855 1556 1056 1632 visentibus
1083 1557 1293 1630 continuata
1318 1555 1415 1632 vide·

169 1680 278 1744 antur
302 1670 486 1744 montibus
511 1693 661 1744 nemora
685 1669 855 1767 riparum.
908 1665 1049 1766 Quippe
1080 1667 1317 1744 obumbratus
1343 1693 1416 1742 am·

168 1781 225 1856 nis
259 1805 386 1879 presso
420 1781 459 1854 in
490 1781 607 1854 solum
645 1780 748 1854 alveo
783 1780 969 1869 dilabitur,
1004 1779 1261 1875 imminentque
1295 1779 1413 1868 colles,

171 1893 241 1991 ipsi
254 1916 397 1989 quoque
410 1889 597 1966 frondibus
625 1891 720 1980 lacti,
733 1888 872 1964 radices
899 1891 1201 1964 eorumhumore
1226 1889 1413 1962 subeunte.

136 2001 283 2100 eRegio
309 2027 383 2074 non
409 2003 479 2074 alia
504 2013 583 2076 tota
608 2001 698 2075 Asia
724 2001 901 2076 salubrior
925 1998 1097 2073 habetur:
1131 2009 1311 2098 temperat
1337 2025 1414 2073 coe·

170 2114 247 2186 lum
279 2112 362 2188 hinc
393 2123 608 2212 perpetuum
639 2113 764 2210 iugum
801 2136 954 2209 opacum
986 2121 1025 2186 et
1055 2111 1280 2200 umbrosum,
1317 2111 1414 2208 quod

172 2233 294 2298 aestus
329 2224 442 2314 levat,
478 2224 573 2296 illinc
603 2249 703 2298 mare
729 2222 955 2312 adiunctum,
991 2221 1089 2320 quod
1122 2221 1264 2296 modico
1290 2233 1415 2321 tepore

173 2346 290 2407 terras
316 2335 423 2410 fovet.

172 2503 256 2582 quod,
279 2501 324 2554 sed
351 2501 390 2556 ita
410 2508 441 2553 ut
458 2499 535 2554 simul
552 2500 631 2554 etiarn
649 2500 779 2554 montium
813 2517 872 2554 cum
889 2499 1014 2554 mendose
1032 2498 1158 2571 scriptum
1176 2499 1326 2554 existimare
1337 2503 1417 2556 debc-

170 2588 235 2642 ruga
256 2569 351 2641 quibus
374 2569 487 2626 efficitur
503 2569 690 2640 significentur.
727 2569 779 2624 Ce-
812 2577 854 2624 ret
872 2570 902 2636 (a
920 2587 969 2640 pro
987 2572 1036 2636 od)
1055 2568 1203 2622 intextum
1221 2569 1328 2640 recepit.
1347 2570 1417 2626 Hinc

171 2647 261 2698 terum,
276 2641 365 2692 stadio
384 2653 416 2692 eo
433 2638 491 2692 loco
504 2638 589 2708 posui,
602 2638 778 2708 quoverbum
812 2635 863 2690 leri
882 2637 1046 2690 correctione
1072 2637 1191 2691 adhibita
1209 2637 1359 2692 Radcrisno
1376 2640 1417 2692 in-

170 2707 269 2777 legitur
286 2707 314 2759 in
331 2706 464 2761 codicibus
482 2705 611 2772 omnibus,
625 2724 685 2759 cum
700 2714 779 2760 antes
812 2704 890 2776 genio
912 2706 1012 2776 prodiit
1033 2705 1104 2774 vulg.
1128 2723 1145 2758 a
1167 2708 1237 2758 mort
1254 2715 1282 2759 et
1299 2710 1337 2760 od
1353 2725 1416 2761 mer.

265 2775 384 2845 priorem
419 2791 557 2828 numerum
598 2774 777 2828 collocaretur.
812 2791 903 2827 verum
930 2774 1000 2827 omni
1024 2791 1103 2826 sensu
1120 2773 1255 2828 destituta.
1291 2776 1417 2828 Ceterum

196 2863 226 2897 ro
250 2861 282 2898 co
322 2845 376 2896 uod
397 2852 437 2897 est
472 2845 599 2910 recurrit,
617 2843 646 2896 in
662 2841 776 2896 mor-,c
811 2843 845 2894 de
863 2841 903 2894 his
921 2842 1041 2894 munibus
1059 2857 1204 2911 eorumque
1231 2841 1258 2894 in
1280 2860 1352 2896 mare
1370 2844 1417 2895 de·
1474 2889 1478 2897 .

170 2911 289 2966 DEFHI
332 2929 389 2966 ern.
408 2911 430 2964 B
449 2862 544 2979 ibgitur
557 2913 699 2981 percurrit.
722 2911 778 2964 Pro
812 2927 898 2974 cursu,
928 2909 950 2963 si
969 2927 1046 2964 verus
1064 2917 1120 2974 est,
1148 2911 1183 2962 cf.
1200 2907 1342 2963 RitteriG
1409 2951 1417 2964 .

171 2983 336 3034 latitudinem
354 2979 382 3036 in
399 2979 449 3032 Flo
465 3019 471 3033 .
488 2981 514 3033 A
532 2981 637 3034 Vossl
658 2988 699 3032 ast
716 2981 777 3032 alti·
811 2977 907 3048 prioris
924 2978 987 3031 edit.
1005 2985 1069 3030 tom.
1087 2991 1111 3029 11
1139 2995 1166 3046 p.
1186 2983 1239 3037 102,
1254 2995 1293 3047 sq.
1327 2979 1372 3031 Hc
1393 2979 1416 3032 'e

172 3049 296 3116 tudinem,
306 3056 438 3118 corrupte.
455 3049 634 3102 Latitudinen
652 3046 777 3117 intelligit
812 3046 919 3116 quidem
937 3045 1066 3099 orientem
1083 3061 1173 3098 versus
1186 3046 1213 3097 in
1224 3044 1309 3098 lacum
1318 3047 1416 3100 salsum

174 3133 254 3186 quam
270 3133 395 3187 superare
412 3117 509 3171 debent
527 3117 573 3186 qui
590 3117 624 3170 sb
638 3116 777 3169 occidente
811 3123 927 3180 exeunt,
955 3115 988 3169 cf.
1007 3113 1125 3166 eiusdem
1144 3112 1230 3184 operis
1249 3115 1416 3188 novamnedi·

173 3183 301 3238 orientem
324 3202 415 3240 versus
439 3186 568 3252 tendunt,
594 3201 656 3238 narn
673 3193 776 3238 montes
811 3183 908 3238 tionem
926 3191 990 3236 tom.
1007 3195 1063 3235 vm
1079 3201 1106 3252 p.
1126 3189 1183 3236 766.
1203 3187 1262 3236 866.

172 3251 283 3306 fflffi'fld
299 3255 408 3308 fabrum
425 3269 512 3320 ΜΝ,
537 3253 563 3306 h·
585 3269 608 3306 θ·
632 3253 666 3305 “d
690 3251 776 3306 ‘inum
845 3287 868 3354 ξ.
896 3291 921 3338 8.
965 3286 1037 3337 clueo
1068 3285 1208 3364 dilabitur]
1255 3283 1415 3340 Coniectura

171 3320 315 3400 Remicum’
333 3321 468 3403 meridiem
485 3339 576 3402 'fe-”¹¹⁸
593 3320 776 3401 pertinere-‘fi'
809 3354 876 3407 baec
900 3370 960 3405 esse
988 3351 1111 3423 principis
1145 3351 1267 3406 edibonis
1300 3353 1405 3408 videtur

171 3398 214 3444 ort.
258 3391 397 3444 Interrorrs
423 3389 538 3444 Persidis
563 3399 665 3444 montes
695 3389 776 3442 atrum
905 3421 911 3432 ·
946 3419 953 3434 ·
1033 3420 1039 3432 ·
1302 3423 1307 3434 ·
1357 3425 1362 3434 -
1406 3394 1415 3423 ²

171 3467 284 3512 ne...
308 3459 445 3538 aa...
467 3475 518 3527 g..
567 3458 774 3529 perdocemur.
809 3441 871 3544 233¹
882 3421 954 3544 dit
979 3423 1415 3544 tbbbsd‘dtb'tb

171 3476 775 3650 fflffiqssdffiscssu'ggnffimguffitgffl
809 3557 882 3612 nulla
896 3575 979 3640 ‘causa
996 3565 1038 3610 est
1049 3575 1101 3678 tcur
1118 3559 1258 3679 verborulrp
1269 3508 1414 3639 dulibentio,

260 3635 272 3673 ν,
980 3643 1002 3680 s.

171 3663 393 3784 pagg-dm
417 3672 445 3718 .
469 3664 517 3718 ...
538 3703 544 3715 -
562 3663 642 3716 1...
659 3664 686 3716 Α
702 3662 775 3716 eor·
808 3645 926 3749 ecs
939 3635 1415 3764 osciacensem*

207 3803 232 3864 s.
253 3805 275 3852 7.
310 3801 406 3854 Medus
428 3803 467 3854 ud
487 3817 560 3853 more
582 3802 621 3854 ad
640 3801 774 3853 meridiem
843 3801 866 3866 ς.
886 3804 910 3852 9.
946 3806 1070 3864 temperat
1096 3797 1202 3864 coelum]
1239 3795 1319 3848 Parui
1342 3798 1415 3850 codi-

171 3885 262 3922 versus
285 3899 317 3908 -
342 3871 465 3938 euehitur]
506 3868 551 3922 Sic
576 3876 616 3921 est
644 3867 672 3921 in
699 3866 773 3920 leid.
809 3866 882 3921 cibus
900 3863 1005 3934 optimis
1023 3864 1219 3918 BernAFlor.
1232 3865 1282 3917 AB
1300 3864 1414 3921 etLeid.

169 3939 245 3990 Voss.
266 3943 277 3989 1
300 3936 371 3991 Flor.
389 3937 438 3990 AB
456 3937 537 3990 Bern.
556 3937 593 4002 A3
620 3935 647 3988 in
665 3935 774 4005 reliquis
808 3938 885 3988 Voss.
905 3941 917 3985 1
939 3934 1176 4012 (typographormn
1199 3949 1315 3986 errorem
1339 3943 1412 3987 ratus

169 4013 197 4056 et
214 4005 274 4058 edd.
292 4013 356 4059 vett.
374 4005 439 4058 item
456 4007 494 4060 ad
510 4021 583 4058 more
601 4005 716 4074 quidem,
726 4005 773 4056 sed
809 4003 881 4072 quod
899 4001 926 4056 in
944 4001 1006 4054 emt.
1025 4001 1108 4056 Susk.
1126 4017 1160 4054 ex
1178 4001 1209 4054 iis
1227 4009 1334 4055 notatur
1351 4013 1414 4054 tem-

168 4080 225 4126 tum
243 4074 299 4126 feru
317 4075 397 4127 etad
416 4091 479 4126 mer.
501 4090 621 4127 reversus
644 4072 727 4138 (Flor.
744 4071 771 4124 D
802 4089 871 4141 pera
890 4071 1008 4135 coelum).
1035 4069 1125 4150 Vulgo
1143 4069 1223 4140 paulo
1242 4069 1348 4139 quidem
1366 4071 1413 4124 ab-

167 4139 234 4193 EHI
252 4141 334 4194 Bern.
356 4141 395 4208 B)
420 4150 467 4195 sut
491 4151 516 4196 et
537 4143 629 4194 meriti.
654 4157 773 4194 reversus
807 4139 919 4210 ruptim,
938 4137 987 4192 etsi
996 4155 1049 4193 nou
1061 4155 1147 4192 mmus
1156 4146 1236 4204 recte,
1246 4147 1415 4208 temperatum

168 4207 254 4276 (Flor.
280 4208 303 4261 F
326 4209 384 4262 Pul.
405 4217 417 4262 l
442 4214 551 4263 Vocat
574 4208 638 4262 edit.
656 4212 708 4279 pr.)
727 4215 774 4260 sut
808 4210 914 4273 coelum,
933 4207 980 4260 sed
997 4205 1212 4277 interpunctione
1229 4215 1333 4260 mutata
1347 4207 1416 4262 hanc

168 4295 226 4330 cum
243 4281 282 4330 ud
304 4279 397 4331 merid.
424 4296 544 4332 reuersus
569 4277 652 4342 (Flor.
672 4277 706 4342 C)
726 4283 774 4328 sut
807 4285 925 4330 nostram
948 4275 1105 4345 scripturam
1129 4275 1261 4344 elegantia
1278 4283 1416 4346 praestum

168 4355 191 4400 et
210 4349 247 4398 orl
264 4363 327 4400 mer.
346 4363 436 4400 verum
461 4345 544 4414 (Flor.
564 4345 590 4399 G
607 4345 671 4399 edit.
690 4344 774 4410 Alo).
807 4344 884 4398 facile
901 4343 1006 4397 sentias.
1029 4343 1162 4412 (Medium
1186 4345 1269 4412 Herio
1287 4361 1338 4397 non
1356 4345 1413 4396 ulia

168 4411 274 4466 Modius
293 4414 320 4466 in
339 4413 393 4468 suis
412 4431 440 4466 so
454 4413 688 4479 inveneramus,
704 4415 774 4482 quod
808 4422 861 4466 tota
890 4413 959 4466 Aria
992 4414 1125 4466 salubrior
1151 4421 1274 4482 temperer
1300 4414 1415 4465 coetum:

167 4478 198 4532 in
214 4481 309 4536 nostris
326 4481 398 4537 Flor.
419 4481 475 4536 ΒΗ
491 4491 540 4551 est,
558 4501 576 4536 c
594 4499 675 4553 mure,
693 4490 775 4552 atque
807 4483 867 4534 binc
878 4489 1034 4550 perpetuum
1051 4481 1115 4551 cet.)
