3158 5294
242 301 317 373 450
713 321 746 385 o.
774 319 898 374 cuarn
923 321 1007 374 surr

240 504 395 578 effertur.
448 503 505 578 Ita
531 504 713 582 seditionis
737 529 811 576 non
836 503 994 580 remedia
1013 529 1120 602 quum
1144 502 1320 602 principia
1347 507 1495 578 maiora

239 626 332 689 sunt.
384 613 466 688 Non
493 617 579 689 alias
600 627 675 688 tam
694 617 810 689 alacer
828 618 962 688 clamor
981 616 1026 689 ab
1046 615 1206 688 exercitu
1228 625 1285 688 est
1305 613 1493 702 redditus,
1507 633 1528 678 a

238 726 453 818 iubentium,
486 726 634 802 duceret
660 727 726 800 diis
753 727 933 817 secundis,
967 737 1205 823 aequaretque
1230 726 1369 824 gloria,
1400 751 1494 823 quos

238 839 487 911 aemularetur.
539 838 672 911 Laetus
697 838 753 910 his
772 838 1084 912 acclamationibus
1103 836 1150 910 ad
1171 837 1295 910 hostes
1317 839 1495 934 protinus

238 959 356 1023 castra
381 959 513 1022 movet
567 947 816 1022 Validissimae
841 948 1012 1022 Indorum
1038 959 1163 1046 gentes
1190 957 1312 1036 erant,
1346 957 1391 1020 et
1421 948 1494 1021 bel-
1509 965 1528 1012 s

236 1061 311 1133 lum
335 1061 485 1158 impigre
512 1055 706 1157 parabant3
733 1058 931 1158 ducemque
957 1083 1004 1132 ex
1028 1059 1173 1131 natione
1200 1055 1494 1156 Oxydracarum

236 1181 418 1271 spectatae
445 1171 588 1244 virtutis
617 1172 807 1268 elegerant,
834 1171 894 1267 qui
917 1170 985 1242 snb
1007 1166 1185 1242 radicibus
1205 1171 1341 1242 montis
1365 1184 1493 1243 castra

237 1283 368 1380 posuit,
387 1283 530 1379 lateque
549 1271 660 1378 ignes,
687 1292 728 1354 ut
748 1281 902 1379 speciem
921 1278 1157 1353 multitudinis
1176 1295 1340 1377 augeret,
1364 1292 1493 1355 osten-

238 1393 300 1483 dit,
328 1393 482 1465 clamore
508 1415 648 1489 quoque
675 1417 717 1464 ac
743 1391 798 1464 sui
824 1392 933 1465 moris
960 1392 1098 1465 ululatu
1117 1389 1318 1462 identidem
1341 1394 1492 1489 acquie

127 1525 132 1534 '
237 1513 376 1576 scentes
401 1501 616 1576 Macedonas
643 1503 777 1574 frustra
801 1512 936 1576 terrere
963 1511 1123 1574 conatus
1175 1499 1250 1572 Iam
1276 1501 1347 1573 lux
1377 1529 1490 1600 appe
1505 1519 1528 1568 ss

236 1614 347 1704 tebat,
374 1639 455 1686 cum
481 1639 548 1686 rex
566 1610 717 1686 fiduciae
740 1639 782 1686 ac
805 1613 880 1711 spei
905 1613 1032 1710 plenus
1058 1615 1192 1686 alacres
1219 1611 1354 1684 milites
1386 1639 1490 1685 arnis

238 1750 374 1824 capere,
402 1733 439 1798 et
456 1726 555 1799 exire
575 1724 612 1796 in
631 1724 742 1796 aciem
760 1725 868 1798 iubet.
922 1722 1004 1815 Sed,
1029 1721 1126 1796 haud
1145 1721 1299 1795 traditur
1320 1733 1489 1810 metune,

236 1861 283 1908 an
302 1836 431 1910 oborta
452 1837 626 1910 seditione
651 1836 745 1908 inter
770 1835 878 1942 ipsos,
906 1835 1025 1909 subito
1050 1833 1287 1933 profligarunt
1314 1833 1487 1921 barbari3

236 1958 332 2020 certe
368 1949 467 2022 avios
509 1963 650 2020 montes
687 1956 724 2018 et
764 1944 954 2042 impeditos
990 1953 1275 2043 occupaverunt:
1322 1969 1484 2041 quorum
1500 1963 1520 2008 ἑὲ

234 2082 363 2155 agmen
388 2083 454 2132 rex
479 2059 613 2130 frustra
638 2065 857 2155 persecutus,
883 2054 1138 2154 impedimenta
1163 2056 1265 2152 cepit.

187 2169 232 2239 18
337 2167 572 2264 Perventum
590 2166 719 2241 deinde
754 2177 810 2240 est
844 2165 891 2238 ad
925 2165 1097 2263 oppidum
1124 2162 1484 2265 Oxydracurrnn,in

235 2276 333 2374 quod
367 2277 524 2374 plerique
559 2279 810 2376 confugerant,
845 2275 943 2349 haud
968 2277 1102 2350 maiore
1126 2275 1257 2350 fiducia
1282 2280 1484 2362 moenium,

236 2413 344 2484 quam
370 2411 559 2460 armorum.
611 2387 688 2460 Iam
719 2386 937 2461 admovebat
961 2412 1043 2478 rex,
1076 2413 1157 2460 oum
1191 2397 1294 2462 vates
1327 2413 1483 2463 monere
1497 2407 1518 2454 Ξῖ

197 2589 198 2592 ’
232 2578 307 2633 Edit.
321 2598 361 2650 pr.
379 2583 495 2650 efferim,
518 2579 601 2634 Aldus
619 2588 648 2634 et
665 2577 760 2650 reliqui
775 2579 837 2648 scr·
871 2577 980 2633 strucdo
998 2597 1119 2634 nc-an
1136 2581 1289 2650 prosiva—
1302 2583 1368 2646 aiae,
1387 2601 1483 2654 quam-

234 2659 291 2716 tur,
319 2649 395 2702 codd.
423 2657 469 2702 aut
496 2650 617 2718 adfertur
644 2656 690 2702 aut
717 2645 836 2716 effertur.
871 2647 910 2700 vis
934 2647 1058 2718 frequens
1086 2647 1121 2701 sit
1143 2648 1214 2717 apud
1237 2647 1381 2716 Tacitum,
1411 2669 1427 2703 a
1449 2652 1482 2703 ud

233 2717 314 2770 Patet
331 2717 505 2771 Vindelinum
522 2719 614 2772 verum
631 2716 736 2770 vidisse.
871 2714 994 2770 Curtium
1025 2723 1114 2770 umen
1143 2733 1196 2770 nou
1222 2716 1368 2772 mvcnitur.

267 2789 290 2854 5.
307 2792 349 2840 23.
385 2804 415 2840 oe
469 2796 557 2856 reique
578 2787 679 2856 pluria]
713 2783 788 2838 Editi
812 2793 836 2837 et
871 2783 954 2854 ipsam
972 2785 1006 2838 ob
1024 2802 1130 2838 causam
1154 2785 1237 2838 nolim
1259 2802 1319 2838 cum
1338 2786 1439 2841 Medio
1456 2799 1480 2839 et

233 2863 364 2924 aequaret,
385 2871 412 2908 se
449 2854 489 2908 uti
507 2873 554 2909 nos
572 2853 701 2907 edidimus
719 2851 792 2906 Mod.
807 2859 835 2904 et
871 2851 1062 2906 recentioribus
1072 2853 1219 2906 editoribus
1228 2852 1301 2906 istud
1314 2865 1345 2908 ut
1361 2859 1480 2909 auditu

232 2941 293 2976 mss.
312 2923 368 2976 fere
386 2940 489 2992 omues,
520 2923 570 2976 nisi
588 2923 660 2994 quod
677 2920 705 2974 iu
723 2920 835 2975 Flor.B
871 2920 992 2984 abiicere,
1010 2929 1068 2974 tum
1087 2921 1169 2974 ctiam
1186 2921 1249 2992 quia
1267 2923 1342 3000 quod
1407 2924 1480 2977 uitur

232 3002 336 3062 equorei
355 2994 469 3112 pluriam
492 2991 590 3062 legitur
606 2999 635 3044 et
652 2989 679 3043 in
696 2990 723 3043 A
739 3006 835 3060 aequu-
870 3001 937 3044 certc
953 2989 1127 3061 praecessisse
1144 2988 1254 3060 aliquod
1267 2989 1373 3044 indicat
1401 3009 1479 3060 equo

232 3069 320 3130 ratque
335 3063 458 3128 pariam.
870 3057 1018 3111 dubitatum
1036 3057 1125 3111 fuerit.
1160 3057 1256 3127 Itaque
1274 3074 1336 3111 eum
1356 3061 1479 3114 scidam

267 3133 289 3196 §-
308 3135 348 3182 25.
452 3127 602 3248 appetebat]
637 3125 727 3197 Vulgo
750 3143 834 3196 oppa·
868 3142 917 3195 pro
934 3135 963 3179 ut
980 3124 1066 3179 scribo
1083 3127 1163 3191 laud,
1181 3125 1294 3187 fortasse
1314 3127 1398 3181 etium
1414 3149 1479 3200 pro-

230 3199 313 3263 rcbot,
341 3213 368 3249 se
414 3195 461 3248 illu
504 3215 563 3250 mss.
581 3196 663 3266 longe
707 3195 776 3248 lares
803 3202 832 3247 et
859 3197 984 3264 superant
1001 3194 1188 3264 corrigendum
1196 3188 1478 3267 proindicutivopm·

231 3265 351 3318 meliores
368 3263 686 3318 Leid.Voss.1Bern.A
722 3262 770 3316 lor.
781 3261 830 3315 AB
856 3293 857 3300 κ
859 3263 998 3332 superant.
1025 3261 1152 3316 Ceterum
1167 3264 1259 3316 obortu
1272 3265 1406 3318 seditione
1422 3283 1478 3318 mu-

231 3331 288 3398 alii3
317 3334 461 3401 apparebat
487 3349 502 3383 e
528 3331 626 3385 nostris
652 3349 704 3384 nou
730 3331 831 3384 hubent
864 3339 922 3384 tato
940 3330 1034 3384 ordine
1050 3331 1209 3399 verborum,
1226 3347 1260 3384 ex
1275 3349 1336 3385 mss.
1352 3341 1415 3387 erut
1435 3351 1474 3388 re·

231 3399 281 3452 nisi
298 3399 369 3453 Flor.
387 3399 451 3452 DFI
467 3407 495 3451 et
511 3399 564 3452 ΕΗ
581 3401 660 3452 Bern.
676 3399 710 3466 B,
728 3399 774 3450 sed
791 3399 830 3452 ita
864 3399 1034 3452 stituendum.

230 3474 262 3520 ut
279 3467 306 3519 in
323 3466 363 3519 his
382 3469 427 3520 lua
444 3465 588 3521 omittatur.
616 3466 737 3520 Diximus
750 3483 830 3536 supra
899 3467 965 3540 Cap.
984 3473 1025 3534 18,
1044 3469 1068 3536 5.
1085 3471 1127 3522 26.
1153 3469 1182 3522 in
1195 3469 1269 3589 qppd
1284 3471 1474 3540 auffugerant]

231 3551 263 3588 ea
280 3537 313 3588 de
330 3552 359 3588 re
376 3536 411 3589 ad
426 3551 485 3602 vn,
512 3543 553 3592 33.
589 3535 644 3589 Sed
673 3532 762 3588 nescio
794 3551 828 3588 an
863 3534 987 3608 Plerique
1002 3553 1061 3589 mss.
1079 3539 1176 3608 inquo,
1222 3535 1238 3550 '⁹
1256 3543 1284 3589 et
1301 3537 1399 3610 optimi
1418 3540 1475 3611 qui·

231 3603 289 3675 quis
306 3604 428 3658 maluerit
444 3623 531 3658 noxa
569 3605 659 3671 ciebat,
676 3603 829 3657 utconiuu·
863 3605 923 3657 dom
948 3607 979 3658 id
1020 3621 1052 3657 uo
1079 3604 1160 3658 Bern.
1187 3609 1211 3657 A
1242 3604 1313 3659 Flor.
1342 3606 1369 3658 A
1397 3607 1474 3661 Laid.

230 3681 308 3742 gutur
325 3681 428 3744 tempus
443 3691 504 3727 cum
521 3623 566 3727 ilo
582 3673 746 3744 quodanteu
755 3671 829 3726 dixe-
863 3673 941 3726 Voss.
963 3683 985 3726 l.
1036 3680 1167 3726 ostromm
1193 3689 1260 3726 unus
1277 3671 1350 3728 Flor.
1372 3675 1396 3728 Β
1416 3677 1474 3729 rul-

229 3751 273 3793 rat
299 3743 427 3811 protinus.
462 3742 532 3795 Nam
561 3741 650 3796 contio
675 3749 748 3796 certe
773 3759 829 3794 non
862 3749 941 3812 gatae
967 3741 1047 3794 favet.
1093 3740 1147 3795 Sed
1169 3741 1310 3822 coaffupere
1336 3759 1394 3796 uon
1423 3745 1474 3797 alla

230 3809 323 3862 habita
340 3819 398 3863 erat
415 3820 507 3877 noctu,
526 3812 572 3864 sed
591 3810 683 3864 adulto
700 3809 750 3864 die.
863 3809 965 3864 ratione
982 3809 1144 3864 musti-uitur
1165 3809 1215 3863 nisi
1233 3827 1292 3864 cum
1315 3813 1354 3864 ad
1371 3821 1420 3864 aut
1446 3817 1473 3866 ia

264 3881 337 3932 laud
358 3881 471 3932 traditur
492 3882 600 3948 metune]
636 3879 701 3932 Mea.
725 3887 753 3931 ut
775 3888 829 3931 tra·
862 3895 922 3932 cum
939 3878 1096 3932 accusativo.
1139 3879 1194 3941 Quo
1211 3885 1240 3932 et
1257 3881 1329 3949 quod
1344 3881 1471 3934 oonsund.

231 3949 316 4012 ditur,
342 3947 413 4016 quod
431 3947 572 4001 defendere
589 3947 684 4018 possis,
709 3944 730 4000 si
748 3948 829 4001 verba
863 3959 927 4013 vm,
946 3953 989 4014 51,
1007 3953 1048 3999 4³.

229 4025 329 4068 mentae
346 4032 381 4068 aa
399 4017 523 4068 seditione
541 4017 629 4069 oborta
643 4014 829 4071 subintellecto
897 4017 920 4083 §.
938 4021 979 4069 2⁷.
1007 4015 1158 4069 admovebat
1175 4017 1233 4084 rex]
1260 4014 1403 4086 Singulare
1422 4018 1471 4072 boc

230 4085 354 4136 incertum
371 4093 409 4136 est
429 4083 551 4136 absolute
572 4082 627 4136 acci
646 4083 684 4136 ius
705 4101 752 4150 pro
773 4086 827 4137 siva
862 4091 916 4150 est,
940 4084 986 4137 sed
1003 4083 1139 4136 terendum
1163 4091 1254 4136 tamen
1272 4091 1385 4155 propter
1401 4086 1471 4139 siun·

230 4153 335 4205 —sive
353 4150 433 4216 dicta,
450 4150 488 4204 ita
504 4152 571 4204 fere:
589 4101 826 4224 sedilmtraditur,
862 4145 1005 4206 litudinem'
1022 4150 1145 4221 simplicis
1168 4150 1243 4205 verbi
1260 4169 1373 4219 movere,
1398 4157 1469 4225 quod

229 4217 335 4274 barbari
353 4219 536 4289 profugerunt,
554 4219 613 4272 sive
630 4227 703 4274 metu
717 4218 772 4272 sive
786 4237 827 4274 se·
862 4237 939 4292 saepe
956 4221 996 4274 ita
1012 4237 1060 4272 usu
1109 4228 1154 4273 tur
1178 4227 1210 4272 ut
1228 4231 1318 4274 castra
1335 4221 1378 4273 vel
1396 4239 1469 4275 arer-

230 4287 330 4342 ditione
347 4290 448 4341 oborta.
484 4287 537 4341 Sed
560 4288 641 4342 babet
659 4295 746 4341 tamen
763 4288 828 4344 haec
861 4291 939 4343 aaran
963 4289 1077 4342 subintel
1090 4287 1124 4360 'gi
1142 4304 1247 4342 neeesse
1265 4287 1307 4342 sit
1325 4301 1361 4356 ν,
1380 4295 1413 4344 ³5
1432 4291 1468 4344 in.

229 4357 306 4422 ratio,
324 4357 446 4427 quoddis
466 4355 554 4424 liceat,
572 4356 683 4428 primum
698 4358 732 4410 ob
745 4355 827 4411 inter·
862 4361 951 4412 audito
974 4358 1091 4411 Dareum
1123 4359 1232 4411 movisse
1258 4359 1292 4410 ab
1315 4357 1467 4412 Ecbatana.

229 4425 328 4481 lectum
345 4435 372 4477 ut
391 4435 431 4478 tra
453 4427 515 4494 itur,
529 4424 623 4479 deinde
636 4424 697 4496 quia
709 4424 827 4481 illacon-
861 4426 931 4481 Vide
948 4425 1032 4480 Druk.
1056 4426 1091 4479 ad
1106 4424 1178 4480 Livii
1197 4424 1242 4479 lib.
1259 4439 1296 4493 x,
1323 4442 1346 4481 c.
1363 4433 1382 4480 4
1399 4431 1424 4494 ς.
1443 4439 1466 4482 9.
