3254 5292
224 327 271 400 82
698 344 733 407 o.
761 343 886 396 curru
910 344 995 396 aum

223 529 492 628 superveniunt,
514 529 628 626 magis
642 529 797 602 obsessis
811 529 988 618 solatium,
1007 553 1115 626 quam
1128 527 1317 602 auxilium:
1338 526 1470 624 quippe

224 641 421 715 domestico
446 640 541 713 bello
567 635 710 713 Poenos
736 637 916 737 impediri,
949 664 1016 712 nec
1043 639 1088 713 de
1113 641 1278 740 imperio,
1312 637 1376 712 sed
1402 662 1468 736 pro

224 753 339 824 salute
366 751 550 840 dimicare,
583 750 806 822 nuntiabant
860 747 1076 848 Syracusani
1102 761 1181 825 tum
1206 753 1365 827 Africam
1390 773 1468 822 ure·
1486 771 1520 822 eo

224 864 333 952 bant,
366 871 404 934 et
434 859 533 934 haud
565 859 690 959 procul
717 855 942 957 Carthaginis
969 861 1079 934 muris
1105 863 1315 938 locaverant
1340 869 1468 933 castra.

224 971 306 1046 Non
341 983 463 1046 tamen
496 969 658 1044 defecere
693 968 819 1042 animis
851 969 965 1070 Tyrii,
1005 998 1220 1070 quamquam
1254 975 1300 1049 ab
1333 970 1469 1069 ingenti

224 1109 289 1182 spe
322 1083 486 1158 destituti
518 1090 639 1169 erant;
684 1079 748 1154 sed
792 1082 960 1179 coniuges
994 1083 1197 1182 liberosque
1235 1080 1467 1158 devehendos

226 1192 480 1292 Carthaginem
505 1191 747 1282 tradiderunt,
779 1192 906 1265 fortius
939 1194 1106 1292 quicquid
1139 1195 1316 1270 accideret
1349 1191 1467 1281 laturi,

225 1307 255 1380 si
280 1306 498 1378 carissimam
533 1304 588 1376 sui
621 1312 762 1400 partem
795 1313 900 1376 extra
930 1315 1062 1377 sortem
1096 1308 1294 1380 communis
1319 1303 1466 1404 periculi

223 1417 442 1490 habuissent.
492 1412 652 1510 Cumque
679 1438 772 1486 unus
800 1438 820 1487 e
846 1415 982 1488 civibus
1007 1416 1044 1488 in
1072 1419 1237 1491 contione
1262 1414 1515 1504 indicasset,21

225 1528 383 1600 oblatam
415 1552 494 1600 esse
531 1550 596 1623 per
631 1550 796 1598 somnum
833 1525 900 1598 sibi
935 1527 1091 1623 speciem
1123 1527 1318 1626 Apollinis,
1360 1548 1466 1623 quem

225 1638 355 1710 eximia
386 1638 556 1736 religione
591 1637 767 1726 colerent,
800 1637 926 1709 urbem
960 1635 1176 1729 deserentis,
1211 1640 1413 1734 molemque
1445 1659 1466 1707 a

222 1747 479 1822 Macedonibus
512 1748 548 1819 in
581 1747 657 1819 salo
682 1747 812 1819 iactam
838 1747 875 1819 in
901 1748 1103 1821 silvestrem
1129 1751 1260 1823 saltum
1287 1773 1366 1822 esse
1391 1772 1466 1818 mu·

222 1869 353 1932 iatam:
388 1883 604 1955 quamquam
635 1868 761 1931 auctor
790 1857 880 1930 levis
913 1869 1006 1948 erat,
1049 1869 1170 1933 tamen
1204 1860 1250 1933 ad
1285 1859 1464 1934 deteriora
1482 1879 1515 1926 22

223 1969 404 2044 credenda
428 1970 531 2067 proni
566 1978 683 2059 metu,
719 1993 828 2042 aurea
853 1980 980 2044 catena
1006 1967 1201 2044 devinxere
1228 1971 1465 2058 simulacrum,

224 2105 378 2177 araeque
397 2079 571 2169 Herculis,
598 2080 698 2152 cuius
724 2081 860 2153 numini
886 2081 1013 2153 urbem
1040 2079 1257 2172 dicaverant,
1284 2083 1466 2154 inseruere

223 2191 424 2278 vinculum,
460 2189 562 2284 quasi
595 2189 655 2262 illo
688 2188 756 2263 deo
788 2190 993 2288 Apollinem
1023 2201 1219 2264 retenturo.
1279 2189 1465 2288 Syracusis

224 2300 261 2374 id
288 2301 516 2372 simulacrum
543 2298 765 2372 devexerant
790 2300 918 2392 Poeni,
951 2313 988 2374 et
1021 2303 1057 2374 in
1090 2302 1223 2375 maiore
1256 2301 1467 2373 locaverant

224 2411 350 2510 patria,
377 2409 569 2505 multisque
596 2410 672 2482 aliis
699 2411 819 2508 spoliis
847 2412 990 2484 urbium
1010 2438 1032 2484 a
1054 2422 1168 2485 semet
1186 2423 1372 2510 captarum
1393 2436 1465 2484 non

259 2663 345 2731 necyia
363 2663 415 2714 obs.
434 2662 554 2712 solatiam
577 2663 665 2729 quom]
701 2660 747 2715 Sic
768 2661 829 2713 ede-
863 2661 926 2728 stri,
954 2662 1003 2716 nisi
1029 2663 1101 2733 quod
1128 2665 1269 2716 commatris
1287 2661 1421 2716 omittitur
1438 2660 1467 2715 iu

224 2732 304 2784 batur
321 2729 383 2783 olim
401 2729 484 2782 donec
500 2727 619 2781 Freinsb.
638 2729 720 2782 tacite
742 2732 828 2783 maius
862 2731 943 2784 Bern.
961 2731 985 2784 B
1005 2731 1074 2784 Flor.
1094 2731 1122 2784 H
1139 2735 1213 2785 Voss.
1232 2739 1256 2784 2.
1285 2730 1373 2800 Vulgo
1391 2741 1466 2784 extra

225 2798 308 2864 dedit,
327 2815 374 2851 nec
392 2797 420 2850 id
435 2795 651 2868 snakenburgius
665 2796 828 2851 animadver·
863 2801 1004 2853 cmnnrunis
1017 2801 1133 2869 periculi
1150 2809 1243 2854 sortem
1261 2798 1368 2869 legitur.

224 2867 267 2920 lit*
286 2867 428 2919 Inventum
445 2873 486 2918 ⁰⁸²
503 2882 595 2919 mm
612 2868 697 2919 malm
716 2865 827 2920 imm·
897 2896 920 2960 ξ.
938 2901 979 2946 21.
1016 2896 1044 2944 in
1067 2895 1182 2946 contione
1208 2895 1350 2946 indicasset
1374 2907 1465 2944 omnes

200 2967 204 2976 ·
224 2935 249 2989 G
267 2936 347 2989 Bem-
365 2935 403 3001 B,
426 2933 472 2986 ”ed
495 2933 574 3004 ¹⁰¹¹ss⁰
596 2942 716 3003 ΡΜἊΨιι
733 2937 827 3015 ΜΨ·
862 2960 922 3013 libri
944 2960 1027 3015 nostri
1051 2969 1080 3013 et
1104 2960 1197 3032 optimi
1215 2977 1248 3013 ex
1267 2960 1329 3014 olim
1347 2958 1464 3013 collatis:

222 3003 335 3058 Pam
353 3011 447 3056 ⁸u⁰t⁰r
464 3002 580 3083 'albeni
600 3003 723 3082 idalii‘m
759 3014 827 3083 ΜΨ
861 3038 964 3082 veteres
991 3029 1119 3082 editiones
1145 3038 1173 3081 et
1198 3028 1275 3083 Voss.
1299 3035 1314 3082 2
1334 3031 1457 3080 concione

223 3091 301 3142 quam
319 3072 513 3138 auxilium,sed
531 3084 580 3124 etsi
599 3021 826 3141 intestinique,
861 3097 968 3152 Modius
986 3107 1015 3150 et
1032 3097 1151 3151 pmimh·
1179 3099 1306 3150 concioni·
1342 3097 1386 3149 De
1404 3069 1468 3150 κη’

223 3151 313 3221 timim
334 3157 413 3210 ”⁶9⁰
439 3147 580 3218 utrumque
606 3139 657 3192 diei
684 3148 772 3209 P⁰t⁰⁸l
798 3149 827 3192 et
860 3175 940 3237 ptura
966 3166 1037 3220 vocis
1063 3167 1113 3220 hoc
1143 3173 1254 3230 annoto,
1285 3182 1318 3218 ex
1345 3164 1468 3218 undecim

223 3209 337 3272 ‘heum’
372 3215 402 3258 ut
427 3225 470 3276 ap·
498 3205 553 3260 0¹⁰·
580 3207 614 3258 de
639 3216 706 3260 ml·
733 3216 765 3273 l’
792 3215 825 3289 Ψ
863 3236 938 3287 codd.
957 3233 1053 3288 nostris
1071 3253 1151 3287 unum
1169 3243 1273 3286 tantum
1297 3231 1369 3285 Flor.
1392 3233 1416 3286 B
1436 3231 1468 3286 li-

151 3323 157 3331 .
221 3277 362 3344 perfectum
390 3285 472 3327 ortem
498 3277 565 3326 iaris
592 3275 717 3327 laudabitis
742 3294 828 3396 oratque
863 3311 922 3356 ,m
939 3321 953 3356 c
975 3319 1066 3356 vooem
1088 3301 1248 3372 exprimere,
1272 3309 1374 3353 netem
1399 3300 1468 3353 sicut

224 3341 683 3464 sslgss‘ssss‘„‘j,{l”{53⁶{⁸m2{“2ss²,
695 3343 831 3478 ‘ffij'ss'ss
863 3369 999 3424 edidimus.
1035 3371 1078 3426 cr.
1102 3371 1132 3425 c.
1156 3367 1308 3424 sanuses
1330 3367 1416 3421 arem.
1434 3367 1466 3420 L.

408 3449 415 3476 ι
485 3447 556 3475 ·’
677 3449 683 3460 ’
771 3480 818 3492 ..
864 3438 1019 3510 L.p.251.

224 3480 298 3532 ducis
318 3477 407 3530 corum
420 3479 547 3558 percrdsa
566 3479 651 3548 magis
670 3495 748 3546 quam
766 3498 830 3532 irrr-
905 3536 910 3546 Ι
1044 3535 1050 3547 Ι
1184 3528 1190 3541 ,
1429 3526 1435 3540 .

223 3557 279 3600 tcto
298 3555 335 3599 est
353 3547 498 3598 multitudo.
899 3553 928 3586 m
955 3535 1012 3587 salo
1039 3543 1147 3598 iactam,
1169 3536 1237 3582 sicut
1263 3526 1333 3580 solus
1359 3525 1469 3580 Modrus

258 3618 281 3683 §.
300 3621 342 3668 20.
375 3615 540 3694 Sprccasani
558 3623 610 3666 tum
668 3616 752 3668 ticam
770 3635 829 3670 ure.
865 3601 958 3668 edidit,
977 3609 1113 3672 praestant
1131 3615 1220 3655 omnes
1237 3595 1320 3649 nostri
1339 3601 1367 3646 ot
1386 3595 1468 3648 Such.

223 3683 297 3753 baal]
319 3683 383 3736 Tum
393 3701 420 3735 ιιι
429 3681 639 3763 utroquchrn.
673 3683 832 3739 lor.ABCH
865 3669 966 3724 ⁰⁰di00⁸
983 3688 1033 3740 P¹⁰
1050 3669 1122 3739 ng·
1139 3671 1234 3720 ‘mm
1252 3667 1280 3718 ’.η
1298 3665 1364 3718 Μιθ·

221 3749 328 3820 legitur,
347 3759 535 3830 praeteream
552 3749 626 3803 Laid.
647 3755 754 3806 Vosal.
780 3753 830 3808 Ce-
901 3759 925 3820 5.
944 3761 985 3808 22.
1004 3756 1082 3822 quasi
1100 3755 1145 3806 illo
1163 3751 1307 3871 deorlssoll.
1326 3751 1467 3816 retenturo]

222 3819 275 3872 teri
298 3819 359 3872 libri
376 3819 449 3873 Flor.
468 3831 528 3874 tuac
546 3818 615 3874 sicut
633 3819 713 3890 vulgo
731 3820 828 3888 editur,
864 3822 909 3876 Sic
926 3823 999 3876 Lcid.
1018 3823 1095 3876 Voss.
1119 3821 1211 3885 arnbo,
1264 3836 1319 3871 eru
1343 3829 1467 3886 uterque,

223 3903 310 3957 neque
343 3905 413 3957 nego
444 3905 519 3959 posse
545 3887 659 3958 probari.
703 3889 829 3942 Ceterum
863 3890 935 3943 Flor.
961 3889 1115 3944 ABCECH
1150 3907 1199 3958 pro
1233 3886 1306 3955 vulg.
1332 3887 1467 3952 retenturi,

222 3953 445 4024 Syracusanorum
462 3957 528 4009 haec
546 3954 647 4009 obsidio
660 3955 829 4024 Carthaginis
864 3959 936 4029 quod
954 3958 1039 4011 minus
1057 3958 1081 4011 el
1150 3975 1163 4009 s
1186 3973 1236 4009 nec
1257 3954 1321 4008 satis
1344 3952 1468 4005 emenda·

222 4025 245 4075 A
267 4023 370 4077 athoole
389 4025 455 4078 duce
472 4041 539 4094 quae
557 4041 609 4076 una
627 4023 698 4076 lucta
715 4033 757 4077 est
766 4035 827 4094 post
863 4037 929 4094 turn,
966 4025 1070 4080 uoniam
1088 4029 1134 4078 ilo
1153 4027 1199 4078 deo
1217 4041 1271 4077 non
1284 4029 1357 4075 recte
1370 4021 1469 4074 dicitur

221 4041 367 4144 Alexandri
385 4101 506 4162 tempora
522 4091 589 4156 suit,
608 4099 640 4143 ut
658 4091 766 4144 Curtius
785 4093 826 4146 vel
861 4114 911 4166 pro
935 4045 1008 4150 illius
1031 4111 1111 4164 opera
1138 4092 1192 4145 sive
1210 4111 1263 4161 per
1287 4093 1360 4143 illum
1384 4093 1468 4142 deum.

222 4160 348 4214 memoria
361 4159 387 4214 la
405 4179 448 4214 sus
464 4161 514 4213 boc
526 4158 658 4223 adiecisse,
677 4158 718 4210 vel
729 4159 827 4213 bellum
860 4164 1000 4218 Ablativos
1036 4161 1170 4215 absolutos
1205 4169 1295 4213 autem
1326 4175 1379 4211 non
1406 4175 1468 4211 raro

223 4227 298 4282 civile
315 4229 348 4281 ab
395 4244 498 4282 annone
521 4235 622 4279 motum
640 4243 699 4278 cum
717 4225 763 4281 illo
780 4244 827 4282 ex·
861 4233 941 4286 etiam
958 4229 1105 4302 participiis
1123 4219 1171 4282 fut.
1190 4238 1241 4282 act.
1260 4226 1317 4280 lieri
1340 4223 1416 4280 docui
1440 4225 1467 4278 in

222 4303 300 4349 temo
317 4295 462 4350 confudiffle
480 4295 608 4348 videatur·
861 4319 970 4368 gratnm.
989 4304 1013 4366 5.
1024 4305 1081 4353 643.
1118 4297 1249 4368 Apollinis
1272 4303 1362 4348 sutem
1386 4291 1467 4346 simu-

257 4373 331 4418 extra
350 4375 443 4418 sortem
461 4363 603 4418 coruncanis
615 4363 742 4430 periculi]
765 4363 827 4420 lloc
860 4369 961 4422 lacrum
984 4385 1035 4421 non
1064 4365 1199 4445 Syracusis
1224 4365 1269 4418 sed
1299 4362 1367 4416 Gela
1383 4362 1468 4414 abdu-

221 4431 315 4486 ordine
338 4434 420 4486 verba
442 4431 573 4486 collocant
591 4443 682 4482 ornnes
699 4428 760 4484 libri
777 4453 825 4489 no·
860 4445 932 4492 ctum
949 4435 1036 4492 verius
1053 4433 1131 4488 Diod
1151 4449 1217 4501 xrn,
1238 4438 1288 4486 108
1306 4431 1397 4486 tradit.

213 4680 319 4782 h.
