3214 5288
489 889 538 994 o.
576 889 806 978 curru
843 891 1000 980 nom

720 1101 769 1152 ml

614 1256 876 1326 *Gusr1s

239 1471 852 1594 ALEXANDRI
906 1474 1239 1597 MAGNI

527 1715 655 1772 REGIS
680 1717 965 1774 MACEDONUM

621 1904 910 1988 1111111111).Α
961 1978 965 1984 ,

583 2377 905 2438 ARGUlldENTUM.

197 2532 240 2601 (1)
256 2527 417 2594 Alexander,
439 2534 579 2598 postquem
595 2526 733 2598 plerasque
749 2527 827 2581 urbes
846 2525 967 2590 Greeens,
992 2526 1021 2581 in
1042 2545 1089 2582 ora
1105 2528 1237 2584 maritima
1252 2529 1365 2600 Mysiae,

125 2606 236 2677 Lydiae,
259 2605 352 2660 Curiae
368 2605 441 2670 sitas,
464 2602 561 2672 partim
578 2603 781 2670 condicionibus,
805 2603 902 2674 purtim
919 2603 946 2656 ri
964 2602 992 2656 in
1013 2612 1174 2675 potestatem
1198 2625 1273 2660 suam
1289 2607 1365 2660 redc-

126 2683 178 2754 git,
204 2700 274 2736 enno
300 2699 323 2735 n.
348 2681 410 2736 Chr.
432 2687 487 2734 nat.
510 2686 560 2734 33³
586 2679 694 2734 ineunte
721 2697 755 2732 ex
777 2679 856 2734 Curia
880 2680 909 2732 in
929 2679 1074 2751 Phrygium
1098 2690 1188 2736 movet
1209 2683 1364 2750 exercitum,

127 2761 221 2813 urbem
238 2775 376 2829 arcemque
394 2757 567 2813 Celaenarum
584 2757 663 2827 capit.
698 2758 739 2826 (2)
757 2755 815 2809 Iam
836 2773 899 2810 vere
922 2773 1011 2811 omnes
1033 2757 1120 2828 copies
1138 2759 1172 2811 ed
1189 2757 1288 2812 bellum
1304 2774 1364 2828 per-

126 2836 290 2906 sequendum
306 2835 449 2888 contrahit:
473 2831 610 2902 Gordium,
629 2842 709 2904 caput
727 2831 790 2886 olim
806 2833 949 2904 Phrygiae,
968 2835 1050 2902 venit,
1068 2843 1097 2886 et
1119 2834 1228 2888 celebris
1251 2833 1365 2888 vehiculi

126 2912 229 2964 nodum
250 2911 357 2964 fatalem
383 2911 471 2982 gladio
494 2910 580 2964 solvit.
615 2912 657 2980 (8)
678 2909 750 2964 Hinc
774 2909 909 2965 navalibus
936 2910 1016 2980 copiis
1047 2911 1171 2964 adversus
1196 2912 1366 2964 Memnonem

127 2987 216 3042 clasis
233 2986 354 3041 Porsinae
370 2987 531 3059 praefectum
549 2987 664 3056 (interea
680 2987 858 3053 demortuum)
882 2986 968 3058 pareri
985 2985 1069 3052 iussis,
1092 2986 1147 3055 ipse
1165 2988 1298 3054 Ancyram
1319 3001 1365 3054 pe-

127 3063 175 3131 tir,
191 3063 374 3134 Paphlagonas
392 3064 419 3118 in
436 3063 597 3118 deditionem
614 3063 718 3133 accipit,
738 3061 931 3133 Cappadociam
948 3061 1039 3114 intrat.

200 3141 242 3208 (1)
260 3140 359 3194 Contra
377 3141 481 3209 Darius,
499 3159 558 3194 cum
575 3141 631 3211 ipse
648 3139 747 3210 proelio
765 3139 906 3192 decernere
925 3136 1070 3204 statmsset,
1089 3136 1181 3190 castris
1198 3135 1233 3188 ad
1249 3133 1366 3204 Babylo·

128 3231 192 3268 nem
213 3213 313 3285 positis,
339 3235 477 3270 numerum
509 3217 641 3288 copiarum
674 3214 742 3269 iniit.
786 3214 930 3284 (Recenset
957 3213 1064 3268 Curtius
1096 3219 1199 3268 309200
1230 3216 1364 3278 armatos.)

128 3293 172 3361 (5)
189 3290 370 3360 Charidemus,
394 3293 456 3346 exul
472 3293 650 3360 Atheniensis,
677 3309 776 3362 regem,
803 3298 876 3344 certa
901 3289 1027 3344 victoriae
1053 3307 1099 3361 spe
1125 3289 1231 3356 elutum,
1259 3288 1366 3357 linguae

126 3367 280 3439 consiliique
301 3368 426 3424 libertate
447 3369 558 3424 offendit
585 3378 613 3424 et
635 3368 720 3440 capite
742 3383 853 3438 poenam
876 3365 935 3420 luit.
970 3369 1012 3437 (0)
1040 3366 1148 3420 Somnia
1173 3373 1262 3418 tamen
1291 3364 1366 3418 illum

126 3444 197 3499 curis
214 3445 373 3514 distrahunt,
392 3465 502 3518 quorum
520 3455 621 3500 terrore
638 3464 653 3498 e
670 3444 775 3498 ratibus
791 3443 915 3515 prudenti
941 3442 1160 3514 interpretatione
1182 3442 1295 3508 sublato,
1323 3458 1365 3494 on-

126 3529 185 3575 stra
200 3523 300 3576 moveri
316 3524 398 3577 iubet.
433 3524 477 3594 (7)
496 3524 538 3595 (8)
555 3522 677 3596 Agminis
694 3521 758 3575 ordo
776 3519 941 3589 describitur,
967 3520 1046 3591 longe
1069 3519 1171 3574 diverse
1193 3519 1258 3574 facie
1275 3517 1365 3576 Mace·

127 3598 215 3652 donici
233 3599 372 3654 exercitus.

198 3675 241 3746 (0)
259 3675 409 3729 Menander
427 3675 601 3747 Cappadocia,
620 3691 687 3746 quae
704 3675 740 3728 cis
758 3673 848 3745 Halyn
865 3681 915 3742 est,
933 3673 962 3727 in
979 3673 1107 3728 dicionem
1125 3680 1242 3750 accepta,
1267 3671 1301 3724 ad
1318 3687 1365 3724 an-

126 3750 231 3820 gustias
246 3752 342 3806 montis
359 3752 451 3820 Tauri,
469 3751 563 3823 quibus
582 3751 673 3806 Cilicis
689 3751 786 3818 aditur,
804 3749 935 3821 pervenit,
953 3749 1040 3802 Persis
1061 3757 1134 3802 retro
1152 3746 1364 3803 concedentibus.

127 3829 192 3897 (10)
212 3825 318 3882 Ciliciae
333 3829 398 3883 situs
415 3846 447 3882 eo
462 3835 558 3882 natiue
580 3827 743 3882 describitur.
778 3830 836 3898 (11)
854 3826 934 3896 Pylas
953 3825 1059 3880 Ciliciae
1082 3833 1159 3880 caute
1179 3825 1272 3891 intret,
1297 3821 1365 3876 Tar-

161 3973 283 4039 ')an30
300 3979 328 4024 de
343 3979 412 4026 rebar
432 3978 510 4040 pestis,
531 3980 594 4038 qnod
617 3979 642 4024 in
664 3978 730 4026 nullo
765 3983 902 4036 sequuntur,
929 3978 988 4024 eden
1014 3983 1041 4024 ut
1066 3976 1184 4035 integrum
1202 3989 1260 4034 opus
1279 3987 1365 4020 norem

126 4048 179 4094 cod.
198 4061 242 4094 ms.
261 4053 304 4094 est.
331 4048 382 4094 Nos
396 4048 572 4106 inscriptionem
589 4049 731 4106 sumpsimus
764 4047 831 4094 libris
844 4047 983 4093 constiterit.
1018 4043 1066 4092 Sed
1083 4043 1170 4090 terrim
1187 4044 1249 4088 hunc
1267 4056 1318 4088 esse
1335 4042 1364 4088 li-

127 4127 159 4160 ex
175 4113 278 4162 Flnr.B
306 4121 331 4161 et
347 4114 418 4162 Berru
439 4115 470 4162 A.
507 4116 542 4162 De
566 4114 633 4175 pesth
660 4117 730 4162 etiem
765 4116 840 4172 hrum,
860 4121 884 4160 et
901 4115 982 4160 decem
999 4115 1128 4170 universos,
1146 4126 1199 4158 cum
1215 4111 1312 4170 reliquis
1325 4124 1364 4156 co-

126 4181 189 4229 Flor.
208 4182 231 4230 G
245 4189 270 4230 et
286 4183 320 4229 Η.
355 4183 436 4243 Nepos
456 4186 482 4231 in
498 4183 602 4232 Damme
622 4183 654 4229 in.
672 4183 731 4244 qaod
766 4183 861 4240 dicibus,
882 4188 932 4228 tum
949 4182 1011 4229 Flor.
1025 4181 1048 4228 A
1065 4182 1169 4228 omnium
1181 4180 1270 4238 optimo
1287 4179 1363 4235 credo,

126 4257 148 4297 a
163 4251 302 4298 obscuriora
317 4259 371 4298 aaut
387 4251 434 4298 eius
449 4259 515 4314 pasta
530 4251 647 4310 pleraque.
682 4251 730 4298 Ve-
765 4253 806 4310 qui
822 4253 852 4298 ab
877 4252 944 4298 initio
961 4252 1058 4297 mutilus
1074 4249 1156 4308 incipit
1173 4249 1266 4294 demum
1284 4261 1299 4292 a
1311 4259 1364 4292 ver-

125 4333 176 4366 rum
195 4319 259 4367 Flor.
281 4319 304 4366 B
328 4327 353 4367 et
374 4320 446 4367 Bem.
467 4322 491 4368 A
512 4335 566 4368 cum
586 4319 679 4366 Flor.1
702 4320 729 4366 li·
765 4321 801 4366 bis
818 4319 856 4366 mir
872 4319 950 4384 pladrb
967 4317 1075 4379 fabarum
1100 4331 1156 4378 opus
1177 4331 1228 4376 cap.
1248 4316 1278 4362 25
1302 4314 1365 4362 med.

125 4388 192 4434 brnm
217 4387 343 4436 amdam
368 4395 503 4448 numerent,
527 4401 626 4448 eamque
646 4403 728 4435 nume·
764 4385 803 4452 (x,
823 4385 851 4450 6)
868 4389 965 4435 huiusce
979 4388 1040 4436 libri.

125 4457 190 4504 naci
206 4459 326 4506 rationem
344 4471 419 4518 usqne
437 4461 467 4506 ad
489 4461 561 4506 finem
583 4459 660 4518 operis
677 4470 729 4518 par·
