3254 5292
212 347 260 418 90
678 360 712 424 a.
741 358 866 412 cunm
889 358 975 411 narr

208 573 341 648 magna
373 546 596 619 munimenta
626 545 728 643 regni
760 544 825 616 sui.
877 540 1106 616 Veniendum
1131 543 1169 615 in
1196 565 1358 639 campos,
1392 539 1454 614 ubi

91 659 103 682 ⁸
208 660 390 759 paucitate
423 681 571 730 suorum
606 653 890 728 erubescendum
921 652 978 726 sit.
1030 650 1196 744 Mediam,
1222 650 1487 751 Hyrcaniam

209 770 349 859 Bactra,
376 779 414 841 ct
439 767 548 841 Indos
563 764 699 840 Oceani
725 765 864 837 accolas
891 764 1036 861 quando
1071 762 1276 837 aditurum?
1310 788 1357 836 ne
1391 759 1454 836 So·

210 881 362 979 gdianos
389 889 426 952 et
452 877 670 951 Arachosios
696 876 888 966 nominem,
901 885 1111 973 ceterasque
1136 884 1263 974 gentes
1290 873 1338 946 ad
1365 871 1455 949 Oan-

209 1017 334 1064 casum
369 1000 406 1064 et
431 988 582 1063 Tanaim
614 987 845 1086 pertinentes.
904 983 1171 1060 Senescendum
1202 987 1279 1058 fore
1310 995 1454 1058 tantum

210 1113 388 1175 terrarum
418 1101 479 1173 vel
514 1100 590 1173 sine
615 1098 751 1197 proelio
778 1096 935 1170 obeunti.
989 1094 1149 1171 Severo
1176 1097 1367 1195 adipsum
1392 1121 1489 1171 vos

208 1238 291 1286 care
318 1211 507 1301 desineret,
532 1233 688 1306 namque
713 1207 806 1279 illius
832 1207 944 1280 exitio
971 1233 1010 1280 se
1037 1233 1117 1281 esse
1142 1219 1346 1282 ventur-un.
1372 1207 1489 1283 Ale-7

209 1323 349 1396 xander
374 1323 445 1412 his,
474 1322 534 1418 qui
559 1322 699 1394 litteras
726 1320 938 1409 attulerant,
971 1317 1175 1417 respondit,
1202 1318 1361 1391 Dareum
1387 1319 1456 1392 sibi

213 1435 329 1506 aliena
362 1433 591 1531 promittere,
635 1442 673 1504 et
708 1428 806 1527 quod
839 1439 958 1501 totum
996 1430 1154 1502 amiserit
1190 1429 1283 1502 velle
1319 1431 1454 1528 partiri.

209 1543 297 1617 Doti
324 1544 391 1616 sibi
418 1541 495 1615 dari
520 1541 690 1642 Lydiam,
715 1537 841 1630 lonas,
867 1538 1066 1630 Aeolidem,
1092 1539 1318 1639 Hellesponti
1345 1565 1456 1632 oram,

210 1654 384 1728 victoriae
421 1679 507 1728 suae
543 1652 712 1752 praemia.
776 1648 892 1747 Leges
934 1659 1056 1722 autem
1088 1675 1110 1722 a
1141 1651 1339 1725 victoribus
1377 1653 1456 1745 dici,

210 1767 323 1864 accipi
349 1791 371 1838 a
396 1765 510 1838 victis.
563 1763 605 1837 ln
631 1773 714 1836 utro
741 1769 840 1832 statu
872 1760 979 1832 ambo
1006 1770 1142 1852 essent,
1176 1761 1207 1833 si
1233 1763 1331 1836 solus
1357 1765 1456 1862 igno-
1542 1853 1545 1858 Δ

212 1891 327 1968 rarat,
370 1875 633 1974 quamprimum
665 1871 782 1945 Marte
818 1871 1035 1945 decerneret
1098 1869 1145 1945 Se
1180 1899 1339 1970 quoque,
1375 1899 1491 1950 cums

212 1989 383 2062 transiret
416 2011 533 2076 mare,
568 2011 641 2059 non
669 1982 847 2073 Ciliciam,
881 1994 945 2056 aut
971 1981 1138 2081 Lydiam,
1175 1985 1328 2084 (quippe
1364 1989 1456 2061 tanti

213 2195 321 2248 nomina
350 2195 504 2262 barbarica,
535 2211 602 2264 quae
637 2195 709 2264 apud
736 2193 820 2248 Grae-
853 2201 916 2264 post
933 2191 961 2246 in
978 2192 1053 2246 codd.
1071 2200 1100 2246 et
1118 2192 1234 2274 antiquis
1251 2193 1409 2250 editionibus
1423 2213 1456 2276 ne

213 2280 258 2316 cos
276 2261 303 2314 in
321 2282 352 2327 ns
371 2261 437 2316 Gen.
458 2283 490 2314 aa
509 2261 694 2328 terminantur,
713 2279 818 2315 accusa-
854 2263 1004 2330 Sogdianos
1023 2271 1045 2313 et
1065 2264 1225 2316 Arachosios
1244 2265 1372 2317 nerninem
1390 2263 1456 2334 legr-

148 2362 149 2365 =
212 2330 298 2384 tivum
315 2331 385 2400 apud
401 2330 511 2383 Latinos
529 2329 679 2399 scriptores,
699 2331 818 2399 quamvis
851 2337 906 2394 tur,
921 2330 997 2449 pund
1013 2337 1087 2382 recte
1103 2347 1131 2383 se
1148 2329 1229 2384 habet
1246 2348 1332 2402 neque
1346 2333 1455 2388 itamu-

213 2397 366 2468 ceteroquin
401 2398 508 2450 tertiam
543 2397 745 2450 declinationem
777 2416 817 2450 se-
852 2397 903 2449 tari
939 2398 1022 2464 abuit,
1041 2406 1072 2450 ut
1090 2397 1161 2452 omni
1178 2399 1230 2452 lida
1244 2401 1397 2470 posthabita
1424 2419 1454 2456 ro

213 2474 339 2537 quantur,
357 2465 383 2518 in
394 2483 425 2519 en
440 2467 560 2519 formare.
585 2465 682 2534 Itaque
693 2466 817 2536 quoniam
851 2483 884 2517 ne
901 2465 1060 2518 scriberetur
1073 2461 1120 2533 oei,
1138 2475 1167 2519 et
1180 2467 1305 2521 librorum
1315 2419 1455 2524 nonnullo·

212 2535 239 2588 h.
258 2535 275 2587 l.
294 2542 396 2588 eertum
418 2542 460 2586 est
478 2536 602 2598 Araxen,
625 2533 706 2586 etiam
723 2548 757 2600 ν,
785 2542 815 2587 rt
850 2551 910 2586 rum
935 2534 1058 2588 mendum
1085 2538 1187 2588 nomine
1213 2537 1321 2591 adiectis
1347 2538 1454 2592 vocibus

212 2611 242 2656 et
260 2617 318 2668 vn,
349 2609 381 2654 14
403 2603 514 2655 eandem
531 2602 641 2655 formam
659 2619 693 2654 cx
746 2603 816 2656 ucio-
851 2611 950 2655 tanturn
969 2612 1041 2655 notos
1059 2601 1236 2657 adiuvaretur.
1272 2605 1332 2661 Hoc
1348 2607 1454 2677 quidem

212 2669 371 2726 ribuslibris
385 2670 516 2724 revocavi.
547 2671 703 2740 Tiprinquo
734 2670 815 2724 Snalr.
850 2669 1015 2740 excogitavit
1032 2670 1145 2726 Aldinus
1168 2673 1268 2742 editor,
1291 2678 1454 2729 vel-nomine

212 2740 246 2792 de
263 2755 335 2792 more
349 2757 397 2792 suo
411 2737 515 2820 scripsit
528 2738 674 2792 unusFlor.
685 2738 711 2792 G
726 2739 816 2794 babet.
851 2747 951 2791 tantum
970 2749 1042 2792 notos
1060 2739 1161 2810 primus
1178 2741 1253 2795 dedit
1270 2743 1353 2797 Hsdr.
1363 2743 1455 2797 Iunius

212 2808 285 2860 Idem
310 2807 390 2860 Snak.
414 2807 525 2861 retinuit
553 2808 665 2877 posthac
691 2809 814 2876 Tanaim,
850 2807 1018 2877 servavitque
1041 2825 1101 2861 cunr
1118 2809 1224 2880 reliquis
1242 2811 1323 2865 etiam
1341 2812 1455 2867 Medius.

213 2877 284 2947 qnod
302 2895 362 2930 mss.
379 2876 444 2930 fides
453 2875 581 2946 postulat,
591 2876 709 2957 itemque
723 2878 816 2931 l'erse-
850 2873 942 2928 Prima
971 2893 1085 2956 persona
1116 2878 1202 2932 utitur
1234 2880 1350 2961 scriptor
1375 2881 1455 3002 paulo

206 2947 299 3014 polim.
318 2944 375 2998 lam
392 2946 426 2999 ad
444 2962 500 2998 rem
517 2946 588 3016 qnod
605 2953 731 3015 pertinet,
751 2945 816 3016 quid
849 2943 1081 3012 inconsideratius,
1106 2948 1152 3000 sed
1174 2947 1239 3000 nihil
1257 2948 1329 3002 aliud
1346 2967 1381 3002 vo
1392 2952 1456 3004 ebat

212 3023 254 3067 est
272 3015 342 3085 quod
362 3013 470 3068 Curtius
479 3014 625 3095 Hydaspen
642 3014 713 3068 inter
729 3015 815 3068 muni·
850 3012 937 3067 dicere
954 3013 1017 3066 nisi:
1043 3015 1138 3068 omissa
1154 3015 1317 3086 reliquarum
1334 3019 1455 3089 gentitus

212 3091 303 3135 menta
321 3083 396 3153 regni
413 3082 513 3136 Persici
531 3091 732 3150 commemorat,
755 3102 814 3138 cum
848 3083 992 3136 mentione.

213 3150 236 3203 is
254 3160 316 3220 post
334 3151 429 3204 Indmn
447 3159 525 3204 extra
542 3151 606 3204 fines
624 3151 742 3206 Persicos
758 3169 814 3205 ma·
885 3155 907 3219 §.
927 3159 951 3205 t.
986 3169 1015 3204 se
1039 3163 1251 3206 messeniorum
1306 3157 1341 3208 Se
1365 3156 1456 3210 addidi
1539 3198 1546 3211 .

212 3220 278 3270 net‘l
296 3218 370 3272 Dicit
388 3217 494 3288 quidem
512 3219 645 3288 Vergilius
664 3219 813 3290 Georg.rv,
849 3218 921 3271 iussu
942 3218 1023 3273 Bern.
1047 3219 1185 3290 utriusqus
1207 3232 1236 3276 ct
1282 3223 1330 3277 lor.
1349 3235 1456 3295 practer

213 3286 390 3339 troandum
409 3286 569 3354 Hydaspen,
592 3287 638 3338 sed
661 3287 814 3356 poetieali-
849 3287 1005 3340 Iomnium.
1042 3288 1125 3341 Snnlr.
1146 3290 1180 3342 de
1197 3291 1250 3344 suis
1268 3292 1344 3346 codd.
1362 3301 1454 3348 aucto·

212 3354 317 3406 bertata
327 3353 435 3405 Medum
450 3353 483 3405 de
496 3353 590 3406 ultimo
604 3353 705 3407 oriente
724 3357 815 3426 appel·
849 3371 906 3408 rem
923 3373 977 3408 non
995 3366 1182 3412 commemorat
1200 3357 1250 3412 nisi
1266 3359 1431 3416 leidensem.

212 3421 277 3474 lans.
298 3419 459 3472 Putamusne
474 3421 590 3474 Dareum
604 3423 745 3476 mentitum
759 3441 815 3478 essa
885 3427 908 3491 ς.
937 3431 960 3476 7.
1000 3425 1154 3478 Alexander
1186 3429 1228 3481 lis
1259 3430 1316 3500 qur]
1367 3431 1420 3483 Vul

211 3489 329 3558 falsoque
347 3487 503 3558 gloriatum,
526 3507 559 3542 an
578 3489 700 3544 Curtium
718 3492 815 3544 verita-
850 3491 942 3562 inepte
966 3494 1000 3546 r't's
1025 3495 1079 3546 iltis
1101 3497 1161 3562 qai,
1191 3496 1332 3552 coniuncta
1355 3499 1454 3570 dupbei

212 3557 247 3610 tis
265 3573 385 3610 scaurum
409 3573 527 3622 amnem,
549 3558 577 3610 in
603 3557 676 3612 errius
702 3560 816 3614 transitu
851 3559 971 3614 lectione.
1013 3560 1058 3615 Sia
1085 3570 1176 3621 tamen
1202 3565 1273 3620 Flor.
1301 3569 1341 3635 A,
1373 3567 1455 3620 ceteri

211 3624 323 3678 multum
341 3625 472 3680 laborasse
481 3627 640 3681 Macedones
658 3626 743 3691 sciret,
762 3629 814 3682 iam
850 3630 902 3682 lriis
920 3637 966 3682 aut
983 3631 1025 3682 his
1043 3633 1096 3698 qui.

212 3694 262 3748 boc
280 3693 337 3748 loco
355 3693 426 3748 inter
443 3694 478 3748 im
498 3694 631 3750 θᾱίωεῃια
639 3696 813 3766 expeditionis
883 3707 907 3750 et
930 3701 1001 3767 qaod
1023 3707 1102 3752 totum
1125 3701 1257 3772 amiserit]
1298 3703 1343 3758 Sic
1364 3721 1455 3758 omncs

212 3763 446 3817 commemorasse?
485 3764 645 3835 nequidem
658 3767 813 3833 oensuerim,
849 3765 910 3818 libri
928 3765 1061 3829 nostrin
1111 3786 1129 3820 o
1146 3769 1280 3824 omittitur
1297 3783 1328 3824 et.

212 3849 273 3884 nam
297 3832 330 3883 da
352 3833 507 3902 corrigendo
529 3833 635 3887 nomine
652 3834 814 3889 substituen—
883 3835 1005 3902 Lydiam,
1013 3835 1094 3888 Iorros
1116 3836 1455 3895 Nonausussumlibronrm

212 3900 300 3968 doque
322 3899 440 3970 Choaspe
458 3902 543 3972 (quod
554 3901 682 3956 Cellarins
700 3911 814 3974 tempta·
848 3919 909 3956 mss.
928 3901 980 3955 fide
1004 3903 1110 3957 deserta
1128 3906 1233 3959 Ioniam
1257 3909 1371 3961 scribere
1394 3927 1453 3962 cum

212 3967 262 4030 tit)
277 3969 440 4037 autldospe,
455 3971 526 4039 quod
541 3981 816 4042 nomenexconupta
848 3970 964 4040 vulgatis
993 3970 1056 4024 inde
1083 3991 1099 4025 a
1122 3973 1199 4028 lunio
1226 3977 1286 4029 edd.
1316 3976 1454 4046 (Princeps

211 4035 330 4088 codicum
361 4037 493 4106 scriptura
520 4052 548 4104 V,
572 4045 588 4092 8
619 4057 669 4108 pro
693 4039 815 4110 Choaspe
849 4039 919 4092 anim
942 4040 1070 4108 Ionidas,
1097 4042 1182 4096 Aldus
1209 4045 1313 4113 Ionas).
1360 4045 1456 4100 Potest

212 4103 314 4170 invenit
336 4104 464 4158 Valcbius
489 4106 517 4159 in
543 4107 645 4186 ephcnr.
672 4107 725 4160 litt.
752 4108 814 4160 llnl.
849 4107 918 4160 enim
932 4106 1013 4162 etiarn
1028 4109 1081 4161 bl.
1102 4113 1173 4180 quod
1192 4129 1269 4182 saepe
1287 4113 1348 4166 alibi
1367 4114 1455 4184 gentis

214 4172 276 4225 anni
297 4178 363 4224 1829
381 4191 407 4244 p.
429 4181 493 4237 139,
512 4175 577 4228 nibrl
594 4184 643 4228 est.
849 4193 946 4230 nomen
969 4195 1018 4248 pro
1041 4187 1114 4231 terra
1135 4179 1270 4246 collocari,
1295 4199 1455 4253 quamquam

248 4243 305 4308 §.ta
323 4241 625 4310 dsediorndlyrcaniom
635 4246 697 4310 oct]
717 4244 815 4298 Omnes
849 4244 927 4298 buius
962 4245 1068 4316 quidem
1103 4248 1216 4301 nominis
1251 4249 1352 4304 nullum
1390 4249 1455 4304 mibi

215 4307 276 4362 libri
303 4325 363 4362 mss.
388 4318 417 4362 et
445 4310 507 4365 olim
537 4310 602 4363 editi
632 4313 660 4363 in
686 4313 815 4379 diocliam,
850 4314 999 4385 exemplum
1017 4315 1137 4396 suppetit
1153 4326 1313 4386 praetervr,
1331 4327 1344 4372 7
1362 4320 1453 4386 Ionas,

200 4377 260 4438 ,sed
284 4385 397 4456 apparot
419 4394 476 4431 eam
499 4379 721 4449 praepositionem
747 4380 816 4434 inse-
851 4385 985 4436 Aeolidem
1003 4385 1107 4437 aeruna
1126 4387 1272 4439 exanimas.

214 4455 305 4516 quenti
338 4445 429 4500 littera
454 4467 479 4501 m
505 4457 594 4502 natam
624 4464 688 4502 esse.
732 4450 816 4505 Paulo
885 4455 910 4518 s.
929 4457 953 4507 8.
972 4469 1029 4506 nrm
1046 4455 1172 4507 transiret
1189 4456 1273 4526 mare]
1302 4457 1456 4512 Transisset
