3268 5286
149 417 152 424 .
239 347 311 420 346
725 367 759 431 o.
778 367 903 420 cunrn
926 369 1012 422 surr
1103 358 1125 394 ⁸

186 549 255 625 40'
308 551 380 636 ,In
419 548 607 650 Sogdianis
643 552 822 626 Peucolao
860 578 941 627 cum
978 554 1093 628 tribus
1131 553 1273 628 milibus
1310 554 1473 654 peditum
1491 575 1525 623 10
1625 569 1626 656 J

236 665 366 763 (neque
392 663 486 737 enim
511 664 637 737 maiori
661 662 838 763 praesidio
864 664 1062 764 indigebat)
1088 667 1221 756 relicto,
1247 664 1379 740 Bactra
1394 693 1472 766 per·
1625 667 1626 692 *

235 775 343 849 venit.
395 774 484 849 Inde
509 774 661 848 Bessum
686 773 871 850 Ecbatana
897 776 979 849 duci
1004 778 1117 868 iussit,
1144 778 1331 852 interfecto
1351 777 1471 861 Dareo

233 912 367 987 poenas
394 889 510 986 capite
535 889 810 986 persoluturum.
853 887 985 964 lisdem
1001 891 1075 963 fere
1097 888 1225 962 diebus
1243 886 1471 964 Ptolemaeus
1490 911 1521 957 11

234 991 274 1074 ei
288 997 449 1074 Menidas
477 997 639 1098 peditum
664 1000 734 1072 tria
759 999 855 1073 milia
881 1010 918 1074 et
944 999 1080 1098 equites
1106 1001 1203 1074 mille
1230 999 1470 1092 adduxerunt,

232 1110 396 1202 mercede
423 1110 646 1184 militaturos.
684 1109 892 1184 Alexander
917 1137 1059 1209 quoque
1086 1138 1132 1186 ex
1150 1111 1261 1212 Lycia
1286 1137 1367 1188 cum
1392 1113 1471 1211 pari
1488 1132 1522 1180 12

231 1247 381 1298 numero
413 1222 575 1322 peditum
607 1233 643 1296 et
668 1246 694 1296 1)
721 1223 898 1321 equitibus
931 1224 1040 1297 venit.
1093 1222 1259 1298 Totidem
1291 1249 1338 1298 ex
1365 1220 1471 1324 Syria

231 1335 527 1433 Asclepiodorum
546 1335 803 1433 sequebantur:
830 1335 1022 1435 Antipater
1041 1333 1260 1412 Graecorum
1276 1357 1345 1408 vm
1363 1336 1469 1427 milia,

231 1447 268 1520 in
295 1447 372 1543 quis
399 1467 449 1519 nc
478 1445 614 1543 equites
642 1457 760 1535 erant,
800 1448 955 1520 miserat
1007 1446 1133 1545 Itaque
1166 1448 1326 1524 exercitu
1352 1459 1469 1539 aucto,
1487 1467 1521 1515 1³
1625 1489 1626 1520 t

232 1556 279 1630 ad
305 1582 356 1648 ea,
384 1583 475 1656 quae
493 1556 691 1631 defectione
710 1556 854 1630 turbata
872 1569 985 1649 erant,
1011 1557 1259 1657 componenda
1283 1561 1469 1658 processit,

230 1669 495 1767 interfectisque
521 1669 819 1744 consternationis
845 1670 1061 1761 auctoribus,
1093 1681 1222 1769 quarto
1249 1671 1306 1746 die
1333 1670 1381 1746 ad
1405 1672 1469 1746 flu·

211 1775 312 1854 ¹men
339 1777 461 1854 Oxum
486 1791 699 1880 perventum
726 1789 790 1854 est.
843 1780 927 1873 Hic,
954 1782 1037 1879 quia
1060 1784 1186 1858 limum
1210 1783 1325 1875 vehit,
1358 1784 1469 1858 turbi·
1625 1851 1626 1862 ,

231 1892 298 1968 dus
326 1917 475 1991 semper,
501 1893 693 1986 insalubris
709 1899 775 1966 'est
800 1894 910 1992 potui.
957 1892 1083 1992 ltaque
1108 1906 1237 1993 puteos
1263 1893 1364 1970 miles
1390 1917 1522 1970 coe-14

229 2015 332 2104 perat
349 2003 481 2078 fodere.
521 2003 597 2078 Nec
615 2015 735 2079 tamen
759 2005 869 2080 humo
889 2005 961 2080 alte
980 2017 1104 2105 egesta
1123 2006 1306 2082 existebat
1323 2007 1468 2099 hum0r3

231 2143 311 2190 cum
336 2117 374 2189 in
405 2118 484 2215 ipso
510 2117 740 2191 tabernaculo
772 2119 866 2216 regis
897 2129 1108 2216 conspectus
1141 2130 1197 2192 est
1227 2120 1327 2210 fons,
1362 2143 1470 2216 quem

231 2230 313 2327 quia
338 2226 442 2300 tarde
467 2237 697 2319 notaverant,
735 2228 854 2302 subito
883 2230 1045 2304 extitisse
1071 2231 1264 2304 finxerunt.
1317 2229 1468 2330 Rexque
1625 2291 1626 2294 ,

228 2341 305 2439 ipse
332 2337 428 2414 credi
454 2339 578 2429 voluit,
604 2337 754 2414 deorum
772 2339 906 2415 donum
923 2340 959 2415 id
977 2341 1095 2416 fuisse.
1136 2339 1320 2441 Superatis
1338 2341 1467 2420 deinde
1488 2363 1522 2411 1⁵
1625 2447 1626 2450 Ἴ

229 2591 334 2646 videtur
354 2607 447 2662 agema
472 2590 590 2664 equitum
617 2591 761 2646 amicorum
783 2591 830 2662 (τὸ
865 2593 910 2647 lib.
920 2607 985 2662 vm,
999 2602 1025 2661 a,
1039 2601 1085 2660 243
1103 2593 1149 2649 lib.
1161 2609 1191 2659 x,
1209 2602 1249 2661 10,
1268 2601 1298 2650 21
1319 2595 1466 2651 etSueton.

228 2661 321 2732 ἄγημα
341 2665 402 2714 τῶν
426 2662 561 2734 ἑταίρων)
588 2677 656 2731 quac
682 2663 772 2714 eadem
790 2669 831 2714 cat
866 2660 941 2717 Caes.
959 2679 980 2716 r.
994 2671 1036 2718 20.
1071 2663 1130 2718 Hos
1150 2662 1221 2718 locos
1243 2664 1361 2718 laudavit
1379 2664 1466 2720 Cella-

228 2736 309 2796 v1,26
322 2731 414 2800 prima
431 2731 522 2783 colors
535 2731 687 2797 amicorum,
705 2729 732 2783 in
751 2747 831 2800 quarn
863 2729 924 2795 rins,
942 2733 1009 2786 adda
1027 2731 1114 2787 Tacit.
1132 2731 1251 2802 hist.1v,
1269 2739 1310 2787 50.

227 2797 703 2879 re⁰⁴³l),l¹¹¹¹¹²ll¹¹¹¹1l)¹¹l⁰0²¹¹²ll¹¹ffl¹¹v
720 2799 829 2852 fratrem
898 2817 1042 2871 insalubria
1072 2829 1110 2872 eat
1135 2819 1221 2888 porus]
1266 2817 1361 2874 Delcvi
1390 2830 1413 2874 at
1437 2820 1467 2874 in

228 2867 316 2932 ΠΜ,
333 2885 413 2938 ⁸¹¹1)ra
429 2885 486 2938 caP·
499 2875 540 2922 24·
863 2883 1000 2957 principio,
1024 2887 1086 2958 quis
1104 2887 1179 2940 deest
1196 2886 1222 2940 in
1241 2905 1258 2942 o
1277 2887 1346 2942 timis
1363 2897 1392 2943 et
1408 2907 1466 2942 mu·

261 2953 326 3025 Cap.
336 2961 379 3023 40,
398 2957 422 3020 s.
434 2960 473 3007 10.
509 2951 610 3007 Bactra
622 2953 754 3025 pervenit]
776 2955 828 3007 Ar·
862 2961 921 3008 tata
938 2957 1076 3009 verborum
1100 2955 1247 3027 coniungcn
1265 2974 1341 3011 orum
1361 2957 1466 3012 ratione

226 3022 314 3076 rianus
341 3039 386 3090 ιν,
416 3029 428 3074 7
461 3021 585 3093 Zariaspa
610 3039 701 3093 regem
726 3023 828 3076 venisse
862 3031 951 3094 potest
968 3024 1065 3077 abessa.
1096 3023 1149 3078 Sed
1161 3026 1239 3094 potui
1256 3041 1346 3080 omncs
1364 3025 1466 3081 codices

226 3091 427 3146 hibernaturum
452 3090 551 3156 tradit,
582 3098 611 3144 et
637 3091 723 3144 adhuc
747 3091 828 3161 vulgo
862 3091 960 3152 nostri,
990 3092 1034 3164 qui
1071 3093 1159 3146 uidam
1179 3094 1370 3217 habentxgnam
1387 3094 1466 3149 orarit·

226 3161 354 3215 creditum
376 3168 429 3224 est,
458 3159 609 3214 auctoribus
630 3159 735 3231 quidem
752 3159 827 3214 Stra·
862 3167 924 3213 tunt
944 3159 1015 3214 Flor.
1086 3161 1207 3215 Bern.B
1231 3171 1259 3216 et
1307 3170 1393 3218 ossa
1416 3163 1464 3218 sic:

225 3231 294 3284 bone
311 3247 342 3284 ac
358 3228 459 3293 Plinio,
489 3246 567 3282 unam
588 3245 646 3282 csse
668 3228 761 3282 urbem
778 3229 827 3281 du·
862 3231 940 3282 insol.
960 3239 998 3283 est
1020 3240 1112 3300 puteos
1140 3231 1254 3302 itaque).
1267 3239 1296 3284 et
1318 3231 1362 3284 vix
1386 3233 1465 3288 eredo

225 3297 287 3367 plici
309 3297 413 3353 nomine
435 3297 532 3349 Bactra
555 3306 584 3349 ct
606 3296 737 3366 Zariaspa.
773 3295 826 3350 Sed
862 3295 1063 3368 Snakenburgio
1084 3299 1113 3351 in
1134 3317 1188 3354 uno
1210 3297 1284 3352 Leid.
1302 3317 1359 3354 esse
1376 3311 1464 3370 potus.

224 3365 284 3418 vide
307 3366 368 3420 Gar.
390 3363 527 3418 Mennium
553 3365 580 3417 in
606 3363 743 3418 Meletem
765 3363 825 3418 hist.
861 3363 915 3418 Sed
924 3383 1003 3436 quam
1016 3384 1078 3421 vcra
1092 3367 1174 3422 nostri
1187 3367 1284 3436 neseio,
1302 3369 1465 3440 nequeenim

225 3433 334 3488 Bonnac
353 3439 419 3488 1839
442 3432 520 3485 editis
537 3449 598 3502 pag.
616 3439 648 3486 84
672 3450 730 3503 sqq.
749 3440 826 3486 acute
861 3433 924 3504 quia
944 3435 1064 3505 sequitur
1084 3435 1181 3490 vocalis
1198 3435 1216 3503 i,
1235 3445 1307 3492 certa
1324 3446 1366 3492 cst
1382 3437 1463 3492 libro·

225 3503 449 3556 demonstrantem
474 3499 599 3572 Zariaspa
629 3499 728 3571 regiain
754 3501 826 3554 illam
860 3520 919 3554 rum
934 3505 1098 3558 'auctoritas
1138 3505 1220 3575 Apud
1242 3505 1311 3560 Plin.
1329 3513 1384 3560 nat.
1403 3505 1462 3562 hist.

225 3569 418 3640 Sogdianorum
434 3586 504 3636 esse,
533 3587 611 3640 quam
633 3587 714 3642 supra
735 3569 784 3623 atti
805 3569 825 3614 ’-
860 3585 901 3638 vr,
911 3577 943 3626 32
959 3590 1028 3644 aqua
1041 3575 1117 3644 potui
1125 3575 1237 3628 iucunda
1246 3574 1352 3646 legitur,
1390 3593 1463 3630 uam-

225 3658 282 3692 mus
303 3639 337 3692 ad
354 3656 410 3709 cap.
429 3645 477 3704 39,
502 3645 575 3692 bans
594 3638 696 3705 Oxum,
723 3646 751 3692 et
772 3588 813 3692 idl
860 3657 939 3711 quam
956 3640 1045 3696 similis
1063 3651 1104 3698 est
1128 3659 1282 3710 consensus,
1311 3645 1357 3698 scd
1399 3645 1464 3698 'viras

225 3707 339 3762 hibernis
362 3706 428 3762 actis
445 3705 626 3761 Alexandrum
653 3707 686 3760 ad
708 3707 825 3778 Margia-
859 3723 920 3762 xnv
939 3715 1011 3776 30,2
1030 3712 1110 3765 habet
1128 3713 1224 3766 divisui
1234 3713 1341 3782 facilis,
1359 3723 1388 3767 et
1405 3721 1463 3767 tue·

224 3795 284 3830 nam
309 3775 495 3830 subiiciendam
512 3775 686 3831 contendisse.
723 3775 826 3831 Contra
860 3786 905 3832 tur
921 3750 1162 3836 brokenborehius.
1199 3780 1318 3852 Vulgata
1334 3782 1464 3852 scriptura

225 3845 299 3898 illum
325 3845 364 3900 dis
385 3853 444 3898 utat
469 3843 605 3914 Maraeu,
638 3861 724 3918 neque
749 3845 826 3900 nobis
860 3847 886 3899 h.
906 3846 923 3900 l.
944 3858 1012 3918 pota
1037 3849 1071 3902 ab
1088 3849 1172 3903 Hadr.
1194 3847 1271 3904 lunio
1296 3857 1354 3917 cst,
1380 3851 1462 3922 proba

225 3913 289 3968 licet
306 3863 433 3968 hoedoco
451 3913 587 3986 utriusque
608 3915 724 3969 rationes
747 3933 826 3970 excu-
860 3913 968 4037 guidem
982 3934 1031 3987 per
1043 3933 1080 3986 se,
1098 3918 1144 3972 sed
1161 3918 1320 3973 auctoritate
1336 3919 1462 3975 hbrorum

224 3990 297 4036 tere:
320 3990 425 4036 tanturn
441 3981 560 4050 dicimus,
578 3983 747 4037 Mennianam
764 4000 826 4054 opo·
879 3983 996 4038 estituta.

224 4069 288 4175 iffi
297 4051 324 4104 in
341 4050 491 4105 universum
501 4052 578 4107 nobis
591 4069 749 4124 magnopere
763 4070 826 4123 pro·
861 4149 872 4193 t
895 4073 919 4138 ς,
939 4077 978 4124 14,
1005 4089 1070 4193 ἐξίῃ,
1096 4091 1125 4195 ,tp
1151 4073 1343 4196 wltecfdd
1372 4091 1463 4128 omne,

259 4211 332 4273 §.12¹
358 4223 389 4257 aa
408 4205 499 4276 Syria]
535 4203 579 4258 Sic
595 4203 666 4259 Flor.
684 4223 742 4259 cnm
750 4203 826 4260 Laid.
859 4156 1010 4278 Ibldldnplutb
1026 4153 1462 4284 appldreidscoarduptidllilsuddusffl,

225 4282 254 4328 et
275 4273 395 4327 Bern.B
422 4289 512 4328 omnes
537 4291 585 4345 pro
610 4273 682 4344 vulg.
703 4291 725 4327 e.
759 4272 826 4330 Post
859 4293 920 4330 nam
937 4294 994 4330 mm
1010 4275 1091 4348 longe
1107 4279 1238 4348 optimum
1255 4279 1368 4336 videtur.

224 4355 264 4397 nc
283 4344 377 4413 equitas
396 4359 487 4397 omncs
503 4360 634 4396 macron
651 4357 680 4396 Ι).
893 4365 999 4417 mmm
1017 4366 1113 4418 domm,
1129 4366 1160 4418 id
1173 4365 1272 4436 sm]
1308 4366 1397 4438 vulgo
1416 4371 1463 4421 do,

259 4429 334 4496 §.lt
365 4425 581 4508 conatematioais
599 4429 755 4508 currantur,
773 4426 823 4483 ie.
858 4449 918 4485 aum
937 4434 979 4486 dei
997 4433 1028 4485 id
1046 4432 1152 4503 fuisso,
1176 4435 1248 4556 guod
1272 4434 1301 4488 in
1321 4452 1376 4516 uno
1394 4435 1464 4492 libro

225 4495 369 4564 tumultus,
395 4497 540 4568 mdhonu,
567 4504 598 4550 ut
615 4497 660 4551 lrb.
676 4511 704 4568 v,
728 4503 771 4566 28,
794 4503 822 4568 ὃς
856 4498 927 4558 Flor.
947 4501 974 4554 G
991 4509 1075 4556 extat.
1113 4501 1175 4568 Quo
1211 4519 1260 4558 noa
1283 4503 1404 4558 dedimus
1421 4513 1463 4560 cst
