3214 5288
225 360 248 431 8
697 375 732 440 o.
759 373 884 428 cunm
908 370 994 426 nom

223 561 341 658 Igitur
366 560 492 633 eastris
526 558 574 635 ad
598 557 787 657 Babylona
817 556 953 655 positis,
986 581 1057 654 quo
1092 556 1227 630 maiore
1259 555 1377 630 animo
1409 579 1504 630 ors-2

226 680 413 770 pesserent
438 671 582 760 bellum,
616 668 803 742 universas
828 667 924 742 viras
949 667 988 740 in
1013 676 1245 765 conspectum
1270 665 1394 740 dedit:
1428 678 1467 741 et

226 780 444 858 crcumdato
470 782 577 872 vallo,
611 777 708 876 quod
734 776 859 854 decem
888 778 1025 851 milium
1058 787 1279 852 armatomm
1307 779 1466 852 multitu·

184 945 187 952 -
226 893 346 966 dinem
378 899 531 989 caperet,
567 888 699 964 Xerxis
737 890 902 990 exemplo
942 913 1131 962 numerum
1165 889 1347 986 copiarum
1377 889 1464 962 iniit.

227 1001 318 1078 Orto
346 1003 421 1077 sole
447 999 494 1076 ed
519 1011 664 1074 noctem
689 1002 841 1100 agmina,
881 999 974 1074 siout
1005 999 1185 1099 descripta
1209 1008 1322 1090 erant,
1356 999 1505 1072 intra-a
1593 1095 1594 1106 ἵ

226 1139 312 1190 vere
337 1113 482 1186 vallmn.
522 1110 610 1186 Inde
636 1113 766 1188 enussa
791 1121 1056 1211 occupaverant
1073 1109 1354 1210 Mesopotamiae
1373 1135 1464 1183 oam-

149 1305 151 1312 .
225 1251 302 1324 pos,
331 1223 491 1320 equitum
516 1222 748 1322 peditumque
772 1221 1034 1322 propemodum
1058 1221 1326 1296 innmnerabilis
1346 1221 1465 1311 turba

225 1336 397 1408 maiorem
423 1359 530 1431 quam
549 1359 615 1432 pro
630 1359 778 1408 nmnero
806 1334 960 1431 speciem
986 1334 1114 1408 ferens.
1152 1332 1344 1407 Persarum
1364 1343 1467 1406 erant
1485 1349 1508 1396 4
1594 1423 1595 1438 χ

226 1456 372 1520 eenttun
397 1445 504 1535 milia,
529 1445 566 1518 in
593 1445 672 1544 quis
698 1470 807 1541 eques
833 1431 981 1542 triginta
998 1445 1181 1543 implebat.
1219 1443 1316 1518 Medi
1342 1443 1467 1518 decem

228 1557 398 1653 equitum,
420 1555 677 1654 quinquaginta
694 1558 791 1629 milia
804 1556 970 1654 'peditum
992 1557 1183 1630 habebant.
1222 1553 1505 1630 Barcanorum-'⁵
1555 1557 1560 1568 '

228 1667 389 1764 equitum
414 1664 487 1739 duo
512 1667 610 1740 milia
635 1669 744 1758 fuere,
771 1667 898 1740 armati
924 1667 1137 1765 bipennibus
1163 1667 1374 1763 levibusque
1388 1691 1467 1739 sou·

227 1778 274 1850 tis
300 1777 456 1850 maxime
482 1787 600 1850 cetrae
627 1779 782 1876 speciem
806 1777 1054 1852 reddentibus:
1081 1775 1242 1875 peditmn
1261 1776 1385 1851 decem
1403 1777 1466 1850 mi·

265 1942 329 2026 (ξαρ.
348 1951 371 1996 4.
397 1945 421 2064 p
444 1949 469 1996 2.
503 1945 600 1996 castris
627 1946 666 1997 ud
690 1945 750 1998 Bab
767 1947 828 2025 lona
898 1945 1007 1996 seciam
1016 1944 1123 2022 ferens]
1151 1942 1197 1996 Sia
1212 1943 1293 1996 Ram.
1310 1945 1336 1995 A
1353 1939 1465 2021 ΜΒ

224 2013 396 2150 bodilldadlu
421 2012 829 2160 errldABBlryblyolobndbrsodmbqui
862 2009 1468 2160 tlbntellblnrsuio'lbldrlosrldkdlnbultgrrlffdvulgb

228 2148 280 2200 mei
302 2149 486 2226 Babrlom‘am
513 2147 628 2202 Omnmo
655 2121 760 2228 drt'dcilo
788 2158 829 2203 est
863 2149 972 2218 speciem
988 2165 1089 2228 yerenq.
1108 2147 1217 2228 Curtrus
1234 2147 1295 2200 abbr
1312 2164 1361 2201 neo
1376 2163 1468 2217 yerere

228 2224 345 2269 statuere
366 2232 419 2285 qna
435 2223 538 2268 retrone
560 2217 653 2270 urbem
673 2217 745 2270 rllam
766 2217 828 2272 scri-
863 2233 912 2270 neo
919 2219 998 2286 serre
1011 2232 1123 2287 spernam
1132 2217 1205 2282 dat,
1223 2232 1316 2270 verum
1328 2218 1468 2286 praciam

227 2291 290 2354 ptor
306 2282 427 2336 videatur
445 2281 604 2353 appellasse:
630 2302 690 2337 num
711 2285 829 2339 nomina·
863 2299 918 2350 vn,
937 2289 963 2351 8,
980 2286 1077 2354 sacere
1094 2297 1161 2352 vm,
1179 2291 1223 2350 42,
1247 2287 1381 2338 ostendere
1397 2297 1467 2350 vlu,

227 2351 298 2404 tirus
316 2367 443 2421 nusquam
461 2358 502 2404 est
519 2353 588 2422 apud
606 2368 681 2419 oum3
699 2351 829 2407 ablativus
863 2358 895 2406 ll
923 2360 952 2405 et
977 2361 1106 2405 ostentare
1132 2367 1163 2419 x,
1190 2359 1233 2420 28,
1258 2351 1468 2423 frequentissime

226 2419 267 2474 bis
284 2419 419 2473 invenitur
435 2420 571 2487 Babylone
588 2427 642 2484 v,5
661 2429 690 2474 et
707 2428 748 2476 20.
776 2423 828 2475 Ac·
859 2422 999 2492 praebere;
1018 2419 1317 2487 Cicerodeotl.11,1l
1337 2422 1468 2540 nisi‘rpe-

227 2487 373 2541 cusativmn
401 2487 462 2541 libri
485 2487 550 2541 editi
576 2488 729 2559 plerumque
755 2490 829 2542 exbi-
863 2491 927 2542 ciem
977 2506 1009 2541 ae
1027 2498 1050 2542 le
1068 2489 1129 2541 boni
1145 2491 1300 2558 cir-iserae,
1325 2489 1374 2560 ¹sed
1396 2486 1469 2540 iem

226 2557 292 2611 bent
308 2557 483 2624 Babylonem,
503 2557 549 2610 sed
566 2558 640 2610 codd.
659 2575 718 2612 mss.
738 2558 829 2626 (omis-
863 2558 930 2611 deo
951 2564 1039 2623 .111‚4
1057 2558 1254 2610 sinrilirudr'nem
1272 2559 1406 2626 quandam
1420 2573 1469 2626 ye-

226 2624 261 2677 sis
279 2623 336 2678 aliis
354 2623 483 2678 scribendi
501 2623 630 2692 ludibriis)
656 2626 694 2678 ita
715 2626 828 2694 variant,
863 2627 954 2679 rebant
971 2626 1131 2694 speciemque
1147 2627 1311 2696 sapientium.

227 2691 302 2746 utin
366 2692 432 2746 'ores
448 2693 503 2745 fere
520 2694 691 2762 Babylonem,
715 2694 829 2748 deterio-
899 2697 921 2762 5.
940 2700 964 2746 4.
987 2695 1091 2774 inquis
1110 2693 1468 2763 equestriyr'ntar'mplebat]

226 2777 269 2814 res
295 2761 338 2814 Ba
355 2762 482 2830 yloaiam,
517 2762 648 2816 raissime
669 2763 829 2831 Babylonem
863 2761 953 2816 ano
980 2764 1090 2831 rriyrnta
1107 2763 1197 2828 milia,
1223 2762 1269 2815 sod
1286 2777 1382 2832 sequor
1397 2777 1470 2814 nuno

228 2829 350 2882 habeant.
386 2829 444 2882 lam
465 2831 630 2898 Babylonem
653 2849 730 2884 nemo
752 2831 829 2898 feret,
862 2780 937 2883 Leirl
955 2829 1058 2884 Vosal
1078 2837 1107 2882 et
1124 2829 1271 2885 Beruenses
1287 2828 1470 2883 Florentinos-
1544 2850 1549 2859 ·

227 2897 290 2968 quia
306 2897 481 2952 nominativus
503 2899 640 2968 Babylona
667 2899 831 2954 abhorrete
864 2915 916 2969 que
932 2897 1013 2952 libros
1030 2906 1136 2969 praeter
1152 2915 1233 2951 unum
1250 2897 1321 2951 Flor.
1339 2896 1373 2951 G.

228 2965 424 3034 consuetudine,
443 2968 490 3020 sed
506 2967 644 3038 Babylona
656 2967 759 3022 Graeca
776 2976 830 3021 ter-
899 2971 922 3036 ξ.
940 2974 964 3019 b.
982 2967 1165 3020 Barcanorum
1183 2967 1308 3036 equiturn]
1342 2967 1470 3018 Bactria-

228 3035 380 3102 minatione,
416 3053 494 3116 quam
528 3035 556 3088 in
591 3035 647 3089 aliis
681 3037 830 3090 nominibus
863 3053 956 3088 norum
977 3034 1039 3088 olim
1061 3035 1203 3100 edebatur,
1227 3043 1256 3088 et
1279 3041 1320 3087 ast
1342 3033 1370 3086 in
1387 3033 1470 3086 Bam.

229 3103 337 3158 Graecis
361 3104 470 3158 Curtius
493 3121 570 3176 saepe
596 3105 737 3184 praetulit,
768 3104 831 3160 boni
863 3103 977 3158 BFlor.
995 3102 1105 3170 EGH,
1127 3111 1175 3156 aut
1192 3102 1311 3156 similiter
1327 3101 1471 3156 Barctre'a·

229 3172 291 3226 libri
309 3189 495 3242 nonnunquam
514 3172 652 3244 (imprimis
665 3189 696 3238 x,
707 3178 736 3243 2)
755 3191 830 3244 prae·
864 3190 957 3224 norum
984 3170 1011 3223 in
1037 3170 1109 3224 Flor.
1132 3169 1169 3238 D,
1195 3172 1415 3224 Boretrr'unorum
1440 3169 1470 3223 in

230 3241 296 3292 bent
313 3247 341 3290 et
358 3256 434 3292 oorrn
454 3239 532 3292 tionis
549 3241 619 3293 ratio
662 3249 710 3293 tet.
737 3246 830 3320 Itaque
865 3239 937 3293 Flor.
954 3239 1016 3292 FI:
1043 3240 1089 3291 sed
1106 3239 1267 3292 Bactrianos
1284 3239 1340 3310 ipse
1357 3238 1471 3308 scriptor

230 3258 551 3376 ubicunquoBalylomns
569 3307 596 3358 in
613 3307 631 3359 h
650 3308 686 3360 ris
703 3309 758 3361 inte
801 3326 831 3362 o·
865 3307 932 3360 infra
949 3306 1075 3372 excludit,
1093 3307 1233 3360 Barcanos
1250 3315 1340 3360 autem
1356 3306 1470 3376 stapha-

230 3374 303 3428 ribus
325 3373 452 3443 scriptum
473 3373 570 3440 inveni,
593 3375 695 3428 correxi
716 3377 759 3428 Ba
776 3378 831 3444 ylo·
865 3393 914 3428 nus
931 3374 1076 3444 Byzantius
1093 3383 1199 3446 gentem
1210 3375 1340 3445 Hyrranis
1357 3374 1471 3428 vieinmn

230 3459 276 3508 na,
294 3441 398 3494 sublata
415 3441 505 3496 littera
522 3461 547 3494 m
569 3442 596 3496 in
621 3444 682 3509 line,
704 3461 782 3515 quam
801 3444 831 3497 li-
866 3443 988 3515 appellat.

214 3509 377 3581 ¹broriorum
399 3509 463 3564 levis
485 3509 593 3564 edentia
615 3511 741 3580 adjecisse
758 3512 831 3566 vide-
899 3514 1011 3566 maur‘me
1029 3522 1113 3566 cetrae
1130 3513 1241 3592 speciem
1258 3511 1346 3581 redd]
1376 3510 1471 3564 Oelrae

230 3586 318 3644 retur3
353 3577 447 3648 reliqui
473 3585 562 3632 tamen
583 3581 758 3649 Babyloniam
785 3583 831 3646 (de
865 3582 974 3634 verbum
1000 3579 1052 3633 iam
1082 3579 1164 3634 editio
1187 3581 1311 3700 panorps
1342 3577 1470 3644 restituit,

230 3647 309 3714 urbe)
327 3660 369 3712 ιν,
388 3653 421 3700 25
438 3653 467 3699 et
484 3652 527 3714 85,
545 3661 576 3714 Χ,
603 3657 630 3716 3,
652 3649 746 3719 quibus
768 3647 831 3704 locis
865 3665 925 3703 oum
950 3649 977 3701 in
1004 3647 1076 3702 libris
1101 3665 1162 3701 mss.
1205 3647 1360 3702 clarioribus
1387 3646 1471 3714 (Flor.

230 3713 323 3785 optimi
345 3714 446 3768 codices
468 3724 585 3783 tuentur,
607 3734 668 3770 nam
690 3718 763 3780 urbia
784 3735 831 3772 uo-
866 3717 971 3839 quidem
987 3715 1170 3785 DEFGHl)
1188 3717 1269 3770 celtae
1286 3716 1397 3786 legetur.
1420 3713 1472 3768 lsi·

230 3800 291 3835 men
309 3783 458 3850 Babylonia
480 3784 598 3856 genitivo
620 3787 783 3856 Babyloniae
801 3803 830 3855 v,
883 3784 989 3839 ornain
1008 3783 1175 3854 Originibus:
1202 3785 1281 3838 Gerra
1305 3793 1405 3838 scutum
1432 3785 1471 3836 lo·

231 3851 420 3905 bdrsenditur.
864 3871 939 3908 reum
956 3855 1013 3906 sine
1031 3854 1120 3922 liyno,
1148 3871 1198 3922 quo
1224 3862 1332 3906 utuntur
1354 3851 1421 3922 Afra*
1446 3859 1470 3902 et

266 3921 351 3972 decem
368 3921 480 3991 milium]
498 3920 591 3986 Milia,
608 3924 709 3976 milium
719 3931 768 3977 eet.
778 3941 831 3978 uno
865 3923 969 3976 Mauri.
1009 3920 1116 3975 Servius
1139 3923 1173 3974 ad
1197 3921 1299 3991 Vergil.
1323 3921 1389 3973 Aen.
1413 3931 1471 3984 vn,

231 3986 350 4066 loscribo,
369 3987 430 4058 quia
447 3989 484 4044 sio
506 3998 658 4044 constanter
680 3991 740 4045 libri
762 3992 831 4044 mati.
867 3997 916 4044 782
935 3999 1030 4043 cetram
1048 3989 1141 4043 definit
1163 3999 1262 4043 scutum
1281 3991 1392 4053 loreum',
1419 4003 1470 4056 quo

231 4055 398 4125 singularem
411 4065 504 4110 oontra
513 4058 652 4136 geminatis
662 4057 744 4112 literis
754 4059 832 4114 scribi
866 4069 975 4111 utuntur
997 4059 1062 4129 Asrr'
1083 4067 1107 4110 et
1129 4059 1263 4128 Hirpani,
1294 4073 1347 4110 non
1376 4054 1472 4109 iniuria

230 4125 404 4244 filmllicl,
411 4125 587 4222 praeciprunt:
605 4127 665 4179 vide
679 4127 832 4181 Schneidori
866 4127 998 4198 Hispanos
1016 4143 1221 4207 commemorans
1239 4125 1394 4193 (clLivium
1403 4137 1470 4189 m,

265 4207 332 4314 ena&
356 4200 535 4314 'indepe'nilia
553 4264 753 4343 occupaverant]
787 4263 833 4317 Sia
866 4201 959 4336 {illd}
967 4192 1471 4342 piminiqqquqieth'ququffloffi

229 4327 342 4382 Flor.B
361 4329 832 4412 etBern.A,plureset1amorcu·
867 4331 912 4402 qui
937 4333 1007 4402 apud
1033 4330 1148 4384 Graecos
1173 4337 1312 4400 scuptores
1338 4330 1470 4396 drotmtur,

224 4394 364 4476 pararant.
424 4397 514 4467 Vulgo
549 4401 610 4454 rude
644 4411 831 4468 orcryrauerunt
866 4399 922 4471 ipso
930 4400 1131 4454 Romanomore
1148 4409 1258 4453 cetratos
1276 4397 1400 4470 appellat.
1419 4395 1471 4450 Ce-

228 4481 334 4520 euursn.
866 4475 954 4522 terum
976 4485 990 4520 e
1013 4485 1066 4521 non
1090 4485 1122 4521 aa
1144 4466 1229 4522 scribo
1251 4483 1310 4521 um
1335 4467 1471 4536 Wagnem
