3214 5288
508 389 559 439 na
585 387 714 440 casrrs
741 387 849 439 anax.
876 387 927 457 nr,
947 387 971 438 1.
1343 369 1366 442 t

100 593 213 670 ssyas
240 572 364 661 amnis,
390 571 561 646 fabulosis
582 567 808 668 ¹Graecorum
834 571 1049 646 carminibus
1074 571 1226 645 inclitus.
1269 571 1367 648 Fons

130 683 204 758 eius
239 707 288 756 ex
317 707 457 757 summo
491 683 624 757 montis
657 683 840 758 cacumine
874 705 1069 756 excurrens
1099 682 1138 754 in
1170 684 1367 760 subiectam

128 802 269 890 petram
294 815 424 890 magno
445 795 596 892 strepitu
615 819 788 892 aquarum
807 793 920 869 cadit:
946 793 1031 866 inde
1050 792 1201 866 diffissus
1221 795 1367 868 obcum-

128 903 240 976 iectos
265 903 359 998 rigat
384 929 539 1002 campos,
570 905 725 1002 liquidus
758 915 797 980 et
828 929 911 978 suas
939 903 1130 978 dumtaxat
1154 903 1270 978 undas
1296 921 1366 978 tra·

96 1013 228 1088 thens.
281 1012 406 1110 ltaque
431 1017 530 1089 color
561 1017 637 1090 eius
669 1016 810 1115 placido
836 1018 926 1090 mari
952 1017 1075 1090 similis
1100 1017 1220 1089 locum
1245 1023 1367 1113 poeta·

127 1150 211 1198 rum
235 1122 421 1199 mendacio
446 1128 553 1201 lecit:
586 1129 716 1226 quippe
740 1127 915 1201 traditum
940 1137 1006 1218 est,
1031 1124 1219 1225 Nymphas
1245 1153 1367 1201 amore

128 1236 243 1308 amnis
278 1246 436 1309 retentas
467 1239 505 1310 in
536 1239 596 1311 illa
629 1263 719 1336 rupe
754 1239 949 1313 considere.
1004 1235 1172 1312 Ceterum
1198 1237 1368 1333 quamdiu

95 1347 224 1420 cintra
247 1371 370 1420 muros
395 1347 484 1438 fluit,
510 1374 642 1422 nomen
669 1373 775 1422 saum
799 1351 948 1425 retinet:
988 1359 1027 1422 at
1053 1373 1136 1422 cum
1161 1359 1267 1422 extra
1292 1375 1368 1422 mu-

126 1457 289 1532 nimenta
315 1483 354 1530 se
380 1459 525 1550 evolvit,
551 1461 685 1534 maiore
710 1461 749 1532 vi
773 1486 815 1534 ac
840 1463 935 1536 mole
962 1469 1129 1558 agentem
1153 1457 1271 1534 undas
1297 1458 1366 1558 Ly-

127 1593 211 1642 cum
237 1570 428 1667 appellant.
1054 1599 1060 1608 ’

94 1701 109 1750 c
231 1679 441 1753 Alexander
481 1680 624 1778 quidem
662 1681 790 1755 urbem
828 1679 1039 1756 destitutam
1081 1709 1103 1756 a
1137 1682 1211 1754 suis
1245 1683 1365 1771 intrat,

127 1815 249 1863 arcem
273 1815 371 1880 vero,
402 1791 440 1864 in
467 1817 573 1888 quarn
599 1793 843 1890 confugerant,
876 1819 1084 1892 oppugnare
1117 1792 1276 1881 adortus,
1312 1815 1367 1863 ca·

127 1899 361 1974 duceatorem
391 1903 590 2000 praemisit,
625 1904 686 2002 qui
718 1903 963 1994 denuntiaret,
994 1905 1032 1976 ni
1057 1902 1241 1992 dederent,
1267 1903 1365 1998 ipsos

96 2012 257 2086 rultima
282 2037 360 2085 esse
385 2038 564 2110 passuros.
617 2013 972 2087 Illi-caduceatorem
996 2015 1034 2086 in
1058 2024 1206 2102 turrem,
1233 2021 1271 2084 et
1297 2011 1368 2083 situ

128 2133 165 2194 et
190 2147 301 2220 opere
326 2125 479 2198 multum
504 2123 647 2214 editam,
674 2123 897 2222 perductum,
924 2135 1059 2222 quanta
1084 2133 1186 2198 esset
1203 2119 1368 2211 altitude,

128 2233 261 2306 intueri
291 2234 424 2324 iubent,
460 2260 501 2308 ac
534 2236 699 2308 nuntiare
730 2234 950 2326 Alexandra,
984 2261 1058 2310 non
1091 2233 1218 2310 eadem
1251 2234 1370 2331 ipsum

129 2501 190 2538 mss.
208 2483 316 2564 propius
333 2485 440 2540 aceedit.
493 2485 537 2538 De
554 2486 620 2540 urbe
638 2485 731 2540 Celae-
766 2487 830 2540 loeis
848 2485 1035 2557 apudLiviurn
1052 2487 1140 2538 arbem
1155 2500 1306 2554 oppapaare
1319 2485 1368 2536 ad-

128 2571 224 2606 narum
242 2553 583 2622 vrdeHerodotlib.v11,
603 2561 646 2620 26,
674 2553 732 2607 Xe·
766 2565 839 2608 ortas
866 2565 913 2609 aut
935 2556 990 2609 sine
1021 2553 1150 2608 varietate
1171 2559 1219 2606 aut
1240 2551 1288 2604 ita.
1303 2548 1368 2620 legi-

128 2622 247 2692 nophon.
263 2623 349 2675 Anab.
368 2637 387 2689 r,
406 2629 431 2689 2,
455 2641 565 2692 quorum
589 2622 731 2693 descriptio
766 2631 820 2690 tur,
838 2631 870 2676 ut
887 2624 971 2678 altera
987 2623 1070 2678 sonna
1083 2625 1196 2676 adorsus
1215 2619 1242 2674 in
1261 2638 1313 2672 uno
1331 2619 1370 2672 al-

128 2689 156 2744 in
173 2689 327 2744 universum
344 2708 403 2745 eam
419 2699 511 2744 nostro
525 2689 652 2762 scriptore
669 2709 731 2746 ecn-
766 2699 859 2746 terere
879 2692 1017 2746 deterioris
1040 2699 1120 2744 notae
1143 2689 1231 2744 codiee
1253 2687 1370 2741 invenia-

128 2758 221 2825 sentit,
245 2757 267 2810 si
288 2759 494 2830 Καταῤῥήκτην
512 2759 643 2814 Herodoti
667 2777 731 2814 ean·
766 2767 820 2826 tur,
839 2777 888 2814 nec
902 2761 947 2815 alii
960 2758 1237 2829 aliorumscriptorum
1252 2756 1302 2810 loei
1314 2773 1370 2813 me·

129 2826 190 2880 dem
208 2842 267 2880 esse
288 2843 320 2880 aa
344 2827 477 2896 Marsyam
495 2835 609 2894 statuam
632 2833 731 2898 Marsy·
765 2828 831 2882 liore
848 2829 956 2883 fortuna
977 2831 1028 2882 buc
1051 2828 1195 2882 trabuntur
1215 2842 1231 2879 a
1248 2825 1369 2894 seyferw

129 2911 173 2948 am
189 2902 281 2948 autern
297 2895 326 2948 in
338 2895 511 2948 Maeandrum
521 2897 668 2962 decurrere,
687 2915 732 2950 cu·
767 2897 945 2965 gramm.Lat.
964 2901 1068 2965 §.1728
1098 2905 1154 2948 not.
1174 2901 1204 2948 12
1223 2893 1299 2946 malis
1314 2893 1370 2945 edi-

130 2961 170 3016 iua
187 2962 282 3016 itidem
298 2964 356 3018 fons
368 2981 451 3034 prope
460 2963 586 3018 Celaenas
595 2973 645 3030 est,
665 2965 732 3018 Cur·
767 2964 883 3018 tionibus
900 2974 1003 3030 utente,
1019 2983 1043 3016 v.
1061 2981 1082 3016 c.
1096 2961 1220 3030 Vergilii,
1238 2961 1284 3012 ubi
1302 2962 1369 3013 Aen.

130 3030 183 3084 tius
201 3049 254 3084 non
276 3041 470 3086 commemorat.
505 3032 567 3100 Sed,
590 3034 661 3102 quod
684 3035 732 3086 illo
767 3047 820 3098 vn,
840 3039 889 3086 886
909 3032 937 3084 in
954 3031 1075 3084 Mediceo
1092 3028 1192 3097 legitur
1208 3029 1302 3080 Maias
1321 3029 1370 3080 ad·

132 3108 281 3168 tenpestate
298 3099 371 3165 dicit,
389 3117 421 3154 eo
438 3100 555 3170 pertinet
590 3102 652 3166 aod,
670 3118 732 3154 eon-
767 3110 825 3152 orto
853 3101 928 3168 nefas
955 3101 1128 3166 maioremque
1158 3113 1219 3148 orsa
1237 3097 1370 3164 furorem.

133 3165 191 3218 dita
208 3167 242 3220 ab
258 3167 390 3222 Antiocho
404 3167 524 3239 (sotere)
543 3187 560 3221 a
594 3167 732 3248 apropin-
768 3167 883 3247 Omnino
897 3167 969 3220 nulla
985 3185 1037 3220 vox
1055 3173 1096 3218 est
1114 3165 1249 3246 adordiri:
1267 3165 1372 3217 adoriri

132 3236 672 3359 tt.tt.ttt.⁰t¹tt⁸ttlt²⁸dt
690 3256 734 3358 ll}
766 3237 870 3357 tdtt
886 3244 934 3358 tt
942 3236 1124 3375 ,ltttttt
1147 3233 1371 3372 distilludll

130 3389 191 3442 pag.
202 3372 576 3444 btl.Anteanrygiaecaput
587 3373 691 3427 strarant
706 3383 734 3426 et
768 3373 832 3426 lium
853 3371 959 3443 quidam
985 3387 1047 3440 ΠΧ,
1071 3379 1102 3426 21
1126 3371 1255 3440 Hippiam
1283 3379 1372 3437 tyran-

130 3447 282 3494 mercatura
311 3441 443 3496 florebant
468 3458 511 3509 ea,
542 3461 594 3512 qua
625 3443 735 3512 posthac
768 3459 830 3494 num
848 3443 990 3510 interficere
1008 3441 1101 3495 adorsi
1122 3449 1197 3493 eram
1218 3454 1308 3491 veram
1333 3437 1371 3490 le-

129 3507 252 3579 Apamea
268 3508 297 3562 in
313 3509 378 3563 Asia
394 3509 513 3580 proxime
530 3519 591 3580 post
599 3509 734 3580 Ephesum
768 3509 883 3563 ctionem
900 3517 973 3590 pato.
1363 3574 1369 3586 Ι

130 3575 232 3632 floruit.
803 3581 826 3645 §-
846 3585 869 3631 7.
897 3597 925 3631 ιη
944 3579 1051 3644 eamear]
1070 3575 1115 3630 Sic
1132 3575 1263 3630 edendam
1281 3591 1371 3627 curan

166 3647 191 3712 §.
210 3651 234 3699 6.
269 3647 442 3716 aidedereat]
461 3647 539 3710 Quod
557 3645 620 3700 olim
638 3647 733 3700 edeba·
768 3662 801 3698 ex
818 3645 893 3699 Leid.
911 3653 940 3700 et
957 3644 1135 3699 Bemensibus
1158 3641 1371 3712 Florentinisque

133 3717 179 3764 tur
196 3729 214 3765 a
229 3713 294 3782 ple'
326 3731 359 3766 ue
378 3716 407 3766 ni
423 3733 451 3767 se
470 3715 591 3768 dederent
609 3731 641 3766 ex
660 3715 733 3768 dete·
769 3714 890 3768 omnibus
916 3723 1022 3785 praeter
1047 3731 1129 3766 unum
1146 3711 1181 3778 G,
1209 3711 1255 3782 qui
1277 3713 1372 3764 turrim

133 3778 248 3833 rioribus
266 3782 314 3835 cod
357 3781 551 3852 depromptum,
574 3783 681 3836 Medius
706 3791 735 3836 et
769 3783 857 3849 habet,
882 3783 952 3854 quod
974 3782 1036 3835 inde
1057 3800 1073 3835 a
1094 3779 1236 3835 Vindelino
1254 3778 1372 3849 Spirensi

130 3846 257 3902 Raderus
274 3851 488 3904 condemnarant
515 3850 608 3904 Plures
620 3851 690 3904 enirn
707 3859 735 3904 et
769 3850 898 3904 editiones
915 3850 1027 3904 obtinet.
1050 3849 1109 3902 Lib.
1127 3863 1169 3916 rv,
1189 3857 1221 3902 19
1240 3849 1268 3900 in
1295 3848 1371 3900 altis-

130 3916 254 3972 melicros
288 3919 365 3972 codd.
399 3935 543 3989 pronomen
573 3919 735 3992 reciprocam
769 3920 864 3972 simam
889 3929 995 3985 turrem,
1022 3925 1050 3972 st
1067 3933 1109 3984 ιν,
1136 3923 1168 3970 26
1192 3919 1221 3968 in
1246 3917 1371 3984 moriam

132 3985 139 3996 ‘
177 3993 266 4053 orant,
285 3994 317 4039 at
333 3985 439 4041 subiate
460 3987 467 3998 '
487 4005 515 4040 as
532 4005 627 4043 arcon.
660 3987 735 4040 Idem
770 3997 842 4040 turre
859 3986 887 4039 in
904 3987 1024 4041 omnibus
1042 3985 1234 4056 exemplaribus
1251 3991 1301 4051 est,
1325 4000 1371 4036 ex-

172 4055 254 4108 daras
271 4055 351 4125 paulo
367 4065 456 4110 antea
476 4074 552 4110 orsas
570 4056 735 4110 scribendum
770 4063 848 4126 cepto
865 4073 918 4110 uno
935 4056 1004 4109 Flor.
1018 4055 1055 4121 H,
1074 4053 1119 4124 qui
1136 4053 1223 4124 priore
1241 4051 1298 4106 loco
1316 4061 1372 4104 tar-

128 4123 247 4193 putavit,
266 4133 299 4176 ut
315 4124 378 4178 olim
396 4133 458 4176 ante
475 4123 592 4178 Modiam
609 4125 737 4178 edebatur
771 4127 822 4176 rim
840 4123 956 4177 exbibet.
993 4123 1035 4178 Cf.
1053 4121 1252 4176 Drakenborch.
1270 4119 1371 4174 adLiv.

128 4199 158 4244 et
176 4191 278 4262 legitur
295 4192 323 4245 in
340 4191 407 4244 Pali
427 4199 451 4246 1.
468 4199 493 4258 2,
511 4191 584 4244 Flor.
603 4192 692 4246 DEFI
708 4201 736 4246 et
768 4207 861 4258 xm,
883 4198 914 4246 st
940 4192 985 4262 qui
1013 4191 1105 4246 itidem
1131 4190 1206 4244 codd.
1233 4207 1294 4242 mss.
1325 4205 1372 4240 aa·

129 4259 156 4312 G
174 4277 211 4314 ex
229 4277 297 4313 corr.
333 4260 532 4314 Drakenborch.
550 4261 585 4313 sd
601 4259 660 4313 Liv.
674 4261 736 4332 epit.
771 4261 923 4314 ctoritatem
941 4269 1045 4314 secutus
1063 4259 1108 4314 illo
1124 4258 1183 4312 loco
1201 4269 1298 4311 turrem
1317 4255 1372 4309 edi-

128 4327 174 4380 lib.
199 4343 297 4380 xxxvr
332 4329 442 4382 eandem
477 4329 551 4382 litem
584 4328 666 4382 movit
699 4335 736 4396 et,
771 4328 819 4382 dit.
841 4329 900 4382 Nec
917 4329 991 4382 deest
1008 4327 1237 4397 grammaticorum
1251 4334 1372 4378 veterum

127 4396 175 4449 ubi
202 4397 238 4449 de
265 4395 413 4467 incipienda
435 4414 464 4451 re
485 4397 596 4463 dicitur,
624 4397 735 4450 adorsus
771 4397 899 4451 Prisciani
921 4405 950 4450 et
968 4395 1079 4452 Charisii
1102 4407 1241 4465 utramque
1262 4395 1372 4447 sormam

129 4465 300 4518 scribendam
318 4473 410 4536 putat:
436 4465 518 4536 salso,
541 4483 601 4518 nam
618 4465 736 4536 plurimis
771 4473 800 4520 et
817 4467 851 4520 im
870 4473 897 4520 et
915 4483 953 4520 em
970 4463 1137 4536 probantium
1155 4461 1306 4518 auctoritas.

1133 4547 1168 4600 1*
