3238 5296
244 357 317 432 366
714 385 748 449 e.
776 383 901 438 cuarn
926 386 1011 438 nun

239 563 432 636 amicormn
467 588 596 663 corpus
630 545 789 642 afflatum
821 582 885 645 est.
937 569 1017 647 Rex
1049 570 1208 646 triduum
1233 571 1341 644 iacuit
1365 571 1477 644 inclua
1496 590 1528 636 11

239 699 310 748 sus.
346 671 461 764 Quem
479 687 520 748 ut
539 679 702 777 armigeri
728 683 957 780 corporisque
983 681 1150 758 custodes
1177 681 1224 756 ad
1250 680 1474 756 moriendum

238 787 457 861 obstinatum
502 815 581 862 esse
627 805 891 890 cognoverunt,
933 795 1090 868 universi
1129 796 1165 866 in
1206 791 1477 867 tabernaculum

236 897 447 998 irrumpunt,
480 899 610 996 diuque
635 903 800 1000 precibus
827 905 985 1002 ipsorum
1010 907 1224 980 reluctatum
1250 928 1356 1001 aegre
1382 901 1475 976 vice·

237 1022 331 1101 runt,
357 1021 399 1084 ut
424 1011 542 1084 cibum
568 1025 721 1112 caperet
767 1012 916 1114 Quoque
933 1019 1050 1090 minus
1069 1016 1187 1091 caedis
1208 1015 1370 1115 puderet,
1396 1014 1475 1086 iure
1494 1031 1528 1079 12

236 1121 462 1196 interfectum
489 1119 621 1197 Clitum
646 1123 860 1200 Macedones
888 1125 1094 1221 decernunt,
1121 1128 1306 1226 sepultura
1332 1149 1473 1224 quoque

236 1231 458 1331 prohibituri,
485 1236 521 1308 ni
547 1261 614 1309 rex
638 1237 777 1310 humari
803 1239 973 1314 iussisset.

187 1347 207 1418 7
338 1344 451 1444 Igitur
475 1345 600 1421 decem
625 1347 751 1422 diebus
784 1351 938 1424 maxime
970 1350 1017 1424 ad
1049 1347 1331 1423 confirmandum
1361 1345 1527 1445 pudo-1³

235 1481 311 1530 rem
337 1454 434 1555 apud
458 1456 674 1533 Maracanda
700 1462 931 1559 consumptis,
964 1473 1172 1560 camparte
1198 1459 1376 1534 exercitus
1402 1456 1474 1532 He·

234 1567 480 1665 pbacstionem
510 1569 548 1642 in
579 1571 759 1669 regionem
785 1570 1010 1650 Bactrianam
1042 1573 1153 1663 misit,
1191 1581 1409 1644 commeatus
1434 1570 1474 1643 in

234 1677 386 1752 hiemem
420 1691 637 1778 paraturum.
691 1678 807 1771 Quam
840 1681 933 1758 Clito
967 1695 1087 1758 autem
1117 1682 1362 1756 destinaverat
1391 1706 1473 1779 pro-
1493 1701 1527 1746 ¹4

234 1789 397 1881 vinciam,
423 1791 604 1892 Amyntae
631 1791 749 1867 dedit:
785 1795 861 1893 ipse
887 1793 1052 1894 Xenippa
1077 1795 1250 1894 pervenit
1303 1789 1473 1892 Scythiae

234 1903 381 1978 confinis
404 1913 459 1976 est
479 1905 587 2002 regio,
606 1905 858 2004 habitaturque
876 1907 1038 2005 pluribus
1057 1933 1099 1982 ac
1112 1904 1358 2004 frequentibus
1372 1904 1471 1994 vicis,

233 2013 316 2110 quia
342 2015 487 2088 ubertas
514 2025 631 2090 terrae
657 2042 729 2089 non
755 2016 940 2116 indigenas
967 2017 1076 2091 modo
1102 2018 1248 2106 detinet,
1275 2015 1340 2089 sed
1362 2015 1471 2092 etiam

232 2123 389 2198 advenas
416 2125 554 2200 invitat.
605 2126 876 2202 Bactrianorum
902 2127 1064 2219 errulum,
1096 2130 1156 2226 qui
1187 2128 1233 2202 ab
1262 2125 1523 2200 Alexandrou

232 2232 444 2328 defecerant,
471 2239 733 2336 receptaculmn
759 2239 884 2313 firerat.
939 2239 1010 2314 Sed
1035 2249 1231 2338 'postquam
1261 2261 1384 2335 regem
1410 2235 1472 2310 ad·

232 2357 380 2422 ventare
409 2360 634 2446 compertum
666 2361 740 2439 est,
779 2350 873 2447 pulsi
907 2351 953 2424 ab
985 2351 1108 2424 incolis
1140 2373 1167 2424 n
1197 2349 1292 2422 milia
1323 2349 1398 2424 fere
1432 2363 1471 2422 et

231 2459 415 2555 quingenti
452 2469 723 2556 congregantur.
784 2456 917 2534 Omnes
954 2462 1090 2560 equites
1125 2471 1246 2550 erant,
1287 2459 1394 2531 etiam
1432 2458 1470 2530 in
1490 2477 1523 2524 1⁶

232 2593 319 2666 pace
352 2569 544 2643 latrociniis
578 2571 726 2644 assueti:
767 2583 845 2644 tum
879 2571 1011 2646 ferocia
1038 2573 1187 2672 ⁴ingenia
1225 2595 1298 2646 non
1334 2569 1470 2642 bellum

229 2677 354 2770 modo,
392 2680 590 2754 sedetiam
615 2681 741 2756 veniae
768 2681 969 2780 desperatio
996 2685 1217 2758 efferaverat.
1269 2680 1394 2777 ltaque
1421 2704 1470 2754 ex

228 2791 421 2888 improviso
449 2789 566 2863 adorti
592 2792 806 2892 Amyntam,
841 2804 1044 2891 praetorem
1069 2792 1283 2881 Alexandri,
1316 2788 1378 2863 diu
1405 2817 1467 2862 an·

229 2925 312 3002 ceps
343 2903 518 3000 proelium
550 2905 725 2978 fecerant:
760 2904 807 2978 ad
839 2905 1003 2978 ultimum
1033 2926 1107 2978 nco
1140 2929 1286 2978 suorum
1318 2902 1469 2992 amissis,
1489 2921 1521 2969 ιτ

229 3038 380 3111 quorum
408 3035 477 3087 ccc
503 3015 617 3088 hostis
645 3027 804 3115 ceperat,
840 3016 971 3092 dedere
998 3029 1100 3116 terga
1125 3015 1337 3104 victoribus,
1370 3011 1470 3086 haud

229 3151 313 3198 sane
340 3126 452 3216 inulti,
479 3127 610 3225 quippe
635 3150 739 3200 uxxx
758 3117 997 3201 Macedonum
1021 3129 1284 3215 interfecertmt,
1310 3136 1468 3226 praeter-

228 3263 296 3334 que
323 3261 385 3309 eos
412 3257 483 3310 ccc
510 3248 547 3310 et
572 3261 595 3310 n
622 3238 731 3312 sancii
761 3239 845 3312 facti
879 3250 972 3312 sunt.
1025 3235 1179 3312 Veniam
1209 3249 1331 3311 tamen
1357 3235 1469 3310 etiam
1488 3252 1521 3302 18

226 3357 310 3444 post
335 3349 484 3419 alteram
510 3346 744 3422 desectionem
770 3350 1061 3447 impetraverunt.

177 3460 199 3532 8
329 3455 394 3531 His
431 3457 468 3529 in
507 3455 613 3531 fidem
653 3460 822 3556 acceptis,
861 3461 898 3532 in
929 3461 1127 3558 regionem,
1164 3481 1272 3557 quam
1303 3453 1468 3530 Nautaca
1486 3475 1519 3521 1⁹

259 3665 360 3736 Capi,
379 3672 401 3734 ς.
418 3673 457 3720 ll.
484 3668 540 3736 ipsa
557 3667 681 3738 Xenippa
693 3671 814 3737 peruenit
860 3667 913 3722 ΕΗ
935 3669 1015 3724 Bam.
1038 3669 1061 3722 B
1082 3669 1158 3722 Voss.
1179 3674 1211 3735 2,
1238 3663 1328 3720 nullus
1355 3663 1466 3719 omniuo

225 3731 377 3802 „Graecum
394 3751 489 3790 nomen
506 3735 720 3790 aMaocdonibue
733 3754 816 3807 procu
861 3740 972 3792 ducenti.
1008 3738 1066 3792 Nec
1078 3737 1161 3792 refert
1174 3752 1264 3790 vocem
1280 3734 1356 3787 milia
1373 3733 1466 3786 abessa

225 3801 306 3856 dubio
315 3801 476 3874 impositum,
494 3803 591 3859 sedeui
601 3803 701 3876 regioni
719 3822 827 3875 proram
861 3805 1028 3873 anonnullis,
1047 3805 1092 3886 qui
1110 3822 1144 3876 pe
1161 3821 1228 3876 quae
1245 3821 1261 3856 a
1277 3799 1392 3856 librariis
1410 3801 1465 3854 sere

223 3871 360 3936 incertum,
380 3873 450 3943 quod
466 3889 544 3926 nemo
557 3874 766 3945 geographorum
780 3884 827 3929 aut
860 3873 957 3929 lineola
974 3893 1004 3928 su
1039 3894 1079 3927 rm
1099 3873 1197 3928 aeusi
1237 3875 1347 3925 'estun

224 3937 418 4008 historicorum,
445 3949 550 4010 praeter
566 3951 686 3996 nostrum
704 3942 827 3998 Curtium
895 3943 992 4014 Capti,
1003 3893 1038 4064 ἵ
1038 3950 1077 3996 19.
1091 3960 1172 4063 paam
1212 3939 1465 4017 autacaappellaqr]

224 4007 278 4062 eius
290 4025 400 4079 usquam
410 4009 569 4063 mentionem
578 4009 650 4064 fecit.
677 4011 826 4082 Sogdianae
860 4010 956 4066 Editur
969 4030 1004 4064 vu
1033 4010 1090 4065 oin
1109 4009 1253 4063 eaModio
1263 4008 1372 4072 Neara,
1388 4005 1465 4072 (edit.

223 4085 325 4157 partem
344 4076 436 4144 fuisse,
459 4093 493 4130 ex
510 4095 581 4130 nexu
598 4078 764 4134 historiarum
782 4098 826 4134 su·
878 4099 899 4134 r.
914 4093 940 4132 at
953 4079 1011 4134 lun.
1052 4097 1154 4142 aarum,
1171 4075 1464 4196 AldNautaiampsed

223 4143 579 4215 apra-arilioet.“0ella1ius.
614 4147 716 4216 Xempa
735 4148 826 4202 scribi·
891 4159 953 4202 aare
972 4147 1152 4201 Leidvosal
1172 4145 1250 4200 Pell
1272 4144 1382 4196 Brund
1415 4141 1464 4196 lor.

222 4221 269 4266 tur
285 4213 313 4266 in
329 4212 402 4268 Flor.
418 4213 485 4280 ΕΗ,
512 4215 624 4284 Xempra
647 4215 675 4268 in
692 4215 773 4270 Bern.
791 4217 825 4286 B,
859 4215 960 4272 ABFG
977 4215 1097 4270 meliores
1114 4232 1174 4270 mss.
1196 4213 1289 4278 (acala
1298 4211 1404 4266 mone
1429 4209 1464 4264 al.

223 4281 346 4352 Xenippa
363 4281 478 4336 inVoss.
488 4287 512 4336 2.
859 4303 972 4339 nuaram
995 4301 1020 4337 m
1071 4283 1167 4337 .Flor.
1186 4281 1232 4348 G).
1269 4251 1464 4360 corrigendum

257 4356 331 4418 §.la
348 4352 452 4404 nmilia
462 4353 526 4422 sere
539 4361 563 4403 ct
576 4353 718 4432 quingenta]
736 4353 825 4424 Vulgo
859 4353 999 4422 videbatur
1060 4362 1155 4406 aulaea
1186 4349 1331 4404 secundum
1356 4351 1463 4402 Amara

223 4430 247 4474 at
269 4421 385 4486 ducenti,
415 4420 461 4472 sed
483 4418 544 4473 libri
560 4436 620 4472 mss.
643 4428 739 4490 peram
757 4432 780 4476 et
798 4425 823 4476 d.
858 4421 902 4475 lib.
922 4437 961 4484 lv,
983 4427 1014 4476 18
1037 4425 1100 4493 περὶ
1118 4421 1277 4474 Ναύτακα
1301 4415 1464 4471 ἀναπαύων

222 4488 320 4563 purtim
336 4486 456 4544 omnibus
474 4487 557 4544 literis
575 4498 599 4544 et
612 4489 744 4560 quingenti
752 4489 774 4544 F
775 4489 823 4546 lor.
857 4489 911 4554 τὴν
929 4489 1066 4566 στρατιὰν
1084 4485 1180 4560 ὅτιπερ
1199 4485 1323 4556 ἀκμαῖον
1335 4496 1388 4546 τοῦ
1405 4511 1462 4556 κει·
