3238 5296
473 277 523 326 na
550 272 676 327 araris
703 271 813 330 anax.
841 273 918 344 vm,
934 273 976 320 si.
1297 257 1369 329 385

133 459 233 532 velut
258 458 485 532 seminarium
511 456 642 531 ducum
671 457 1002 556 praefectorumque
1035 439 1130 557 apud
1156 455 1373 534 Macedonas
1403 545 1406 554 Δ

132 571 217 644 fuit:
258 570 341 644 hinc
374 569 532 644 habuere
566 570 700 669 posteri
733 593 858 666 reges,
900 593 1051 666 quorum
1085 571 1255 670 stirpibus
1290 582 1374 670 post

132 683 263 756 multas
290 692 426 756 aetates
453 681 606 756 Romani
632 707 718 780 opes
745 677 964 753 ademerunt.

99 813 113 859 i
235 792 349 892 lgitur
373 791 598 884 Hermolaus,
630 817 719 891 puer
743 791 872 894 nobilis
900 817 947 864 ex
971 793 1071 891 regia
1096 793 1258 884 cohorte,
1291 820 1372 867 cum

132 929 260 1002 aprum
286 905 359 978 telo
385 915 605 1003 occupasset,
631 928 737 1002 quem
764 927 829 976 rex
854 904 960 978 ferire
986 902 1244 994 destinaverat,
1271 905 1371 978 iussu

131 1017 207 1089 eius
233 1015 443 1090 verberibus
470 1015 619 1089 affectus
647 1025 711 1088 est.
748 1010 864 1102 Quam
881 1015 1113 1112 ignominiam
1130 1039 1236 1113 aegre
1253 1017 1371 1091 ferens

99 1125 265 1201 adeflere
305 1126 401 1224 apud
436 1123 640 1200 Sostratum
680 1125 807 1223 coepit.
859 1125 917 1198 Ex
953 1124 1078 1199 eadem
1113 1126 1259 1202 cohorte
1296 1138 1374 1200 erat

131 1235 332 1327 Sostratus,
365 1263 487 1312 amore
513 1239 588 1311 eius
615 1235 755 1311 ardens.
809 1233 878 1326 Qui
905 1261 986 1310 cum
1010 1237 1206 1310 laceratum
1232 1263 1372 1338 corpus,

131 1347 167 1421 in
194 1376 265 1447 quo
290 1348 487 1448 deperibat,
513 1350 722 1438 intueretur,
748 1349 899 1422 forsitan
926 1348 1011 1421 olim
1037 1349 1083 1422 ob
1107 1350 1213 1422 aliam
1230 1375 1372 1448 quoque

131 1485 275 1533 causam
300 1463 377 1560 regi
402 1461 564 1551 infestus,
590 1461 757 1533 iuvenem
784 1485 849 1532 sua
870 1470 999 1559 sponte
1022 1460 1094 1533 iam
1111 1472 1259 1555 motum,
1288 1462 1374 1536 data

129 1570 200 1646 fide
231 1583 447 1671 acceptaque
479 1571 650 1671 perpulit,
686 1579 726 1642 ut
753 1569 936 1644 occidendi
961 1597 1084 1670 regem
1110 1573 1296 1648 consilium
1321 1598 1373 1646 se-

96 1702 211 1756 scum
236 1683 351 1756 iniret
403 1681 478 1757 Nec
510 1682 636 1782 puerili
667 1682 804 1778 impetu
828 1707 906 1755 rem
931 1685 1073 1758 executi
1100 1696 1202 1758 sunt:
1241 1685 1372 1783 quippe

131 1795 294 1868 sollerter
319 1795 498 1894 legerimt,
542 1819 632 1892 quos
663 1793 700 1866 iu
733 1794 939 1867 societatem
970 1797 1112 1871 sceleris
1145 1796 1367 1870 asciscerent.

128 1903 382 1998 Nicostratum,
400 1905 632 2003 Antipatrum
654 1903 1020 2006 Asclepiodorumque
1040 1919 1077 1982 et
1095 1907 1273 1981 Philotam
1299 1908 1371 2004 pla·

129 2017 202 2088 cuit
219 2018 368 2089 assumi:
395 2041 460 2115 per
473 2015 540 2088 hos
560 2014 688 2087 adiecti
706 2024 791 2088 sunt
810 2015 984 2108 Anticlea,
1006 2017 1217 2116 Elaptonius
1236 2029 1274 2092 et
1290 2016 1371 2114 Epi·

80 2147 113 2194 ro
130 2151 262 2200 menes.
308 2125 476 2202 Ceterum
501 2125 661 2225 agendae
686 2126 738 2200 rei
764 2124 862 2198 haud
888 2151 974 2201 sane
998 2131 1108 2203 facilis
1135 2129 1283 2228 patebat
1300 2128 1368 2200 via.

130 2235 231 2337 Opus
256 2249 333 2313 erat
358 2235 484 2311 eadem
507 2261 630 2312 omnes
662 2235 865 2312 coniuratos
892 2249 997 2313 nocte
1028 2241 1222 2332 excubare,
1253 2267 1297 2314 ne
1325 2238 1370 2311 ab

127 2349 335 2448 expertibus
357 2350 492 2422 consilii
511 2347 784 2447 impedirentur3
804 2348 897 2422 forte
918 2360 1039 2424 autern
1059 2353 1148 2426 alius
1173 2353 1243 2425 aha
1264 2359 1370 2424 nocte

76 2480 107 2527 11
128 2460 339 2534 excubabat.
372 2460 497 2558 Itaque
509 2462 546 2534 in
558 2455 803 2558 permutandis
817 2461 1012 2535 stationum
1026 2463 1164 2536 vicibus
1179 2474 1369 2559 ceteroque

127 2581 302 2669 apparatu
328 2571 559 2670 exequendae
585 2573 637 2644 rei
664 2570 811 2668 triginta
833 2581 869 2644 et
892 2570 964 2646 duo
982 2572 1057 2648 dies
1076 2573 1257 2672 absumpti
1275 2581 1368 2645 sunt.

163 2743 185 2806 5.
204 2744 229 2792 6.
263 2755 371 2808 quorum
398 2739 524 2808 stirpibus
570 2747 610 2791 ost
636 2737 731 2790 multas
765 2736 853 2816 poetis
871 2737 973 2792 dicatur
989 2757 1039 2810 pro
1058 2755 1147 2792 amare
1163 2738 1288 2810 aliquem,
1307 2735 1372 2806 quid

129 2808 237 2874 aetates]
281 2807 351 2860 Edd.
381 2805 513 2877 principes
565 2804 675 2859 indelini
704 2811 732 2857 et
765 2805 876 2876 impedit
893 2805 1033 2877 quominus
1050 2815 1080 2860 ct
1098 2809 1238 2878 deperiret

128 2873 248 2954 Merulae
265 2876 388 2955 'stillim
410 2877 519 2956 ''lm'’
549 2874 618 2928 ΒΜ
634 2872 732 2944 legitm'
800 2903 826 2965 s.
845 2907 869 2954 9.
905 2901 1031 2954 Sollerttr
1058 2902 1215 2969 legerant]
1252 2895 1374 2952 Verbum

129 2959 155 2994 in
174 2943 249 2996 codd.
266 2951 371 3013 optimis
387 2942 461 2996 Leid.
480 2943 557 2997 Voss.
576 2950 589 2996 1
609 2941 731 2996 BermA
765 2968 818 3021 hoc
845 2968 954 3023 amsi,
980 2985 1028 3038 pel.
1049 2969 1170 3024 Modiam
1196 2966 1244 3020 „ed
1271 2982 1287 3018 θ
1313 2981 1374 3016 mss,

128 3009 200 3130 {¹⁰¹²
227 3010 286 3077 ᾸΒν
303 3013 351 3091 ,⁰⁶
382 3013 453 3093 q¹²⁰fl
466 3010 583 3093 ,Μὴ
607 3009 679 3065 mm·
707 3008 730 3064 Ο
766 3036 894 3090 omnibus.
930 3035 1030 3090 Mirum
1046 3045 1150 3090 veteres
1168 3035 1289 3088 editores
1308 3040 1376 3084 tam-

151 3095 207 3132 osa.
226 3085 241 3132 2
260 3088 391 3150 scriptura
408 3082 540 3151 stipitibus
557 3081 661 3133 multas.
684 3077 731 3130 Al·
765 3104 811 3158 diu
828 3105 885 3176 pag
901 3104 1019 3176 potuim
1038 3106 1110 3174 quod
1129 3104 1244 3158 abesset„

128 3145 177 3200 dus
194 3145 277 3200 edidit
299 3151 335 3202 sti
369 3150 379 3202 ἰ
396 3167 448 3220 per
464 3151 574 3216 multos,
601 3147 672 3219 quod
690 3155 731 3200 est
902 3192 907 3204 ,
1170 3189 1176 3201 ,

127 3213 155 3268 in
177 3214 247 3270 Flos,
270 3215 307 3270 Π
334 3167 390 3270 3²21,
410 3225 433 3283 1,
466 3234 515 3271 „00
541 3235 649 3288 prom„
675 3215 731 3269 ,bit
800 3191 1075 3261 Asclepiodorumque]
1114 3192 1244 3243 Arrianus
1272 3200 1319 3250 w,
1344 3189 1376 3237 is

127 3282 198 3337 Flor,
217 3284 242 3336 D
259 3284 306 3406 &ui
324 3287 419 3354 ,eppa
431 3303 483 3355 per
501 3287 589 3340 habet·
623 3285 730 3340 Modius
764 3258 938 3380 pntipatrum
963 3258 1094 3339 appellat,
1127 3249 1378 3336 liliumAsclepio-

127 3351 258 3422 primuse
683 3356 688 3368 ·
725 3356 730 3366 ·
782 3347 822 3382 cri
840 3345 909 3395 eiua,
931 3345 977 3399 qm
994 3327 1146 3398 praefuerat
1162 3326 1274 3395 Syriae,
1299 3337 1379 3392 quem

287 3352 327 3406 dit
344 3353 438 3408 ceteri,
459 3354 631 3434 sequentibus
653 3364 729 3477 ΩἝ
764 3395 1179 3466 qwmcun,v11‚40appellat.
1215 3393 1317 3462 ltaque
1332 3387 1379 3442 Al.

122 3422 730 3562 litiilithilitllibm
765 3459 1380 3587 tat·stuciirtrtsmttru

126 3555 363 3626 acceditquodnos
377 3558 505 3612 edidimus
521 3562 555 3612 sti
588 3560 644 3612 ibus
657 3569 729 3680 post,

525 3627 531 3638 ·
580 3627 586 3638 ·
766 3599 919 3654 coniuratos
942 3599 1124 3653 Nicostratum
1147 3607 1175 3650 et
1196 3595 1248 3648 Ela
1269 3593 1379 3648 tontum.

125 3625 547 3746 diiquieilimsloecibffi
582 3627 732 3765 blattis
765 3664 1194 3798 QdEKssY'ssffmssff‘ffissss
1220 3613 1382 3798 {115}pr

126 3759 234 3840 'idel-¹
250 3759 312 3813 ΜΕ
328 3761 461 3842 metm‘
508 3762 562 3815 ⁰⁰⁶
579 3761 731 3842 mm
764 3751 865 3856 iiiia
882 3803 920 3856 ai
957 3803 1044 3854 ionius
1062 3799 1230 3854 carnatus
1257 3798 1287 3850 in
1304 3796 1371 3851 coca

125 3838 508 3968 carausium
525 3837 653 3968 sm
667 3829 732 3950 {ti
765 3871 900 3943 ,aa
918 3819 1085 3940 tuam
1231 3839 1239 3866 ’
1374 3835 1380 3848 ·

126 3981 220 4036 regum
242 3965 358 4020 familiae
379 3965 515 4020 minimum
540 3975 595 4020 tres
622 3965 731 4034 fuerint,
802 3967 878 4044 §.ln
904 3965 933 4016 ic
947 3964 1146 4032 permutandis]
1165 3957 1381 4014 Mendosecodd.

126 4034 227 4105 posteri
243 4034 381 4106 Antigoni,
399 4034 513 4103 Seleuci,
531 4033 689 4088 Ptolemaei.
767 4033 845 4087 Leid
863 4031 970 4086 Vocat
990 4029 1073 4083 Bern.
1091 4031 1142 4083 AB
1164 4028 1235 4081 Flor.
1254 4023 1383 4105 ABQEH

162 4105 185 4172 ξ.
200 4109 224 4158 8.
259 4105 288 4157 in
315 4123 365 4176 quc
397 4105 530 4184 deperibat
548 4171 564 4184 ..
591 4100 732 4182 Siqgulare
768 4101 985 4180 intemeranda,
1002 4096 1096 4151 itidem
1114 4098 1151 4152 sic
1168 4097 1227 4148 edd.
1241 4109 1384 4176 principes.

126 4171 195 4238 hoc,
228 4189 289 4226 nam
316 4181 495 4228 accusativum
557 4191 564 4225 i
592 4179 733 4240 scriptores
767 4169 853 4223 Recte
880 4173 1001 4222 correxit
1029 4165 1124 4219 Aldus.
1168 4163 1239 4216 Nam
1264 4178 1386 4230 quamvis

127 4238 294 4321 adiungunt3
312 4241 405 4315 itaque
420 4239 733 4362 memntqpiemenmm
768 4237 946 4317 concedamus
960 4232 1320 4306 intemiitareverbumease
1330 4247 1388 4287 non

126 4306 259 4361 voluerint
282 4315 353 4379 qaod
374 4312 517 4382 deportat.
580 4325 655 4362 erum
674 4323 733 4361 cum
769 4302 1393 4384 omninocondemnaudum‚necassanatamen

126 4372 156 4428 iii
181 4375 268 4448 aliquo
295 4382 389 4434 ardere
416 4387 444 4434 et
470 4381 514 4433 uri
538 4378 692 4450 frequenter
717 4393 734 4430 a
768 4384 810 4429 est
827 4381 997 4446 praepositio
1015 4387 1054 4423 m.
1185 4453 1218 4503 25
