<?xml version="1.0" encoding="UTF-8"?>
<!DOCTYPE html PUBLIC "-//W3C//DTD XHTML 1.0 Transitional//EN"
    "http://www.w3.org/TR/xhtml1/DTD/xhtml1-transitional.dtd">
<html xmlns="http://www.w3.org/1999/xhtml" xml:lang="en" lang="en">
 <head>
  <title>
</title>
<meta http-equiv="Content-Type" content="text/html;charset=utf-8" />
  <meta name='ocr-system' content='tesseract 3.04.00' />
  <meta name='ocr-capabilities' content='ocr_page ocr_carea ocr_par ocr_line ocrx_word'/>
</head>
<body>
  <div class='ocr_page' id='page_1' title='image "./qcurtiirufidege00zumpgoog_0527.png"; bbox 0 0 3158 5294; ppageno 0'>
   <div class='ocr_carea' id='block_1_1' title="bbox 273 353 1038 434">
    <p class='ocr_par' dir='ltr' id='par_1_1' title="bbox 273 353 1038 434">
     <span class='ocr_line' id='line_1_1' title="bbox 273 353 1038 434; baseline -0.001 -11"><span class='ocrx_word' id='word_1_1' title='bbox 273 353 346 424; x_wconf 88' lang='grc'><strong>498</strong></span> <span class='ocrx_word' id='word_1_2' title='bbox 741 371 775 434; x_wconf 82' lang='lat' dir='ltr'><strong>Q.</strong></span> <span class='ocrx_word' id='word_1_3' title='bbox 803 371 928 424; x_wconf 78' lang='lat' dir='ltr'><strong>suurn</strong></span> <span class='ocrx_word' id='word_1_4' title='bbox 952 373 1038 423; x_wconf 80' lang='lat' dir='ltr'><strong>num</strong></span> 
     </span>
    </p>
   </div>
   <div class='ocr_carea' id='block_1_2' title="bbox 224 553 1547 2207">
    <p class='ocr_par' dir='ltr' id='par_1_2' title="bbox 272 553 1509 766">
     <span class='ocr_line' id='line_1_2' title="bbox 272 553 1509 655; baseline -0.003 -25"><span class='ocrx_word' id='word_1_5' title='bbox 272 555 372 630; x_wconf 73' lang='lat' dir='ltr'><strong>cobus.</strong></span> <span class='ocrx_word' id='word_1_6' title='bbox 424 556 501 630; x_wconf 86' lang='lat' dir='ltr'><strong>Iam</strong></span> <span class='ocrx_word' id='word_1_7' title='bbox 526 556 780 648; x_wconf 69' lang='lat' dir='ltr'><strong>cumuletis,</strong></span> <span class='ocrx_word' id='word_1_8' title='bbox 811 568 842 629; x_wconf 83' lang='lat' dir='ltr'><strong>et</strong></span> <span class='ocrx_word' id='word_1_9' title='bbox 865 569 1026 655; x_wconf 70' lang='lat' dir='ltr'><strong>quarum</strong></span> <span class='ocrx_word' id='word_1_10' title='bbox 1050 554 1122 629; x_wconf 81' lang='lat' dir='ltr'><strong>siue</strong></span> <span class='ocrx_word' id='word_1_11' title='bbox 1146 577 1222 652; x_wconf 66' lang='grc' dir='ltr'><em>νσρσ</em></span> <span class='ocrx_word' id='word_1_12' title='bbox 1248 553 1364 628; x_wconf 69' lang='lat' dir='ltr'><strong>valcurt</strong></span> <span class='ocrx_word' id='word_1_13' title='bbox 1397 553 1509 626; x_wconf 91' lang='grc' dir='ltr'><em>σανα</em></span> 
     </span>
     <span class='ocr_line' id='line_1_3' title="bbox 273 667 900 766; baseline -0.003 -26"><span class='ocrx_word' id='word_1_14' title='bbox 273 667 900 766; x_wconf 68' lang='lat' dir='ltr'><strong>trusoquidopisinmeuuosd.</strong></span> 
     </span>
    </p>

    <p class='ocr_par' dir='ltr' id='par_1_3' title="bbox 224 775 1547 2207">
     <span class='ocr_line' id='line_1_4' title="bbox 224 775 1529 865; baseline -0.001 -17"><span class='ocrx_word' id='word_1_15' title='bbox 224 779 268 848; x_wconf 90' lang='lat'><strong>11</strong></span> <span class='ocrx_word' id='word_1_16' title='bbox 374 776 527 850; x_wconf 80' lang='lat' dir='ltr'>Desiluit</span> <span class='ocrx_word' id='word_1_17' title='bbox 562 777 691 850; x_wconf 91' lang='lat' dir='ltr'><strong>deinde</strong></span> <span class='ocrx_word' id='word_1_18' title='bbox 722 775 889 850; x_wconf 87' lang='lat' dir='ltr'><strong>frendens</strong></span> <span class='ocrx_word' id='word_1_19' title='bbox 916 776 962 851; x_wconf 92' lang='lat' dir='ltr'><strong>de</strong></span> <span class='ocrx_word' id='word_1_20' title='bbox 991 776 1178 865; x_wconf 78' lang='lat' dir='ltr'><strong>tribunali,</strong></span> <span class='ocrx_word' id='word_1_21' title='bbox 1213 786 1251 848; x_wconf 90' lang='lat' dir='ltr'><strong>et</strong></span> <span class='ocrx_word' id='word_1_22' title='bbox 1282 775 1324 847; x_wconf 92' lang='lat' dir='ltr'><strong>in</strong></span> <span class='ocrx_word' id='word_1_23' title='bbox 1355 776 1529 850; x_wconf 75' lang='lat' dir='ltr'><strong>medium-⁵</strong></span> 
     </span>
     <span class='ocr_line' id='line_1_5' title="bbox 273 886 1511 986; baseline -0.002 -26"><span class='ocrx_word' id='word_1_24' title='bbox 273 899 491 960; x_wconf 85' lang='lat' dir='ltr'><strong>armatorum</strong></span> <span class='ocrx_word' id='word_1_25' title='bbox 518 911 645 986; x_wconf 81' lang='lat' dir='ltr'>agmen</span> <span class='ocrx_word' id='word_1_26' title='bbox 673 913 711 960; x_wconf 90' lang='lat' dir='ltr'><strong>se</strong></span> <span class='ocrx_word' id='word_1_27' title='bbox 736 886 891 978; x_wconf 82' lang='lat' dir='ltr'><strong>immisit,</strong></span> <span class='ocrx_word' id='word_1_28' title='bbox 917 897 1062 960; x_wconf 83' lang='lat' dir='ltr'><strong>notatos</strong></span> <span class='ocrx_word' id='word_1_29' title='bbox 1089 887 1245 983; x_wconf 86' lang='lat' dir='ltr'><strong>quoque,</strong></span> <span class='ocrx_word' id='word_1_30' title='bbox 1279 888 1346 983; x_wconf 90' lang='lat' dir='ltr'><strong>qui</strong></span> <span class='ocrx_word' id='word_1_31' title='bbox 1373 889 1511 962; x_wconf 87' lang='lat' dir='ltr'><strong>ferocis·</strong></span> 
     </span>
     <span class='ocr_line' id='line_1_6' title="bbox 272 999 1511 1096; baseline 0.001 -27"><span class='ocrx_word' id='word_1_32' title='bbox 272 999 360 1070; x_wconf 91' lang='lat' dir='ltr'><strong>sime</strong></span> <span class='ocrx_word' id='word_1_33' title='bbox 388 999 544 1072; x_wconf 82' lang='lat' dir='ltr'><strong>oblocuti</strong></span> <span class='ocrx_word' id='word_1_34' title='bbox 571 1009 682 1088; x_wconf 83' lang='lat' dir='ltr'><strong>erant,</strong></span> <span class='ocrx_word' id='word_1_35' title='bbox 709 999 866 1096; x_wconf 80' lang='lat' dir='ltr'><strong>singulos</strong></span> <span class='ocrx_word' id='word_1_36' title='bbox 892 1025 1001 1073; x_wconf 83' lang='lat' dir='ltr'><strong>manu</strong></span> <span class='ocrx_word' id='word_1_37' title='bbox 1024 999 1202 1095; x_wconf 83' lang='lat' dir='ltr'><strong>conipuit,</strong></span> <span class='ocrx_word' id='word_1_38' title='bbox 1227 1021 1296 1070; x_wconf 89' lang='lat' dir='ltr'><strong>nec</strong></span> <span class='ocrx_word' id='word_1_39' title='bbox 1325 1025 1442 1072; x_wconf 71' lang='lat' dir='ltr'><strong>aureos</strong></span> <span class='ocrx_word' id='word_1_40' title='bbox 1467 1025 1511 1070; x_wconf 70' lang='lat' dir='ltr'><strong>re</strong></span> 
     </span>
     <span class='ocr_line' id='line_1_7' title="bbox 271 1108 1510 1208; baseline 0 -26"><span class='ocrx_word' id='word_1_41' title='bbox 271 1133 441 1208; x_wconf 83' lang='lat' dir='ltr'><strong>pugnare,</strong></span> <span class='ocrx_word' id='word_1_42' title='bbox 468 1109 640 1183; x_wconf 80' lang='lat' dir='ltr'><strong>tredecim</strong></span> <span class='ocrx_word' id='word_1_43' title='bbox 666 1109 902 1183; x_wconf 82' lang='lat' dir='ltr'><strong>asservandos</strong></span> <span class='ocrx_word' id='word_1_44' title='bbox 930 1108 1137 1182; x_wconf 83' lang='lat' dir='ltr'><strong>custodibus</strong></span> <span class='ocrx_word' id='word_1_45' title='bbox 1163 1110 1327 1206; x_wconf 87' lang='lat' dir='ltr'><strong>corporis</strong></span> <span class='ocrx_word' id='word_1_46' title='bbox 1355 1109 1510 1183; x_wconf 81' lang='lat' dir='ltr'><strong>tradidit</strong></span> 
     </span>
     <span class='ocr_line' id='line_1_8' title="bbox 273 1217 1537 1320; baseline -0.001 -27"><span class='ocrx_word' id='word_1_47' title='bbox 273 1217 360 1308; x_wconf 81' lang='lat' dir='ltr'><strong>Quis</strong></span> <span class='ocrx_word' id='word_1_48' title='bbox 393 1220 571 1309; x_wconf 87' lang='lat' dir='ltr'><strong>crederet,</strong></span> <span class='ocrx_word' id='word_1_49' title='bbox 613 1245 757 1294; x_wconf 81' lang='lat' dir='ltr'><strong>scevam</strong></span> <span class='ocrx_word' id='word_1_50' title='bbox 788 1221 895 1318; x_wconf 83' lang='lat' dir='ltr'><strong>paulo</strong></span> <span class='ocrx_word' id='word_1_51' title='bbox 928 1231 1012 1293; x_wconf 86' lang='lat' dir='ltr'><strong>ente</strong></span> <span class='ocrx_word' id='word_1_52' title='bbox 1045 1221 1246 1292; x_wconf 87' lang='lat' dir='ltr'><strong>contionem</strong></span> <span class='ocrx_word' id='word_1_53' title='bbox 1278 1222 1537 1320; x_wconf 68' lang='lat' dir='ltr'><strong>obtorpuissess</strong></span> 
     </span>
     <span class='ocr_line' id='line_1_9' title="bbox 273 1328 1511 1430; baseline 0 -26"><span class='ocrx_word' id='word_1_54' title='bbox 273 1331 391 1404; x_wconf 90' lang='lat' dir='ltr'><strong>subito</strong></span> <span class='ocrx_word' id='word_1_55' title='bbox 417 1341 526 1421; x_wconf 91' lang='lat' dir='ltr'><strong>metu,</strong></span> <span class='ocrx_word' id='word_1_56' title='bbox 552 1343 590 1405; x_wconf 91' lang='lat' dir='ltr'><strong>et</strong></span> <span class='ocrx_word' id='word_1_57' title='bbox 615 1356 696 1403; x_wconf 93' lang='lat' dir='ltr'><strong>cum</strong></span> <span class='ocrx_word' id='word_1_58' title='bbox 722 1331 767 1404; x_wconf 82' lang='lat' dir='ltr'><strong>sd</strong></span> <span class='ocrx_word' id='word_1_59' title='bbox 795 1331 1006 1430; x_wconf 90' lang='lat' dir='ltr'><strong>supplicium</strong></span> <span class='ocrx_word' id='word_1_60' title='bbox 1027 1328 1166 1404; x_wconf 89' lang='lat' dir='ltr'><strong>videret</strong></span> <span class='ocrx_word' id='word_1_61' title='bbox 1181 1329 1278 1403; x_wconf 82' lang='lat' dir='ltr'><strong>trahi</strong></span> <span class='ocrx_word' id='word_1_62' title='bbox 1294 1333 1395 1406; x_wconf 92' lang='lat' dir='ltr'><strong>nihil</strong></span> <span class='ocrx_word' id='word_1_63' title='bbox 1413 1358 1511 1406; x_wconf 86' lang='lat' dir='ltr'><strong>ausos</strong></span> 
     </span>
     <span class='ocr_line' id='line_1_10' title="bbox 271 1440 1547 1540; baseline 0.001 -28"><span class='ocrx_word' id='word_1_64' title='bbox 271 1443 438 1538; x_wconf 81' lang='lat' dir='ltr'><strong>graviora</strong></span> <span class='ocrx_word' id='word_1_65' title='bbox 463 1466 569 1537; x_wconf 84' lang='lat' dir='ltr'><strong>quam</strong></span> <span class='ocrx_word' id='word_1_66' title='bbox 596 1453 733 1514; x_wconf 84' lang='lat' dir='ltr'><strong>ceteros</strong></span> <span class='ocrx_word' id='word_1_67' title='bbox 760 1443 781 1486; x_wconf 77' lang='lat'><em>*</em></span> <span class='ocrx_word' id='word_1_68' title='bbox 800 1443 821 1486; x_wconf 77' lang='lat'><em>*</em></span> <span class='ocrx_word' id='word_1_69' title='bbox 849 1443 924 1514; x_wconf 92' lang='lat' dir='ltr'><strong>sive</strong></span> <span class='ocrx_word' id='word_1_70' title='bbox 945 1441 1107 1531; x_wconf 87' lang='lat' dir='ltr'><strong>nominis,</strong></span> <span class='ocrx_word' id='word_1_71' title='bbox 1135 1440 1230 1537; x_wconf 93' lang='lat' dir='ltr'><strong>quod</strong></span> <span class='ocrx_word' id='word_1_72' title='bbox 1247 1455 1398 1539; x_wconf 65' lang='lat' dir='ltr'><strong>genten,</strong></span> <span class='ocrx_word' id='word_1_73' title='bbox 1429 1469 1509 1540; x_wconf 83' lang='lat' dir='ltr'><strong>ques</strong></span> <span class='ocrx_word' id='word_1_74' title='bbox 1522 1461 1547 1524; x_wconf 57' lang='lat' dir='ltr'><strong>si</strong></span> 
     </span>
     <span class='ocr_line' id='line_1_11' title="bbox 272 1529 1547 1653; baseline 0.002 -32"><span class='ocrx_word' id='word_1_75' title='bbox 272 1551 339 1622; x_wconf 92' lang='lat' dir='ltr'><strong>sub</strong></span> <span class='ocrx_word' id='word_1_76' title='bbox 374 1551 517 1649; x_wconf 85' lang='lat' dir='ltr'><strong>regibus</strong></span> <span class='ocrx_word' id='word_1_77' title='bbox 554 1563 655 1646; x_wconf 81' lang='lat' dir='ltr'><strong>sunt,</strong></span> <span class='ocrx_word' id='word_1_78' title='bbox 690 1553 783 1626; x_wconf 90' lang='lat' dir='ltr'><strong>inter</strong></span> <span class='ocrx_word' id='word_1_79' title='bbox 815 1552 902 1626; x_wconf 91' lang='lat' dir='ltr'><strong>deos</strong></span> <span class='ocrx_word' id='word_1_80' title='bbox 934 1551 1075 1642; x_wconf 90' lang='lat' dir='ltr'><strong>colunt,</strong></span> <span class='ocrx_word' id='word_1_81' title='bbox 1111 1553 1187 1623; x_wconf 90' lang='lat' dir='ltr'><strong>sive</strong></span> <span class='ocrx_word' id='word_1_82' title='bbox 1219 1556 1375 1650; x_wconf 87' lang='lat' dir='ltr'><strong>propria</strong></span> <span class='ocrx_word' id='word_1_83' title='bbox 1409 1556 1511 1653; x_wconf 85' lang='lat' dir='ltr'><strong>ipsius</strong></span> <span class='ocrx_word' id='word_1_84' title='bbox 1546 1529 1547 1604; x_wconf 70' lang='lat' dir='ltr'><strong>l</strong></span> 
     </span>
     <span class='ocr_line' id='line_1_12' title="bbox 271 1661 1511 1760; baseline 0.002 -27"><span class='ocrx_word' id='word_1_85' title='bbox 271 1662 470 1752; x_wconf 81' lang='lat' dir='ltr'><strong>veneratio,</strong></span> <span class='ocrx_word' id='word_1_86' title='bbox 505 1662 580 1735; x_wconf 88' lang='lat' dir='ltr'><strong>sive</strong></span> <span class='ocrx_word' id='word_1_87' title='bbox 610 1662 740 1736; x_wconf 82' lang='lat' dir='ltr'><strong>fiducie</strong></span> <span class='ocrx_word' id='word_1_88' title='bbox 770 1673 872 1736; x_wconf 81' lang='lat' dir='ltr'><strong>tenta</strong></span> <span class='ocrx_word' id='word_1_89' title='bbox 903 1663 941 1734; x_wconf 90' lang='lat' dir='ltr'><strong>vi</strong></span> <span class='ocrx_word' id='word_1_90' title='bbox 972 1661 1170 1735; x_wconf 83' lang='lat' dir='ltr'><strong>exercentis</strong></span> <span class='ocrx_word' id='word_1_91' title='bbox 1202 1663 1405 1760; x_wconf 88' lang='lat' dir='ltr'><strong>imperium</strong></span> <span class='ocrx_word' id='word_1_92' title='bbox 1441 1691 1511 1738; x_wconf 89' lang='lat' dir='ltr'><strong>cou-</strong></span> 
     </span>
     <span class='ocr_line' id='line_1_13' title="bbox 270 1773 1532 1874; baseline 0.004 -30"><span class='ocrx_word' id='word_1_93' title='bbox 270 1773 398 1844; x_wconf 90' lang='lat' dir='ltr'><strong>terruit</strong></span> <span class='ocrx_word' id='word_1_94' title='bbox 424 1798 504 1846; x_wconf 90' lang='lat' dir='ltr'><strong>eos:</strong></span> <span class='ocrx_word' id='word_1_95' title='bbox 531 1774 708 1870; x_wconf 83' lang='lat' dir='ltr'><strong>singulare</strong></span> <span class='ocrx_word' id='word_1_96' title='bbox 734 1783 830 1847; x_wconf 89' lang='lat' dir='ltr'><strong>certe</strong></span> <span class='ocrx_word' id='word_1_97' title='bbox 857 1773 1046 1846; x_wconf 92' lang='lat' dir='ltr'><strong>ediderunt</strong></span> <span class='ocrx_word' id='word_1_98' title='bbox 1070 1773 1264 1869; x_wconf 81' lang='lat' dir='ltr'><strong>patientiae</strong></span> <span class='ocrx_word' id='word_1_99' title='bbox 1290 1777 1532 1874; x_wconf 63' lang='lat' dir='ltr'><strong>exemplum-,4</strong></span> 
     </span>
     <span class='ocr_line' id='line_1_14' title="bbox 271 1882 1509 1981; baseline 0 -25"><span class='ocrx_word' id='word_1_100' title='bbox 271 1882 431 1980; x_wconf 86' lang='lat' dir='ltr'><strong>adeoque</strong></span> <span class='ocrx_word' id='word_1_101' title='bbox 456 1909 529 1957; x_wconf 91' lang='lat' dir='ltr'><strong>non</strong></span> <span class='ocrx_word' id='word_1_102' title='bbox 556 1895 640 1956; x_wconf 89' lang='lat' dir='ltr'><strong>sunt</strong></span> <span class='ocrx_word' id='word_1_103' title='bbox 665 1885 802 1957; x_wconf 81' lang='lat' dir='ltr'><strong>accensi</strong></span> <span class='ocrx_word' id='word_1_104' title='bbox 828 1884 1000 1981; x_wconf 91' lang='lat' dir='ltr'><strong>supplicio</strong></span> <span class='ocrx_word' id='word_1_105' title='bbox 1017 1883 1310 1974; x_wconf 90' lang='lat' dir='ltr'><strong>commilitonum,</strong></span> <span class='ocrx_word' id='word_1_106' title='bbox 1343 1911 1434 1960; x_wconf 88' lang='lat' dir='ltr'><strong>cum</strong></span> <span class='ocrx_word' id='word_1_107' title='bbox 1452 1886 1509 1958; x_wconf 87' lang='lat' dir='ltr'><strong>sub</strong></span> 
     </span>
     <span class='ocr_line' id='line_1_15' title="bbox 269 1994 1511 2095; baseline 0 -27"><span class='ocrx_word' id='word_1_108' title='bbox 269 2006 411 2069; x_wconf 89' lang='lat' dir='ltr'><strong>noctem</strong></span> <span class='ocrx_word' id='word_1_109' title='bbox 438 1995 642 2068; x_wconf 84' lang='lat' dir='ltr'><strong>interfectos</strong></span> <span class='ocrx_word' id='word_1_110' title='bbox 669 2019 748 2067; x_wconf 89' lang='lat' dir='ltr'><strong>esse</strong></span> <span class='ocrx_word' id='word_1_111' title='bbox 774 2005 998 2091; x_wconf 83' lang='lat' dir='ltr'><strong>cognossent,</strong></span> <span class='ocrx_word' id='word_1_112' title='bbox 1024 2006 1066 2066; x_wconf 91' lang='lat' dir='ltr'><strong>ut</strong></span> <span class='ocrx_word' id='word_1_113' title='bbox 1082 1994 1168 2067; x_wconf 90' lang='lat' dir='ltr'><strong>nihil</strong></span> <span class='ocrx_word' id='word_1_114' title='bbox 1186 1995 1393 2088; x_wconf 85' lang='lat' dir='ltr'><strong>omiserint,</strong></span> <span class='ocrx_word' id='word_1_115' title='bbox 1424 1994 1511 2095; x_wconf 87' lang='lat' dir='ltr'><strong>quod</strong></span> 
     </span>
     <span class='ocr_line' id='line_1_16' title="bbox 271 2103 1530 2207; baseline 0.002 -28"><span class='ocrx_word' id='word_1_116' title='bbox 271 2108 400 2206; x_wconf 82' lang='lat' dir='ltr'><strong>singuli</strong></span> <span class='ocrx_word' id='word_1_117' title='bbox 424 2107 537 2204; x_wconf 80' lang='lat' dir='ltr'><strong>magis</strong></span> <span class='ocrx_word' id='word_1_118' title='bbox 564 2106 772 2180; x_wconf 87' lang='lat' dir='ltr'><strong>obedienter</strong></span> <span class='ocrx_word' id='word_1_119' title='bbox 798 2115 835 2178; x_wconf 90' lang='lat' dir='ltr'><strong>et</strong></span> <span class='ocrx_word' id='word_1_120' title='bbox 859 2105 917 2203; x_wconf 89' lang='lat' dir='ltr'><strong>pie</strong></span> <span class='ocrx_word' id='word_1_121' title='bbox 939 2105 1106 2179; x_wconf 84' lang='lat' dir='ltr'><strong>facerent.</strong></span> <span class='ocrx_word' id='word_1_122' title='bbox 1150 2103 1348 2180; x_wconf 84' lang='lat' dir='ltr'><strong>Nemeum</strong></span> <span class='ocrx_word' id='word_1_123' title='bbox 1367 2119 1530 2207; x_wconf 71' lang='lat' dir='ltr'><strong>poster-0³</strong></span> 
     </span>
    </p>
   </div>
   <div class='ocr_carea' id='block_1_3' title="bbox 271 2347 1511 2469">
    <p class='ocr_par' dir='ltr' id='par_1_4' title="bbox 271 2347 1511 2469">
     <span class='ocr_line' id='line_1_17' title="bbox 271 2347 1511 2469; baseline -0.002 -69"><span class='ocrx_word' id='word_1_124' title='bbox 271 2418 293 2468; x_wconf 64' lang='lat' dir='ltr'>A</span> <span class='ocrx_word' id='word_1_125' title='bbox 297 2347 423 2469; x_wconf 52' lang='lat' dir='ltr'><strong>ggssll,</strong></span> <span class='ocrx_word' id='word_1_126' title='bbox 443 2351 465 2417; x_wconf 71' lang='grc' dir='ltr'><strong>ξ.</strong></span> <span class='ocrx_word' id='word_1_127' title='bbox 476 2355 516 2402; x_wconf 82' lang='grc'><strong>30.</strong></span> <span class='ocrx_word' id='word_1_128' title='bbox 544 2367 622 2402; x_wconf 85' lang='lat' dir='ltr'><strong>manu</strong></span> <span class='ocrx_word' id='word_1_129' title='bbox 641 2349 775 2418; x_wconf 66' lang='lat' dir='ltr'><strong>surrupuit]</strong></span> <span class='ocrx_word' id='word_1_130' title='bbox 799 2347 870 2402; x_wconf 82' lang='lat' dir='ltr'><strong>Flor.</strong></span> <span class='ocrx_word' id='word_1_131' title='bbox 905 2349 982 2400; x_wconf 80' lang='lat' dir='ltr'><strong>etium</strong></span> <span class='ocrx_word' id='word_1_132' title='bbox 999 2349 1085 2400; x_wconf 83' lang='lat' dir='ltr'><strong>cuncti</strong></span> <span class='ocrx_word' id='word_1_133' title='bbox 1099 2364 1200 2416; x_wconf 81' lang='lat' dir='ltr'><strong>pauore</strong></span> <span class='ocrx_word' id='word_1_134' title='bbox 1217 2349 1380 2416; x_wconf 76' lang='lat' dir='ltr'><strong>exanimati,</strong></span> <span class='ocrx_word' id='word_1_135' title='bbox 1400 2351 1511 2402; x_wconf 69' lang='lat' dir='ltr'><strong>adonira</strong></span> 
     </span>
    </p>
   </div>
   <div class='ocr_carea' id='block_1_4' title="bbox 230 2415 1547 4535">
    <p class='ocr_par' dir='ltr' id='par_1_5' title="bbox 271 2415 1547 2622">
     <span class='ocr_line' id='line_1_18' title="bbox 375 2415 1547 2486; baseline 0.005 -20"><span class='ocrx_word' id='word_1_136' title='bbox 375 2415 519 2485; x_wconf 76' lang='lat' dir='ltr'><strong>Icorripit,</strong></span> <span class='ocrx_word' id='word_1_137' title='bbox 539 2417 585 2468; x_wconf 89' lang='lat' dir='ltr'><strong>sed</strong></span> <span class='ocrx_word' id='word_1_138' title='bbox 602 2435 725 2486; x_wconf 77' lang='lat' dir='ltr'><strong>praesens</strong></span> <span class='ocrx_word' id='word_1_139' title='bbox 739 2417 775 2470; x_wconf 90' lang='lat' dir='ltr'><strong>sic</strong></span> <span class='ocrx_word' id='word_1_140' title='bbox 792 2432 870 2486; x_wconf 84' lang='lat' dir='ltr'><strong>prae·</strong></span> <span class='ocrx_word' id='word_1_141' title='bbox 904 2417 1012 2482; x_wconf 83' lang='lat' dir='ltr'><strong>similes,</strong></span> <span class='ocrx_word' id='word_1_142' title='bbox 1031 2419 1143 2486; x_wconf 80' lang='lat' dir='ltr'><strong>quidde</strong></span> <span class='ocrx_word' id='word_1_143' title='bbox 1161 2417 1224 2484; x_wconf 79' lang='lat' dir='ltr'><strong>ipsis</strong></span> <span class='ocrx_word' id='word_1_144' title='bbox 1243 2434 1350 2486; x_wconf 79' lang='lat' dir='ltr'><strong>quoque</strong></span> <span class='ocrx_word' id='word_1_145' title='bbox 1368 2437 1420 2472; x_wconf 76' lang='lat' dir='ltr'><strong>rex</strong></span> <span class='ocrx_word' id='word_1_146' title='bbox 1438 2429 1510 2472; x_wconf 72' lang='lat' dir='ltr'><strong>etun·</strong></span> <span class='ocrx_word' id='word_1_147' title='bbox 1546 2463 1547 2472; x_wconf 71' lang='grc'>,</span> 
     </span>
     <span class='ocr_line' id='line_1_19' title="bbox 271 2483 1547 2558; baseline 0.002 -22"><span class='ocrx_word' id='word_1_148' title='bbox 271 2483 357 2536; x_wconf 86' lang='lat' dir='ltr'><strong>teritis</strong></span> <span class='ocrx_word' id='word_1_149' title='bbox 376 2483 523 2536; x_wconf 87' lang='lat' dir='ltr'><strong>immixtum</strong></span> <span class='ocrx_word' id='word_1_150' title='bbox 540 2503 592 2538; x_wconf 90' lang='lat' dir='ltr'><strong>non</strong></span> <span class='ocrx_word' id='word_1_151' title='bbox 610 2485 673 2551; x_wconf 89' lang='lat' dir='ltr'><strong>sero,</strong></span> <span class='ocrx_word' id='word_1_152' title='bbox 696 2503 745 2538; x_wconf 88' lang='lat' dir='ltr'><strong>uec</strong></span> <span class='ocrx_word' id='word_1_153' title='bbox 762 2484 869 2538; x_wconf 85' lang='lat' dir='ltr'><strong>Medius</strong></span> <span class='ocrx_word' id='word_1_154' title='bbox 904 2486 998 2537; x_wconf 84' lang='lat' dir='ltr'><strong>endum</strong></span> <span class='ocrx_word' id='word_1_155' title='bbox 1021 2493 1146 2550; x_wconf 84' lang='lat' dir='ltr'><strong>censeret,</strong></span> <span class='ocrx_word' id='word_1_156' title='bbox 1174 2501 1306 2552; x_wconf 81' lang='lat' dir='ltr'><strong>suspensa</strong></span> <span class='ocrx_word' id='word_1_157' title='bbox 1331 2498 1423 2539; x_wconf 72' lang='lat' dir='ltr'><strong>metue</strong></span> <span class='ocrx_word' id='word_1_158' title='bbox 1446 2505 1511 2554; x_wconf 62' lang='grc' dir='ltr'><strong>σψ-</strong></span> <span class='ocrx_word' id='word_1_159' title='bbox 1546 2487 1547 2558; x_wconf 47' lang='grc' dir='ltr'>ζ</span> 
     </span>
     <span class='ocr_line' id='line_1_20' title="bbox 271 2551 1511 2622; baseline -0.001 -18"><span class='ocrx_word' id='word_1_160' title='bbox 271 2551 354 2604; x_wconf 89' lang='lat' dir='ltr'><strong>edidit</strong></span> <span class='ocrx_word' id='word_1_161' title='bbox 369 2551 673 2606; x_wconf 80' lang='lat' dir='ltr'><strong>uutSnalrcnb.notovit</strong></span> <span class='ocrx_word' id='word_1_162' title='bbox 690 2570 705 2606; x_wconf 90' lang='lat' dir='ltr'><strong>c</strong></span> <span class='ocrx_word' id='word_1_163' title='bbox 723 2552 775 2606; x_wconf 88' lang='lat' dir='ltr'><strong>suis</strong></span> <span class='ocrx_word' id='word_1_164' title='bbox 795 2553 869 2606; x_wconf 88' lang='lat' dir='ltr'><strong>codd.</strong></span> <span class='ocrx_word' id='word_1_165' title='bbox 905 2561 1011 2604; x_wconf 76' lang='lat' dir='ltr'><strong>clarent.</strong></span> <span class='ocrx_word' id='word_1_166' title='bbox 1036 2553 1148 2622; x_wconf 81' lang='lat' dir='ltr'><strong>Itaque“</strong></span> <span class='ocrx_word' id='word_1_167' title='bbox 1165 2553 1219 2604; x_wconf 83' lang='lat' dir='ltr'><strong>siue</strong></span> <span class='ocrx_word' id='word_1_168' title='bbox 1237 2561 1289 2605; x_wconf 84' lang='lat' dir='ltr'><strong>cet.</strong></span> <span class='ocrx_word' id='word_1_169' title='bbox 1315 2551 1408 2606; x_wconf 87' lang='lat' dir='ltr'><strong>Cuius</strong></span> <span class='ocrx_word' id='word_1_170' title='bbox 1428 2565 1511 2606; x_wconf 74' lang='lat' dir='ltr'><strong>auctu</strong></span> 
     </span>
    </p>

    <p class='ocr_par' dir='ltr' id='par_1_6' title="bbox 269 2618 1511 3442">
     <span class='ocr_line' id='line_1_21' title="bbox 307 2618 1511 2698; baseline 0.002 -26"><span class='ocrx_word' id='word_1_171' title='bbox 307 2623 329 2688; x_wconf 71' lang='lat'><strong>§-</strong></span> <span class='ocrx_word' id='word_1_172' title='bbox 348 2627 370 2672; x_wconf 91' lang='lat'><strong>1.</strong></span> <span class='ocrx_word' id='word_1_173' title='bbox 405 2622 469 2673; x_wconf 81' lang='lat' dir='ltr'><strong>ur&#39;lu&#39;l</strong></span> <span class='ocrx_word' id='word_1_174' title='bbox 491 2639 569 2674; x_wconf 84' lang='lat' dir='ltr'><strong>ausos</strong></span> <span class='ocrx_word' id='word_1_175' title='bbox 610 2624 717 2675; x_wconf 82' lang='lat' dir='ltr'><strong>ruuioru</strong></span> <span class='ocrx_word' id='word_1_176' title='bbox 735 2640 813 2692; x_wconf 79' lang='lat' dir='ltr'><strong>quum</strong></span> <span class='ocrx_word' id='word_1_177' title='bbox 830 2639 869 2674; x_wconf 85' lang='lat' dir='ltr'><strong>ce·</strong></span> <span class='ocrx_word' id='word_1_178' title='bbox 904 2620 949 2698; x_wconf 84' lang='lat' dir='ltr'><strong>qui</strong></span> <span class='ocrx_word' id='word_1_179' title='bbox 967 2618 1002 2672; x_wconf 88' lang='lat' dir='ltr'><strong>sit</strong></span> <span class='ocrx_word' id='word_1_180' title='bbox 1018 2619 1123 2690; x_wconf 81' lang='lat' dir='ltr'><strong>ignoro,</strong></span> <span class='ocrx_word' id='word_1_181' title='bbox 1147 2627 1254 2673; x_wconf 75' lang='lat' dir='ltr'><strong>exstare</strong></span> <span class='ocrx_word' id='word_1_182' title='bbox 1276 2621 1398 2691; x_wconf 84' lang='lat' dir='ltr'><strong>primum</strong></span> <span class='ocrx_word' id='word_1_183' title='bbox 1418 2623 1448 2674; x_wconf 87' lang='lat' dir='ltr'><strong>in</strong></span> <span class='ocrx_word' id='word_1_184' title='bbox 1464 2623 1511 2673; x_wconf 77' lang='lat' dir='ltr'><strong>fdi-</strong></span> 
     </span>
     <span class='ocr_line' id='line_1_22' title="bbox 272 2639 1510 2756; baseline 0 -15"><span class='ocrx_word' id='word_1_185' title='bbox 272 2691 348 2756; x_wconf 82' lang='lat' dir='ltr'><strong>teros]</strong></span> <span class='ocrx_word' id='word_1_186' title='bbox 385 2687 446 2742; x_wconf 88' lang='lat' dir='ltr'><strong>Non</strong></span> <span class='ocrx_word' id='word_1_187' title='bbox 464 2687 567 2742; x_wconf 86' lang='lat' dir='ltr'><strong>dillicile</strong></span> <span class='ocrx_word' id='word_1_188' title='bbox 585 2639 664 2743; x_wconf 70' lang='lat' dir='ltr'><strong>lherit</strong></span> <span class='ocrx_word' id='word_1_189' title='bbox 682 2707 739 2744; x_wconf 89' lang='lat' dir='ltr'><strong>cum</strong></span> <span class='ocrx_word' id='word_1_190' title='bbox 750 2689 869 2743; x_wconf 84' lang='lat' dir='ltr'><strong>Acidalio</strong></span> <span class='ocrx_word' id='word_1_191' title='bbox 904 2697 978 2741; x_wconf 76' lang='lat' dir='ltr'><strong>tione</strong></span> <span class='ocrx_word' id='word_1_192' title='bbox 1004 2687 1099 2741; x_wconf 89' lang='lat' dir='ltr'><strong>Colon.</strong></span> <span class='ocrx_word' id='word_1_193' title='bbox 1126 2707 1148 2741; x_wconf 82' lang='lat' dir='ltr'><strong>s.</strong></span> <span class='ocrx_word' id='word_1_194' title='bbox 1176 2693 1242 2742; x_wconf 80' lang='grc'><strong>1538</strong></span> <span class='ocrx_word' id='word_1_195' title='bbox 1274 2697 1336 2741; x_wconf 86' lang='lat' dir='ltr'><strong>tum</strong></span> <span class='ocrx_word' id='word_1_196' title='bbox 1367 2691 1510 2744; x_wconf 68' lang='lat' dir='ltr'><strong>Basileenei</strong></span> 
     </span>
     <span class='ocr_line' id='line_1_23' title="bbox 271 2755 1510 2828; baseline -0.001 -19"><span class='ocrx_word' id='word_1_197' title='bbox 271 2759 350 2810; x_wconf 81' lang='lat' dir='ltr'><strong>nihilo</strong></span> <span class='ocrx_word' id='word_1_198' title='bbox 377 2757 522 2824; x_wconf 70' lang='lat' dir='ltr'><strong>corrigere,</strong></span> <span class='ocrx_word' id='word_1_199' title='bbox 550 2761 595 2810; x_wconf 89' lang='lat' dir='ltr'><strong>scd</strong></span> <span class='ocrx_word' id='word_1_200' title='bbox 618 2758 676 2811; x_wconf 87' lang='lat' dir='ltr'><strong>libri</strong></span> <span class='ocrx_word' id='word_1_201' title='bbox 698 2777 751 2812; x_wconf 89' lang='lat' dir='ltr'><strong>non</strong></span> <span class='ocrx_word' id='word_1_202' title='bbox 773 2759 869 2810; x_wconf 83' lang='lat' dir='ltr'><strong>favent.</strong></span> <span class='ocrx_word' id='word_1_203' title='bbox 904 2755 965 2808; x_wconf 88' lang='lat' dir='ltr'><strong>anni</strong></span> <span class='ocrx_word' id='word_1_204' title='bbox 985 2762 1051 2809; x_wconf 80' lang='grc'><strong>1545</strong></span> <span class='ocrx_word' id='word_1_205' title='bbox 1074 2757 1207 2826; x_wconf 77' lang='lat' dir='ltr'><strong>adscripto</strong></span> <span class='ocrx_word' id='word_1_206' title='bbox 1230 2756 1310 2810; x_wconf 89' lang='lat' dir='ltr'><strong>titulo</strong></span> <span class='ocrx_word' id='word_1_207' title='bbox 1327 2759 1510 2828; x_wconf 65' lang='lat' dir='ltr'><strong>frequentur</strong></span> 
     </span>
     <span class='ocr_line' id='line_1_24' title="bbox 272 2819 1510 2898; baseline -0.002 -20"><span class='ocrx_word' id='word_1_208' title='bbox 272 2825 330 2879; x_wconf 91' lang='lat' dir='ltr'><strong>Nec</strong></span> <span class='ocrx_word' id='word_1_209' title='bbox 352 2843 414 2878; x_wconf 83' lang='lat' dir='ltr'><strong>senc</strong></span> <span class='ocrx_word' id='word_1_210' title='bbox 432 2819 522 2892; x_wconf 85' lang='lat' dir='ltr'><strong>video,</strong></span> <span class='ocrx_word' id='word_1_211' title='bbox 550 2845 609 2879; x_wconf 88' lang='lat' dir='ltr'><strong>eum</strong></span> <span class='ocrx_word' id='word_1_212' title='bbox 630 2827 720 2898; x_wconf 86' lang='lat' dir='ltr'><strong>utiquc</strong></span> <span class='ocrx_word' id='word_1_213' title='bbox 742 2824 870 2878; x_wconf 79' lang='lat' dir='ltr'><strong>adiectivs</strong></span> <span class='ocrx_word' id='word_1_214' title='bbox 904 2825 931 2876; x_wconf 93' lang='lat' dir='ltr'><strong>in</strong></span> <span class='ocrx_word' id='word_1_215' title='bbox 949 2824 1076 2877; x_wconf 82' lang='lat' dir='ltr'><strong>varietate</strong></span> <span class='ocrx_word' id='word_1_216' title='bbox 1089 2825 1209 2878; x_wconf 87' lang='lat' dir='ltr'><strong>lectionis</strong></span> <span class='ocrx_word' id='word_1_217' title='bbox 1221 2824 1287 2877; x_wconf 89' lang='lat' dir='ltr'><strong>edit.</strong></span> <span class='ocrx_word' id='word_1_218' title='bbox 1297 2825 1386 2879; x_wconf 84' lang='lat' dir='ltr'><strong>Snalr.</strong></span> <span class='ocrx_word' id='word_1_219' title='bbox 1397 2839 1510 2880; x_wconf 79' lang='lat' dir='ltr'><strong>notatur.</strong></span> 
     </span>
     <span class='ocr_line' id='line_1_25' title="bbox 271 2891 1510 2964; baseline -0.002 -18"><span class='ocrx_word' id='word_1_220' title='bbox 271 2896 337 2948; x_wconf 74' lang='lat' dir='ltr'><strong>nitu</strong></span> <span class='ocrx_word' id='word_1_221' title='bbox 354 2912 402 2963; x_wconf 92' lang='lat' dir='ltr'><strong>pro</strong></span> <span class='ocrx_word' id='word_1_222' title='bbox 420 2913 472 2947; x_wconf 82' lang='lat' dir='ltr'><strong>nou</strong></span> <span class='ocrx_word' id='word_1_223' title='bbox 489 2893 673 2948; x_wconf 76' lang='lat' dir='ltr'><strong>adverbialiter</strong></span> <span class='ocrx_word' id='word_1_224' title='bbox 696 2893 811 2964; x_wconf 87' lang='lat' dir='ltr'><strong>positum</strong></span> <span class='ocrx_word' id='word_1_225' title='bbox 829 2909 870 2946; x_wconf 90' lang='lat' dir='ltr'><strong>re·</strong></span> <span class='ocrx_word' id='word_1_226' title='bbox 903 2891 963 2962; x_wconf 86' lang='lat' dir='ltr'><strong>Ego</strong></span> <span class='ocrx_word' id='word_1_227' title='bbox 985 2893 1013 2946; x_wconf 90' lang='lat' dir='ltr'><strong>in</strong></span> <span class='ocrx_word' id='word_1_228' title='bbox 1036 2893 1100 2947; x_wconf 89' lang='lat' dir='ltr'><strong>edit.</strong></span> <span class='ocrx_word' id='word_1_229' title='bbox 1120 2893 1231 2946; x_wconf 86' lang='lat' dir='ltr'><strong>Iunisns</strong></span> <span class='ocrx_word' id='word_1_230' title='bbox 1252 2893 1314 2945; x_wconf 87' lang='lat' dir='ltr'><strong>anni</strong></span> <span class='ocrx_word' id='word_1_231' title='bbox 1342 2902 1416 2949; x_wconf 76' lang='grc'><strong>1546</strong></span> <span class='ocrx_word' id='word_1_232' title='bbox 1450 2895 1510 2947; x_wconf 65' lang='lat' dir='ltr'><strong>inter</strong></span> 
     </span>
     <span class='ocr_line' id='line_1_26' title="bbox 271 2959 1509 3044; baseline 0.001 -29"><span class='ocrx_word' id='word_1_233' title='bbox 271 2961 378 3044; x_wconf 78' lang='lat' dir='ltr'><strong>cipiunt,</strong></span> <span class='ocrx_word' id='word_1_234' title='bbox 398 2962 462 3032; x_wconf 92' lang='lat' dir='ltr'><strong>quid</strong></span> <span class='ocrx_word' id='word_1_235' title='bbox 479 2979 638 3043; x_wconf 68' lang='lat' dir='ltr'><strong>magnopere</strong></span> <span class='ocrx_word' id='word_1_236' title='bbox 652 2963 787 3033; x_wconf 82' lang='lat' dir='ltr'><strong>impediet,</strong></span> <span class='ocrx_word' id='word_1_237' title='bbox 805 2979 870 3032; x_wconf 87' lang='lat' dir='ltr'><strong>quo·</strong></span> <span class='ocrx_word' id='word_1_238' title='bbox 904 2961 1022 3014; x_wconf 75' lang='lat' dir='ltr'><strong>stellulae</strong></span> <span class='ocrx_word' id='word_1_239' title='bbox 1040 2969 1068 3013; x_wconf 92' lang='lat' dir='ltr'><strong>et</strong></span> <span class='ocrx_word' id='word_1_240' title='bbox 1085 2961 1216 3031; x_wconf 86' lang='lat' dir='ltr'><strong>adscripto</strong></span> <span class='ocrx_word' id='word_1_241' title='bbox 1238 2959 1265 3012; x_wconf 91' lang='lat' dir='ltr'><strong>in</strong></span> <span class='ocrx_word' id='word_1_242' title='bbox 1289 2963 1420 3041; x_wconf 68' lang='lat' dir='ltr'><strong>margine</strong></span> <span class='ocrx_word' id='word_1_243' title='bbox 1438 2967 1509 3016; x_wconf 70' lang='lat' dir='ltr'><strong>verta</strong></span> 
     </span>
     <span class='ocr_line' id='line_1_27' title="bbox 270 3027 1509 3100; baseline -0.002 -16"><span class='ocrx_word' id='word_1_244' title='bbox 270 3049 355 3084; x_wconf 80' lang='lat' dir='ltr'><strong>minus</strong></span> <span class='ocrx_word' id='word_1_245' title='bbox 373 3031 442 3084; x_wconf 90' lang='lat' dir='ltr'><strong>idem</strong></span> <span class='ocrx_word' id='word_1_246' title='bbox 460 3031 507 3084; x_wconf 84' lang='lat' dir='ltr'><strong>fist</strong></span> <span class='ocrx_word' id='word_1_247' title='bbox 524 3049 552 3084; x_wconf 90' lang='lat' dir='ltr'><strong>m</strong></span> <span class='ocrx_word' id='word_1_248' title='bbox 569 3049 626 3086; x_wconf 89' lang='lat' dir='ltr'><strong>com</strong></span> <span class='ocrx_word' id='word_1_249' title='bbox 645 3031 751 3085; x_wconf 85' lang='lat' dir='ltr'><strong>arativis</strong></span> <span class='ocrx_word' id='word_1_250' title='bbox 764 3030 870 3084; x_wconf 84' lang='lat' dir='ltr'><strong>adiecti-</strong></span> <span class='ocrx_word' id='word_1_251' title='bbox 904 3029 1209 3100; x_wconf 73' lang='lat' dir='ltr'><strong>supplerentuminveni.</strong></span> <span class='ocrx_word' id='word_1_252' title='bbox 1232 3027 1306 3081; x_wconf 78' lang='lat' dir='ltr'><strong>Satis</strong></span> <span class='ocrx_word' id='word_1_253' title='bbox 1344 3033 1442 3085; x_wconf 75' lang='lat' dir='ltr'><strong>uidem</strong></span> <span class='ocrx_word' id='word_1_254' title='bbox 1457 3044 1509 3084; x_wconf 81' lang='lat' dir='ltr'><strong>sunt</strong></span> 
     </span>
     <span class='ocr_line' id='line_1_28' title="bbox 270 3048 1509 3175; baseline 0.002 -23"><span class='ocrx_word' id='word_1_255' title='bbox 270 3117 370 3153; x_wconf 87' lang='lat' dir='ltr'><strong>vorum.</strong></span> <span class='ocrx_word' id='word_1_256' title='bbox 407 3099 507 3153; x_wconf 83' lang='lat' dir='ltr'><strong>Grsece</strong></span> <span class='ocrx_word' id='word_1_257' title='bbox 528 3108 600 3153; x_wconf 85' lang='lat' dir='ltr'><strong>certe</strong></span> <span class='ocrx_word' id='word_1_258' title='bbox 622 3050 668 3167; x_wconf 76' lang='lat' dir='ltr'><strong>dt,</strong></span> <span class='ocrx_word' id='word_1_259' title='bbox 694 3099 747 3152; x_wconf 87' lang='lat' dir='ltr'><strong>vid.</strong></span> <span class='ocrx_word' id='word_1_260' title='bbox 765 3115 806 3152; x_wconf 80' lang='lat' dir='ltr'><strong>ex.</strong></span> <span class='ocrx_word' id='word_1_261' title='bbox 830 3117 870 3168; x_wconf 84' lang='lat' dir='ltr'><strong>gr.</strong></span> <span class='ocrx_word' id='word_1_262' title='bbox 904 3097 1037 3173; x_wconf 77' lang='lat' dir='ltr'><strong>elegantia</strong></span> <span class='ocrx_word' id='word_1_263' title='bbox 1054 3097 1101 3150; x_wconf 84' lang='lat' dir='ltr'><strong>sed</strong></span> <span class='ocrx_word' id='word_1_264' title='bbox 1123 3097 1199 3175; x_wconf 83' lang='lat' dir='ltr'><strong>nimis</strong></span> <span class='ocrx_word' id='word_1_265' title='bbox 1221 3097 1302 3166; x_wconf 85' lang='lat' dir='ltr'><strong>longe</strong></span> <span class='ocrx_word' id='word_1_266' title='bbox 1322 3048 1427 3153; x_wconf 68' lang='lat' dir='ltr'><strong>ductu:</strong></span> <span class='ocrx_word' id='word_1_267' title='bbox 1455 3099 1509 3153; x_wconf 85' lang='lat' dir='ltr'><strong>mihi</strong></span> 
     </span>
     <span class='ocr_line' id='line_1_29' title="bbox 270 3165 1509 3238; baseline 0.001 -17"><span class='ocrx_word' id='word_1_268' title='bbox 270 3169 405 3237; x_wconf 80' lang='lat' dir='ltr'><strong>Aristoph.</strong></span> <span class='ocrx_word' id='word_1_269' title='bbox 423 3167 451 3220; x_wconf 94' lang='lat' dir='ltr'><strong>in</strong></span> <span class='ocrx_word' id='word_1_270' title='bbox 468 3167 569 3221; x_wconf 81' lang='lat' dir='ltr'><strong>Avibus</strong></span> <span class='ocrx_word' id='word_1_271' title='bbox 587 3175 685 3222; x_wconf 69' lang='lat' dir='ltr'><strong>vum</strong></span> <span class='ocrx_word' id='word_1_272' title='bbox 712 3171 799 3236; x_wconf 70' lang='grc' dir='ltr'><strong><em>μείζω</em></strong></span> <span class='ocrx_word' id='word_1_273' title='bbox 818 3171 870 3234; x_wconf 72' lang='grc' dir='ltr'><strong>μὲν</strong></span> <span class='ocrx_word' id='word_1_274' title='bbox 904 3174 975 3218; x_wconf 86' lang='lat' dir='ltr'><strong>certe</strong></span> <span class='ocrx_word' id='word_1_275' title='bbox 993 3165 1058 3218; x_wconf 90' lang='lat' dir='ltr'><strong>nihil</strong></span> <span class='ocrx_word' id='word_1_276' title='bbox 1075 3165 1147 3219; x_wconf 90' lang='lat' dir='ltr'><strong>sliud</strong></span> <span class='ocrx_word' id='word_1_277' title='bbox 1165 3165 1213 3218; x_wconf 86' lang='lat' dir='ltr'><strong>msi</strong></span> <span class='ocrx_word' id='word_1_278' title='bbox 1228 3165 1345 3220; x_wconf 82' lang='lat' dir='ltr'><strong>fortene</strong></span> <span class='ocrx_word' id='word_1_279' title='bbox 1362 3187 1452 3222; x_wconf 75' lang='lat' dir='ltr'><strong>vocem</strong></span> <span class='ocrx_word' id='word_1_280' title='bbox 1461 3170 1509 3238; x_wconf 63' lang='lat' dir='ltr'><strong>qvi·</strong></span> 
     </span>
     <span class='ocr_line' id='line_1_30' title="bbox 272 3233 1510 3308; baseline 0.002 -20"><span class='ocrx_word' id='word_1_281' title='bbox 272 3233 363 3288; x_wconf 78' lang='lat' dir='ltr'><strong>cv’ds&#39;v.</strong></span> <span class='ocrx_word' id='word_1_282' title='bbox 398 3235 499 3290; x_wconf 84' lang='lat' dir='ltr'><strong>Moneo</strong></span> <span class='ocrx_word' id='word_1_283' title='bbox 516 3243 618 3304; x_wconf 85' lang='lat' dir='ltr'><strong>tamen,</strong></span> <span class='ocrx_word' id='word_1_284' title='bbox 636 3254 678 3290; x_wconf 91' lang='lat' dir='ltr'><strong>me</strong></span> <span class='ocrx_word' id='word_1_285' title='bbox 696 3237 782 3290; x_wconf 85' lang='lat' dir='ltr'><strong>adhuc</strong></span> <span class='ocrx_word' id='word_1_286' title='bbox 800 3233 870 3288; x_wconf 88' lang='lat' dir='ltr'><strong>simi·</strong></span> <span class='ocrx_word' id='word_1_287' title='bbox 904 3237 961 3286; x_wconf 85' lang='lat' dir='ltr'><strong>dem</strong></span> <span class='ocrx_word' id='word_1_288' title='bbox 978 3235 1115 3288; x_wconf 77' lang='lat' dir='ltr'><strong>sustulisse</strong></span> <span class='ocrx_word' id='word_1_289' title='bbox 1132 3234 1174 3286; x_wconf 88' lang='lat' dir='ltr'><strong>vel</strong></span> <span class='ocrx_word' id='word_1_290' title='bbox 1192 3233 1245 3286; x_wconf 74' lang='lat' dir='ltr'><strong>tale</strong></span> <span class='ocrx_word' id='word_1_291' title='bbox 1261 3233 1370 3304; x_wconf 82' lang='lat' dir='ltr'><strong>aliquid</strong></span> <span class='ocrx_word' id='word_1_292' title='bbox 1388 3254 1424 3291; x_wconf 69' lang='lat' dir='ltr'><strong>sc</strong></span> <span class='ocrx_word' id='word_1_293' title='bbox 1444 3255 1510 3308; x_wconf 71' lang='lat' dir='ltr'><strong>prse-</strong></span> 
     </span>
     <span class='ocr_line' id='line_1_31' title="bbox 270 3301 1510 3422; baseline 0.001 -67"><span class='ocrx_word' id='word_1_294' title='bbox 270 3304 322 3356; x_wconf 89' lang='lat' dir='ltr'><strong>lem</strong></span> <span class='ocrx_word' id='word_1_295' title='bbox 339 3304 451 3357; x_wconf 84' lang='lat' dir='ltr'><strong>locuma</strong></span> <span class='ocrx_word' id='word_1_296' title='bbox 470 3305 505 3356; x_wconf 92' lang='lat' dir='ltr'><strong>ud</strong></span> <span class='ocrx_word' id='word_1_297' title='bbox 514 3304 638 3356; x_wconf 76' lang='lat' dir='ltr'><strong>Latinum</strong></span> <span class='ocrx_word' id='word_1_298' title='bbox 653 3304 806 3382; x_wconf 81' lang='lat' dir='ltr'><strong>scriptorem</strong></span> <span class='ocrx_word' id='word_1_299' title='bbox 815 3321 870 3356; x_wconf 89' lang='lat' dir='ltr'><strong>non</strong></span> <span class='ocrx_word' id='word_1_300' title='bbox 904 3302 1022 3380; x_wconf 70' lang='lat' dir='ltr'><strong>teresin</strong></span> <span class='ocrx_word' id='word_1_301' title='bbox 1039 3301 1170 3422; x_wconf 55' lang='lat' dir='ltr'><strong>princifio</strong></span> <span class='ocrx_word' id='word_1_302' title='bbox 1184 3301 1322 3372; x_wconf 87' lang='lat' dir='ltr'><strong>sequentis</strong></span> <span class='ocrx_word' id='word_1_303' title='bbox 1333 3305 1447 3374; x_wconf 85' lang='lat' dir='ltr'><strong>periodi</strong></span> <span class='ocrx_word' id='word_1_304' title='bbox 1457 3323 1510 3358; x_wconf 75' lang='lat' dir='ltr'><strong>cen</strong></span> 
     </span>
     <span class='ocr_line' id='line_1_32' title="bbox 269 3370 1351 3442; baseline 0.001 -19"><span class='ocrx_word' id='word_1_305' title='bbox 269 3370 409 3424; x_wconf 88' lang='lat' dir='ltr'><strong>invenisse.</strong></span> <span class='ocrx_word' id='word_1_306' title='bbox 460 3370 572 3424; x_wconf 85' lang='lat' dir='ltr'><strong>xcidisse</strong></span> <span class='ocrx_word' id='word_1_307' title='bbox 582 3381 670 3425; x_wconf 83' lang='lat' dir='ltr'><strong>sutem</strong></span> <span class='ocrx_word' id='word_1_308' title='bbox 679 3373 781 3442; x_wconf 86' lang='lat' dir='ltr'><strong>shquot</strong></span> <span class='ocrx_word' id='word_1_309' title='bbox 790 3373 870 3425; x_wconf 82' lang='lat' dir='ltr'><strong>verbs</strong></span> <span class='ocrx_word' id='word_1_310' title='bbox 903 3370 1004 3423; x_wconf 85' lang='lat' dir='ltr'><strong>iunctm</strong></span> <span class='ocrx_word' id='word_1_311' title='bbox 1023 3373 1071 3424; x_wconf 86' lang='lat' dir='ltr'><strong>sed</strong></span> <span class='ocrx_word' id='word_1_312' title='bbox 1087 3370 1112 3423; x_wconf 88' lang='lat' dir='ltr'><strong>vi</strong></span> <span class='ocrx_word' id='word_1_313' title='bbox 1133 3379 1193 3423; x_wconf 88' lang='lat' dir='ltr'><strong>etur</strong></span> <span class='ocrx_word' id='word_1_314' title='bbox 1210 3370 1351 3424; x_wconf 85' lang='lat' dir='ltr'><strong>excidisse.</strong></span> 
     </span>
    </p>

    <p class='ocr_par' dir='ltr' id='par_1_7' title="bbox 230 3438 1510 4535">
     <span class='ocr_line' id='line_1_33' title="bbox 230 3438 1507 3509; baseline 0.002 -18"><span class='ocrx_word' id='word_1_315' title='bbox 230 3457 239 3464; x_wconf 91' lang='lat'><strong>·</strong></span> <span class='ocrx_word' id='word_1_316' title='bbox 290 3446 333 3492; x_wconf 88' lang='lat' dir='ltr'><strong>ost</strong></span> <span class='ocrx_word' id='word_1_317' title='bbox 351 3449 445 3492; x_wconf 83' lang='lat' dir='ltr'><strong>ceteros</strong></span> <span class='ocrx_word' id='word_1_318' title='bbox 463 3438 540 3490; x_wconf 83' lang='lat' dir='ltr'><strong>sscile</strong></span> <span class='ocrx_word' id='word_1_319' title='bbox 558 3449 681 3509; x_wconf 79' lang='lat' dir='ltr'><strong>apparet,</strong></span> <span class='ocrx_word' id='word_1_320' title='bbox 705 3441 754 3492; x_wconf 82' lang='lat' dir='ltr'><strong>etsi</strong></span> <span class='ocrx_word' id='word_1_321' title='bbox 779 3439 869 3509; x_wconf 88' lang='lat' dir='ltr'><strong>scripti</strong></span> <span class='ocrx_word' id='word_1_322' title='bbox 938 3441 961 3506; x_wconf 69' lang='lat'><strong>5.</strong></span> <span class='ocrx_word' id='word_1_323' title='bbox 974 3445 998 3492; x_wconf 81' lang='grc'><strong>3.</strong></span> <span class='ocrx_word' id='word_1_324' title='bbox 1035 3457 1100 3509; x_wconf 80' lang='lat' dir='ltr'><strong>quae</strong></span> <span class='ocrx_word' id='word_1_325' title='bbox 1117 3441 1165 3492; x_wconf 77' lang='lat' dir='ltr'><strong>suo</strong></span> <span class='ocrx_word' id='word_1_326' title='bbox 1187 3440 1292 3507; x_wconf 75' lang='lat' dir='ltr'><strong>reqibus</strong></span> <span class='ocrx_word' id='word_1_327' title='bbox 1311 3451 1377 3492; x_wconf 77' lang='lat' dir='ltr'><strong>sunt</strong></span> <span class='ocrx_word' id='word_1_328' title='bbox 1429 3443 1507 3494; x_wconf 50' lang='lat' dir='ltr'><strong>nux-r</strong></span> 
     </span>
     <span class='ocr_line' id='line_1_34' title="bbox 269 3457 1506 3578; baseline 0.002 -20"><span class='ocrx_word' id='word_1_329' title='bbox 269 3457 331 3558; x_wconf 76' lang='lat' dir='ltr'><strong>dori</strong></span> <span class='ocrx_word' id='word_1_330' title='bbox 357 3505 477 3558; x_wconf 80' lang='lat' dir='ltr'><strong>lacunam</strong></span> <span class='ocrx_word' id='word_1_331' title='bbox 499 3522 556 3558; x_wconf 82' lang='lat' dir='ltr'><strong>eam</strong></span> <span class='ocrx_word' id='word_1_332' title='bbox 574 3507 665 3561; x_wconf 88' lang='lat' dir='ltr'><strong>relicto</strong></span> <span class='ocrx_word' id='word_1_333' title='bbox 683 3509 769 3578; x_wconf 77' lang='lat' dir='ltr'><strong>spatio</strong></span> <span class='ocrx_word' id='word_1_334' title='bbox 787 3525 870 3561; x_wconf 88' lang='lat' dir='ltr'><strong>vacuo</strong></span> <span class='ocrx_word' id='word_1_335' title='bbox 902 3507 1012 3559; x_wconf 88' lang='lat' dir='ltr'><strong>verbum</strong></span> <span class='ocrx_word' id='word_1_336' title='bbox 1025 3506 1218 3560; x_wconf 75' lang='lat' dir='ltr'><strong>substantivum</strong></span> <span class='ocrx_word' id='word_1_337' title='bbox 1231 3524 1247 3558; x_wconf 90' lang='lat' dir='ltr'><strong>s</strong></span> <span class='ocrx_word' id='word_1_338' title='bbox 1260 3507 1348 3560; x_wconf 84' lang='lat' dir='ltr'><strong>tribus</strong></span> <span class='ocrx_word' id='word_1_339' title='bbox 1385 3509 1506 3564; x_wconf 72' lang='lat' dir='ltr'><strong>lonABt&#39;</strong></span> 
     </span>
     <span class='ocr_line' id='line_1_35' title="bbox 271 3573 1510 3646; baseline 0.005 -20"><span class='ocrx_word' id='word_1_340' title='bbox 271 3592 326 3626; x_wconf 89' lang='lat' dir='ltr'><strong>non</strong></span> <span class='ocrx_word' id='word_1_341' title='bbox 348 3573 504 3644; x_wconf 81' lang='lat' dir='ltr'><strong>significant.</strong></span> <span class='ocrx_word' id='word_1_342' title='bbox 545 3573 691 3628; x_wconf 76' lang='lat' dir='ltr'><strong>Glareanus</strong></span> <span class='ocrx_word' id='word_1_343' title='bbox 716 3575 820 3646; x_wconf 84' lang='lat' dir='ltr'><strong>quidem</strong></span> <span class='ocrx_word' id='word_1_344' title='bbox 842 3583 869 3629; x_wconf 90' lang='lat' dir='ltr'><strong>et</strong></span> <span class='ocrx_word' id='word_1_345' title='bbox 902 3575 1332 3645; x_wconf 75' lang='lat' dir='ltr'><strong>etIeid.Voss.1Bong.(cum</strong></span> <span class='ocrx_word' id='word_1_346' title='bbox 1349 3578 1510 3632; x_wconf 75' lang='lat' dir='ltr'><strong>chernsn·</strong></span> 
     </span>
     <span class='ocr_line' id='line_1_36' title="bbox 270 3641 1509 3712; baseline 0.004 -17"><span class='ocrx_word' id='word_1_347' title='bbox 270 3641 390 3695; x_wconf 90' lang='lat' dir='ltr'><strong>Raderus</strong></span> <span class='ocrx_word' id='word_1_348' title='bbox 409 3641 474 3695; x_wconf 90' lang='lat' dir='ltr'><strong>nihil</strong></span> <span class='ocrx_word' id='word_1_349' title='bbox 491 3643 582 3696; x_wconf 88' lang='lat' dir='ltr'><strong>deesse</strong></span> <span class='ocrx_word' id='word_1_350' title='bbox 599 3643 797 3712; x_wconf 77' lang='lat' dir='ltr'><strong>existimarunt,</strong></span> <span class='ocrx_word' id='word_1_351' title='bbox 822 3645 868 3698; x_wconf 90' lang='lat' dir='ltr'><strong>sed</strong></span> <span class='ocrx_word' id='word_1_352' title='bbox 903 3641 975 3696; x_wconf 92' lang='lat' dir='ltr'><strong>sibus</strong></span> <span class='ocrx_word' id='word_1_353' title='bbox 993 3643 1059 3696; x_wconf 91' lang='lat' dir='ltr'><strong>nihil</strong></span> <span class='ocrx_word' id='word_1_354' title='bbox 1075 3645 1195 3712; x_wconf 87' lang='lat' dir='ltr'><strong>notetur)</strong></span> <span class='ocrx_word' id='word_1_355' title='bbox 1218 3643 1265 3695; x_wconf 88' lang='lat' dir='ltr'><strong>sed</strong></span> <span class='ocrx_word' id='word_1_356' title='bbox 1287 3661 1320 3697; x_wconf 88' lang='lat' dir='ltr'><strong>eo</strong></span> <span class='ocrx_word' id='word_1_357' title='bbox 1342 3661 1442 3700; x_wconf 74' lang='lat' dir='ltr'><strong>carere</strong></span> <span class='ocrx_word' id='word_1_358' title='bbox 1465 3665 1509 3699; x_wconf 75' lang='lat' dir='ltr'><strong>nos</strong></span> 
     </span>
     <span class='ocr_line' id='line_1_37' title="bbox 271 3709 1509 3792; baseline 0.004 -31"><span class='ocrx_word' id='word_1_359' title='bbox 271 3711 327 3781; x_wconf 89' lang='lat' dir='ltr'><strong>quis</strong></span> <span class='ocrx_word' id='word_1_360' title='bbox 346 3711 398 3766; x_wconf 84' lang='lat' dir='ltr'><strong>hoc</strong></span> <span class='ocrx_word' id='word_1_361' title='bbox 414 3711 465 3764; x_wconf 89' lang='lat' dir='ltr'><strong>sibi</strong></span> <span class='ocrx_word' id='word_1_362' title='bbox 481 3712 641 3781; x_wconf 75' lang='lat' dir='ltr'><strong>persuaserit</strong></span> <span class='ocrx_word' id='word_1_363' title='bbox 659 3729 815 3784; x_wconf 87' lang='lat' dir='ltr'><strong>quemquam</strong></span> <span class='ocrx_word' id='word_1_364' title='bbox 831 3712 869 3766; x_wconf 85' lang='lat' dir='ltr'><strong>ita</strong></span> <span class='ocrx_word' id='word_1_365' title='bbox 901 3729 1049 3792; x_wconf 76' lang='lat' dir='ltr'><strong>possumus.</strong></span> <span class='ocrx_word' id='word_1_366' title='bbox 1074 3709 1186 3766; x_wconf 64' lang='lat' dir='ltr'><strong>ulons</strong></span> <span class='ocrx_word' id='word_1_367' title='bbox 1208 3713 1314 3780; x_wconf 76' lang='lat' dir='ltr'><strong>reyibus</strong></span> <span class='ocrx_word' id='word_1_368' title='bbox 1336 3725 1421 3782; x_wconf 72' lang='lat' dir='ltr'><strong>sucu,</strong></span> <span class='ocrx_word' id='word_1_369' title='bbox 1443 3733 1509 3784; x_wconf 68' lang='lat' dir='ltr'><strong>reyes</strong></span> 
     </span>
     <span class='ocr_line' id='line_1_38' title="bbox 270 3779 1058 3852; baseline 0.003 -20"><span class='ocrx_word' id='word_1_370' title='bbox 270 3779 382 3832; x_wconf 88' lang='lat' dir='ltr'><strong>scriberc</strong></span> <span class='ocrx_word' id='word_1_371' title='bbox 399 3780 530 3849; x_wconf 86' lang='lat' dir='ltr'><strong>potuisse:</strong></span> <span class='ocrx_word' id='word_1_372' title='bbox 555 3784 613 3852; x_wconf 83' lang='lat' dir='ltr'><strong>quis</strong></span> <span class='ocrx_word' id='word_1_373' title='bbox 635 3783 749 3835; x_wconf 84' lang='lat' dir='ltr'><strong>crederet</strong></span> <span class='ocrx_word' id='word_1_374' title='bbox 771 3783 867 3836; x_wconf 81' lang='lat' dir='ltr'><strong>contio-</strong></span> <span class='ocrx_word' id='word_1_375' title='bbox 903 3789 971 3832; x_wconf 83' lang='lat' dir='ltr'><strong>mter</strong></span> <span class='ocrx_word' id='word_1_376' title='bbox 989 3783 1058 3834; x_wconf 86' lang='lat' dir='ltr'><strong>deos.</strong></span> 
     </span>
     <span class='ocr_line' id='line_1_39' title="bbox 269 3850 1509 3921; baseline 0.005 -22"><span class='ocrx_word' id='word_1_377' title='bbox 269 3864 327 3900; x_wconf 84' lang='lat' dir='ltr'><strong>uem</strong></span> <span class='ocrx_word' id='word_1_378' title='bbox 344 3857 412 3901; x_wconf 74' lang='lat' dir='ltr'><strong>metu</strong></span> <span class='ocrx_word' id='word_1_379' title='bbox 433 3851 593 3919; x_wconf 79' lang='lat' dir='ltr'><strong>obtorpuisse</strong></span> <span class='ocrx_word' id='word_1_380' title='bbox 612 3861 687 3904; x_wconf 84' lang='lat' dir='ltr'><strong>et-</strong></span> <span class='ocrx_word' id='word_1_381' title='bbox 700 3851 806 3920; x_wconf 80' lang='lat' dir='ltr'><strong>fiducia</strong></span> <span class='ocrx_word' id='word_1_382' title='bbox 825 3867 867 3902; x_wconf 87' lang='lat' dir='ltr'><strong>eos</strong></span> <span class='ocrx_word' id='word_1_383' title='bbox 937 3855 958 3916; x_wconf 75' lang='lat'><strong>§-</strong></span> <span class='ocrx_word' id='word_1_384' title='bbox 969 3855 993 3900; x_wconf 84' lang='lat'><strong>4.</strong></span> <span class='ocrx_word' id='word_1_385' title='bbox 1012 3850 1080 3902; x_wconf 82' lang='lat' dir='ltr'><strong>iuter</strong></span> <span class='ocrx_word' id='word_1_386' title='bbox 1095 3853 1406 3920; x_wconf 69' lang='lat' dir='ltr'><strong>estosessecoynosseut]</strong></span> <span class='ocrx_word' id='word_1_387' title='bbox 1425 3852 1509 3921; x_wconf 63' lang='lat' dir='ltr'><strong>vulgo</strong></span> 
     </span>
     <span class='ocr_line' id='line_1_40' title="bbox 270 3915 1508 3989; baseline 0.001 -21"><span class='ocrx_word' id='word_1_388' title='bbox 270 3917 431 3968; x_wconf 72' lang='lat' dir='ltr'><strong>conterruit?</strong></span> <span class='ocrx_word' id='word_1_389' title='bbox 458 3935 491 3970; x_wconf 90' lang='lat' dir='ltr'><strong>nc</strong></span> <span class='ocrx_word' id='word_1_390' title='bbox 509 3918 594 3971; x_wconf 80' lang='lat' dir='ltr'><strong>dicam</strong></span> <span class='ocrx_word' id='word_1_391' title='bbox 614 3919 762 3989; x_wconf 83' lang='lat' dir='ltr'><strong>elegantem</strong></span> <span class='ocrx_word' id='word_1_392' title='bbox 779 3925 867 3972; x_wconf 87' lang='lat' dir='ltr'><strong>orato-</strong></span> <span class='ocrx_word' id='word_1_393' title='bbox 901 3926 1014 3984; x_wconf 78' lang='lat' dir='ltr'><strong>nossent,</strong></span> <span class='ocrx_word' id='word_1_394' title='bbox 1033 3933 1062 3968; x_wconf 83' lang='lat' dir='ltr'><strong>re</strong></span> <span class='ocrx_word' id='word_1_395' title='bbox 1098 3915 1193 3970; x_wconf 90' lang='lat' dir='ltr'><strong>hocin</strong></span> <span class='ocrx_word' id='word_1_396' title='bbox 1206 3915 1278 3969; x_wconf 92' lang='lat' dir='ltr'><strong>nullo</strong></span> <span class='ocrx_word' id='word_1_397' title='bbox 1291 3915 1366 3970; x_wconf 84' lang='lat' dir='ltr'><strong>libro</strong></span> <span class='ocrx_word' id='word_1_398' title='bbox 1377 3929 1508 3974; x_wconf 62' lang='lat' dir='ltr'><strong>matoes:</strong></span> 
     </span>
     <span class='ocr_line' id='line_1_41' title="bbox 269 3981 1506 4056; baseline 0.002 -22"><span class='ocrx_word' id='word_1_399' title='bbox 269 3998 332 4036; x_wconf 83' lang='lat' dir='ltr'><strong>reus.</strong></span> <span class='ocrx_word' id='word_1_400' title='bbox 369 3983 423 4036; x_wconf 85' lang='lat' dir='ltr'><strong>Sed</strong></span> <span class='ocrx_word' id='word_1_401' title='bbox 440 3985 468 4036; x_wconf 91' lang='lat' dir='ltr'><strong>in</strong></span> <span class='ocrx_word' id='word_1_402' title='bbox 485 3985 636 4056; x_wconf 81' lang='lat' dir='ltr'><strong>vulgaribus</strong></span> <span class='ocrx_word' id='word_1_403' title='bbox 655 4004 725 4040; x_wconf 91' lang='lat' dir='ltr'><strong>nunc</strong></span> <span class='ocrx_word' id='word_1_404' title='bbox 742 3985 867 4040; x_wconf 87' lang='lat' dir='ltr'><strong>editioni·</strong></span> <span class='ocrx_word' id='word_1_405' title='bbox 901 3992 932 4038; x_wconf 90' lang='lat' dir='ltr'><strong>ut</strong></span> <span class='ocrx_word' id='word_1_406' title='bbox 955 4002 1001 4038; x_wconf 89' lang='lat' dir='ltr'><strong>nos</strong></span> <span class='ocrx_word' id='word_1_407' title='bbox 1025 3983 1153 4038; x_wconf 85' lang='lat' dir='ltr'><strong>edidimus</strong></span> <span class='ocrx_word' id='word_1_408' title='bbox 1170 3981 1241 4037; x_wconf 85' lang='lat' dir='ltr'><strong>Flor.</strong></span> <span class='ocrx_word' id='word_1_409' title='bbox 1255 3986 1281 4036; x_wconf 82' lang='lat' dir='ltr'>A</span> <span class='ocrx_word' id='word_1_410' title='bbox 1303 3983 1385 4040; x_wconf 85' lang='lat' dir='ltr'><strong>Leid.</strong></span> <span class='ocrx_word' id='word_1_411' title='bbox 1404 3988 1506 4043; x_wconf 68' lang='lat' dir='ltr'><strong>Voss]</strong></span> 
     </span>
     <span class='ocr_line' id='line_1_42' title="bbox 269 4051 1492 4124; baseline 0.004 -21"><span class='ocrx_word' id='word_1_412' title='bbox 269 4053 318 4104; x_wconf 90' lang='lat' dir='ltr'><strong>bus</strong></span> <span class='ocrx_word' id='word_1_413' title='bbox 335 4051 416 4121; x_wconf 81' lang='lat' dir='ltr'><strong>paulo</strong></span> <span class='ocrx_word' id='word_1_414' title='bbox 432 4052 551 4122; x_wconf 85' lang='lat' dir='ltr'><strong>longiore</strong></span> <span class='ocrx_word' id='word_1_415' title='bbox 569 4055 751 4124; x_wconf 88' lang='lat' dir='ltr'><strong>supplemento</strong></span> <span class='ocrx_word' id='word_1_416' title='bbox 767 4055 812 4108; x_wconf 82' lang='lat' dir='ltr'><strong>ills</strong></span> <span class='ocrx_word' id='word_1_417' title='bbox 829 4054 867 4107; x_wconf 84' lang='lat' dir='ltr'><strong>la·</strong></span> <span class='ocrx_word' id='word_1_418' title='bbox 901 4053 981 4106; x_wconf 90' lang='lat' dir='ltr'><strong>Bern.</strong></span> <span class='ocrx_word' id='word_1_419' title='bbox 991 4055 1017 4104; x_wconf 84' lang='lat' dir='ltr'>A</span> <span class='ocrx_word' id='word_1_420' title='bbox 1035 4052 1171 4118; x_wconf 85' lang='lat' dir='ltr'><strong>exhibent,</strong></span> <span class='ocrx_word' id='word_1_421' title='bbox 1190 4056 1272 4105; x_wconf 77' lang='lat' dir='ltr'><strong>ceter-i</strong></span> <span class='ocrx_word' id='word_1_422' title='bbox 1290 4069 1492 4122; x_wconf 62' lang='lat' dir='ltr'><strong>cognoscerer.</strong></span> 
     </span>
     <span class='ocr_line' id='line_1_43' title="bbox 270 4119 1509 4204; baseline 0.006 -32"><span class='ocrx_word' id='word_1_423' title='bbox 270 4137 337 4173; x_wconf 89' lang='lat' dir='ltr'><strong>cuns</strong></span> <span class='ocrx_word' id='word_1_424' title='bbox 359 4119 479 4190; x_wconf 86' lang='lat' dir='ltr'><strong>expletur</strong></span> <span class='ocrx_word' id='word_1_425' title='bbox 501 4122 566 4174; x_wconf 90' lang='lat' dir='ltr'><strong>hoc:</strong></span> <span class='ocrx_word' id='word_1_426' title='bbox 594 4133 617 4175; x_wconf 83' lang='lat' dir='ltr'><strong>et</strong></span> <span class='ocrx_word' id='word_1_427' title='bbox 635 4127 747 4178; x_wconf 81' lang='lat' dir='ltr'><strong>eumad</strong></span> <span class='ocrx_word' id='word_1_428' title='bbox 766 4125 867 4204; x_wconf 76' lang='lat' dir='ltr'><strong>suppli·</strong></span> <span class='ocrx_word' id='word_1_429' title='bbox 936 4133 960 4175; x_wconf 83' lang='lat' dir='ltr'><strong>et</strong></span> <span class='ocrx_word' id='word_1_430' title='bbox 972 4121 1029 4190; x_wconf 80' lang='lat' dir='ltr'><strong>pie]</strong></span> <span class='ocrx_word' id='word_1_431' title='bbox 1065 4120 1155 4190; x_wconf 85' lang='lat' dir='ltr'><strong>Vulgo</strong></span> <span class='ocrx_word' id='word_1_432' title='bbox 1173 4137 1205 4172; x_wconf 85' lang='lat' dir='ltr'><strong>uc</strong></span> <span class='ocrx_word' id='word_1_433' title='bbox 1224 4122 1284 4198; x_wconf 74' lang='lat' dir='ltr'><strong>pie,</strong></span> <span class='ocrx_word' id='word_1_434' title='bbox 1308 4122 1359 4174; x_wconf 86' lang='lat' dir='ltr'><strong>sed</strong></span> <span class='ocrx_word' id='word_1_435' title='bbox 1378 4135 1405 4177; x_wconf 81' lang='grc' dir='ltr'><strong>σν</strong></span> <span class='ocrx_word' id='word_1_436' title='bbox 1423 4143 1509 4179; x_wconf 59' lang='lat' dir='ltr'><strong>omne&lt;</strong></span> 
     </span>
     <span class='ocr_line' id='line_1_44' title="bbox 270 4187 1509 4261; baseline 0.002 -20"><span class='ocrx_word' id='word_1_437' title='bbox 270 4191 337 4241; x_wconf 82' lang='lat' dir='ltr'><strong>cium</strong></span> <span class='ocrx_word' id='word_1_438' title='bbox 356 4190 451 4241; x_wconf 78' lang='lat' dir='ltr'><strong>uideret</strong></span> <span class='ocrx_word' id='word_1_439' title='bbox 472 4191 544 4243; x_wconf 82' lang='lat' dir='ltr'><strong>trabi</strong></span> <span class='ocrx_word' id='word_1_440' title='bbox 560 4192 625 4242; x_wconf 76' lang='lat' dir='ltr'><strong>uiuit</strong></span> <span class='ocrx_word' id='word_1_441' title='bbox 642 4209 720 4246; x_wconf 84' lang='lat' dir='ltr'><strong>ausos</strong></span> <span class='ocrx_word' id='word_1_442' title='bbox 741 4209 867 4261; x_wconf 61' lang='lat' dir='ltr'><strong>cremore</strong></span> <span class='ocrx_word' id='word_1_443' title='bbox 901 4187 960 4244; x_wconf 90' lang='lat' dir='ltr'><strong>libri</strong></span> <span class='ocrx_word' id='word_1_444' title='bbox 978 4205 1038 4241; x_wconf 89' lang='lat' dir='ltr'><strong>mss.</strong></span> <span class='ocrx_word' id='word_1_445' title='bbox 1073 4187 1170 4242; x_wconf 88' lang='lat' dir='ltr'><strong>Sensus</strong></span> <span class='ocrx_word' id='word_1_446' title='bbox 1188 4187 1240 4241; x_wconf 83' lang='lat' dir='ltr'><strong>loci</strong></span> <span class='ocrx_word' id='word_1_447' title='bbox 1258 4188 1301 4241; x_wconf 90' lang='lat' dir='ltr'><strong>luc</strong></span> <span class='ocrx_word' id='word_1_448' title='bbox 1318 4197 1378 4244; x_wconf 89' lang='lat' dir='ltr'><strong>est:</strong></span> <span class='ocrx_word' id='word_1_449' title='bbox 1399 4203 1432 4246; x_wconf 81' lang='lat' dir='ltr'><strong>ut</strong></span> <span class='ocrx_word' id='word_1_450' title='bbox 1451 4193 1509 4247; x_wconf 83' lang='lat' dir='ltr'><strong>nihl</strong></span> 
     </span>
     <span class='ocr_line' id='line_1_45' title="bbox 269 4257 1509 4336; baseline 0.006 -27"><span class='ocrx_word' id='word_1_451' title='bbox 269 4275 347 4327; x_wconf 81' lang='lat' dir='ltr'><strong>quum</strong></span> <span class='ocrx_word' id='word_1_452' title='bbox 365 4267 470 4323; x_wconf 82' lang='lat' dir='ltr'><strong>ceteros,</strong></span> <span class='ocrx_word' id='word_1_453' title='bbox 489 4267 562 4324; x_wconf 86' lang='lat' dir='ltr'><strong>„tam</strong></span> <span class='ocrx_word' id='word_1_454' title='bbox 574 4261 684 4327; x_wconf 80' lang='lat' dir='ltr'><strong>effusum</strong></span> <span class='ocrx_word' id='word_1_455' title='bbox 697 4269 774 4313; x_wconf 82' lang='lat' dir='ltr'><strong>aulea</strong></span> <span class='ocrx_word' id='word_1_456' title='bbox 788 4263 867 4314; x_wconf 80' lang='lat' dir='ltr'><strong>liceu-</strong></span> <span class='ocrx_word' id='word_1_457' title='bbox 901 4257 1032 4327; x_wconf 89' lang='lat' dir='ltr'><strong>reliquum</strong></span> <span class='ocrx_word' id='word_1_458' title='bbox 1050 4257 1170 4322; x_wconf 79' lang='lat' dir='ltr'><strong>fecerint,</strong></span> <span class='ocrx_word' id='word_1_459' title='bbox 1188 4257 1261 4326; x_wconf 85' lang='lat' dir='ltr'><strong>quod</strong></span> <span class='ocrx_word' id='word_1_460' title='bbox 1268 4257 1358 4336; x_wconf 80' lang='lat' dir='ltr'><strong>quivis</strong></span> <span class='ocrx_word' id='word_1_461' title='bbox 1369 4265 1509 4316; x_wconf 61' lang='lat' dir='ltr'><strong>uuusobr*</strong></span> 
     </span>
     <span class='ocr_line' id='line_1_46' title="bbox 269 4325 1509 4397; baseline 0.003 -19"><span class='ocrx_word' id='word_1_462' title='bbox 269 4327 341 4392; x_wconf 79' lang='lat' dir='ltr'><strong>tiam,</strong></span> <span class='ocrx_word' id='word_1_463' title='bbox 356 4335 432 4393; x_wconf 83' lang='lat' dir='ltr'><strong>atque</strong></span> <span class='ocrx_word' id='word_1_464' title='bbox 446 4328 594 4380; x_wconf 81' lang='lat' dir='ltr'><strong>seditiosam</strong></span> <span class='ocrx_word' id='word_1_465' title='bbox 603 4328 867 4382; x_wconf 76' lang='lat' dir='ltr'><strong>militumur&#39;olentium</strong></span> <span class='ocrx_word' id='word_1_466' title='bbox 901 4326 1015 4380; x_wconf 80' lang='lat' dir='ltr'><strong>dientiua</strong></span> <span class='ocrx_word' id='word_1_467' title='bbox 1033 4325 1118 4379; x_wconf 79' lang='lat' dir='ltr'><strong>faeere</strong></span> <span class='ocrx_word' id='word_1_468' title='bbox 1135 4333 1235 4397; x_wconf 85' lang='lat' dir='ltr'><strong>posset;</strong></span> <span class='ocrx_word' id='word_1_469' title='bbox 1262 4342 1320 4378; x_wconf 84' lang='lat' dir='ltr'><strong>sive</strong></span> <span class='ocrx_word' id='word_1_470' title='bbox 1336 4325 1468 4384; x_wconf 79' lang='lat' dir='ltr'><strong>brevius:</strong></span> <span class='ocrx_word' id='word_1_471' title='bbox 1485 4341 1509 4381; x_wconf 78' lang='lat' dir='ltr'><strong>ut</strong></span> 
     </span>
     <span class='ocr_line' id='line_1_47' title="bbox 268 4392 1509 4469; baseline 0.002 -22"><span class='ocrx_word' id='word_1_472' title='bbox 268 4397 507 4462; x_wconf 78' lang='lat' dir='ltr'><strong>imcompressam,</strong></span> <span class='ocrx_word' id='word_1_473' title='bbox 526 4405 621 4448; x_wconf 85' lang='lat' dir='ltr'><strong>utnon</strong></span> <span class='ocrx_word' id='word_1_474' title='bbox 639 4399 713 4450; x_wconf 88' lang='lat' dir='ltr'><strong>modo</strong></span> <span class='ocrx_word' id='word_1_475' title='bbox 730 4399 817 4450; x_wconf 81' lang='lat' dir='ltr'><strong>nullus</strong></span> <span class='ocrx_word' id='word_1_476' title='bbox 836 4414 867 4449; x_wconf 82' lang='lat' dir='ltr'><strong>eu</strong></span> <span class='ocrx_word' id='word_1_477' title='bbox 900 4411 1010 4465; x_wconf 89' lang='lat' dir='ltr'><strong>prorsus</strong></span> <span class='ocrx_word' id='word_1_478' title='bbox 1045 4411 1121 4449; x_wconf 90' lang='lat' dir='ltr'><strong>nemo</strong></span> <span class='ocrx_word' id='word_1_479' title='bbox 1155 4392 1323 4448; x_wconf 83' lang='lat' dir='ltr'><strong>obedientius</strong></span> <span class='ocrx_word' id='word_1_480' title='bbox 1355 4413 1388 4449; x_wconf 86' lang='lat' dir='ltr'><strong>se</strong></span> <span class='ocrx_word' id='word_1_481' title='bbox 1421 4417 1509 4469; x_wconf 60' lang='lat' dir='ltr'><strong>geren*</strong></span> 
     </span>
     <span class='ocr_line' id='line_1_48' title="bbox 268 4462 1025 4535; baseline 0 -19"><span class='ocrx_word' id='word_1_482' title='bbox 268 4464 385 4517; x_wconf 81' lang='lat' dir='ltr'><strong>omnibus</strong></span> <span class='ocrx_word' id='word_1_483' title='bbox 403 4465 515 4518; x_wconf 79' lang='lat' dir='ltr'><strong>irruenti</strong></span> <span class='ocrx_word' id='word_1_484' title='bbox 538 4465 595 4533; x_wconf 72' lang='lat' dir='ltr'><strong>reqi</strong></span> <span class='ocrx_word' id='word_1_485' title='bbox 616 4465 753 4532; x_wconf 67' lang='lat' dir='ltr'><strong>restiterit,</strong></span> <span class='ocrx_word' id='word_1_486' title='bbox 780 4482 867 4519; x_wconf 77' lang='lat' dir='ltr'><strong>uerum</strong></span> <span class='ocrx_word' id='word_1_487' title='bbox 900 4462 1025 4535; x_wconf 87' lang='lat' dir='ltr'><strong>potuerit.</strong></span> 
     </span>
    </p>
   </div>
   <div class='ocr_carea' id='block_1_5' title="bbox 0 0 1584 5285">
    <p class='ocr_par' dir='ltr' id='par_1_8' title="bbox 0 0 1584 5285">
     <span class='ocr_line' id='line_1_49' title="bbox 0 0 1584 5285; baseline 0 0"><span class='ocrx_word' id='word_1_488' title='bbox 0 0 1584 5285; x_wconf 95' lang='lat' dir='ltr'><strong> </strong></span> 
     </span>
    </p>
   </div>
  </div>
 </body>
</html>
