3214 5288
245 401 292 472 48
713 417 746 480 o.
775 416 900 468 cuarn
923 416 1009 466 aurr

242 603 405 700 captivae
431 610 546 674 mater
561 599 787 696 coniunxque
802 599 928 672 Darei:
954 599 1015 670 illa
1040 623 1114 670 non
1140 597 1326 670 maiestate
1353 596 1481 686 solum,

242 711 308 786 sed
334 713 441 785 ctiam
467 721 586 784 aetate
611 709 837 799 venerabilis,
863 709 952 782 haec
972 709 1108 781 formae
1135 704 1407 805 pulchritudine,
1433 731 1481 778 ne

240 824 301 896 illa
326 821 469 920 quidem
504 831 601 894 sorte
633 829 831 917 corruptae.
897 817 1097 917 Receperat
1126 819 1172 890 in
1211 817 1329 890 sinum
1366 817 1481 889 filium

240 931 401 1005 nondum
427 942 572 1006 sextum
597 957 731 1004 annum
757 930 884 1004 aetatis
911 953 1112 1028 egressum,
1151 929 1189 1001 in
1222 953 1324 1026 spem
1355 938 1479 1002 tantae

239 1043 414 1134 fortunae,
442 1052 613 1140 quantam
637 1052 741 1141 pater
767 1043 843 1117 eius
868 1043 975 1140 paulo
1002 1040 1281 1128 ante'amiserat,
1307 1038 1478 1137 genitum.

238 1154 291 1226 At
316 1155 354 1227 in
385 1154 520 1252 gremio
554 1178 643 1227 anus
678 1155 780 1228 aviae
810 1154 977 1226 iacebant
1008 1150 1152 1224 adultae
1185 1147 1277 1222 duae
1309 1148 1477 1246 virgines,
1496 1172 1531 1222 25

238 1289 313 1338 non
339 1290 405 1338 suo
431 1273 582 1354 tanturn,
609 1263 674 1337 sed
701 1264 809 1337 etiarn
834 1265 927 1336 illius
945 1285 1107 1336 maerore
1123 1260 1317 1335 confectae.
1345 1258 1478 1356 Ingens

238 1376 331 1461 circa
358 1400 437 1448 earn
462 1375 634 1447 nobilium
659 1373 872 1448 feminarum
903 1373 1011 1447 turba
1046 1371 1272 1462 constiterat,
1312 1369 1478 1443 laceratis

237 1485 410 1575 crinibus,
437 1487 646 1583 abscisaque
672 1494 790 1576 veste,
823 1485 963 1583 pristini
989 1482 1126 1556 decoris
1153 1482 1396 1570 immemores,
1423 1504 1478 1552 re·

237 1597 339 1694 ginas
367 1595 619 1693 dominasque,
658 1598 753 1670 veris
780 1594 976 1693 quondam,
1011 1603 1099 1666 tuno
1124 1591 1247 1665 alienis
1273 1589 1477 1664 nominibus

236 1707 455 1780 invocantes.
508 1705 613 1798 lllae,
649 1731 735 1779 suae
762 1705 972 1778 calamitatis
998 1703 1148 1793 oblitae,
1188 1703 1226 1774 in
1251 1711 1335 1775 utro
1362 1725 1477 1774 cornu
1494 1726 1527 1776 ee

236 1805 377 1891 Dareus
392 1819 560 1910 stetisset,
580 1843 672 1915 quae
691 1819 836 1891 fortuna
857 1814 1066 1888 discriminis
1086 1814 1221 1903 fuisset,
1235 1812 1475 1909 requirebant.

235 1928 428 2027 Negabant
453 1954 492 2002 se
519 1940 653 2027 captas,
679 1929 710 2001 si
735 1927 875 2002 viveret
900 1950 976 2000 rex.
1030 1921 1103 1998 Sed
1127 1923 1227 1996 illum
1253 1945 1364 2019 equos
1392 1921 1475 1993 sub·

234 2039 318 2113 inde
344 2049 545 2113 mutantem
570 2040 710 2138 longius
736 2040 822 2137 firga
848 2037 1055 2111 abstulerat.
1118 2137 1119 2140 Ἴ

337 2149 380 2220 In
406 2149 481 2220 acie
507 2159 628 2222 autem
654 2173 759 2222 caesa
790 2159 875 2222 sunt
905 2147 1096 2221 Persarum
1127 2142 1289 2242 peditum
1324 2152 1469 2216 centum
1487 2169 1520 2217 ar

234 2258 340 2347 milia,
368 2256 492 2329 decem
519 2260 687 2354 equitum.
750 2257 802 2330 At
827 2284 850 2330 a
874 2268 977 2356 parte
1003 2253 1202 2330 Alexandri
1229 2263 1400 2351 quattuor
1436 2265 1475 2326 et

234 2367 418 2465 quingenti
440 2361 554 2439 'saucii
579 2370 688 2459 fuere,
717 2393 764 2442 ex
790 2367 969 2464 peditibus
991 2368 1138 2464 triginta
1163 2365 1307 2438 omnino
1335 2373 1372 2436 et
1398 2363 1472 2437 duo

234 2475 425 2550 desiderati
464 2487 564 2569 sunt,
613 2478 772 2576 equitum
811 2487 955 2551 centurn
994 2477 1251 2574 quinquaginta
1283 2475 1472 2549 interfecti.

233 2587 388 2660 Tantulo
413 2587 594 2686 impendio
620 2589 746 2687 ingens
772 2588 921 2669 victoria
948 2588 1057 2660 stetit.

232 2728 311 2781 kenb.
338 2727 454 2782 adhaec
478 2727 548 2782 Livii
564 2731 833 2798 11,23,811’1111-
868 2728 932 2782 item
949 2731 1034 2782 scisso
1051 2730 1143 2796 vestis,
1171 2729 1217 2782 red
1239 2729 1384 2784 abscissum
1402 2747 1473 2803 nego

232 2797 352 2850 monibus
378 2806 430 2850 totu
457 2799 485 2850 in
508 2815 536 2850 se
553 2808 682 2852 averterat
699 2807 788 2852 costra
806 2804 834 2850 et
867 2797 1033 2850 crateribus
1051 2795 1151 2850 dietum
1168 2813 1232 2862 1111,
1251 2802 1474 2871 proptereaquod

232 2865 267 2918 ad
283 2872 429 2932 111111ρῑ
455 2883 487 2919 ne
505 2867 592 2921 Aetoli
607 2869 698 2938 partis
720 2867 833 2919 clicerius
868 2882 922 2918 non
940 2863 1057 2934 dignosci
1110 2872 1162 2919 sset
1180 2865 1214 2918 ab
1228 2881 1260 2919 eo
1278 2867 1349 2946 quod
1366 2875 1408 2920 est
1425 2871 1475 2922 ob·

232 2935 715 2989 111111111111111111111111111111.
733 2933 834 2988 Noster
868 2934 981 2999 scisura,
1009 2940 1037 2985 et
1063 2933 1123 2986 bri
1148 2951 1209 2986 mss.
1227 2933 1347 2988 mehores
1374 2936 1473 3008 ubique

232 3005 650 3124 v,16,28in{apomuvcrtit,
674 3011 754 3074 atque
771 3001 833 3056 scri·
868 3001 977 3071 simplici
994 2999 1071 3054 litera
1093 3009 1213 3054 utuntur.
1249 3001 1340 3056 Unum
1366 3011 1473 3058 tautum

231 3069 329 3141 psimus
347 3070 384 3124 sic
401 3087 417 3124 1
444 3071 506 3125 ibris
524 3085 552 3138 ν,
571 3079 614 3140 31,
635 3079 675 3126 14.
868 3070 940 3138 apud
958 3069 1081 3123 Curtium
1098 3069 1182 3123 locum
1200 3069 1261 3123 novi
1280 3070 1325 3124 lib.
1338 3085 1368 3138 X,
1387 3089 1409 3126 c.
1430 3079 1472 3142 17,

265 3149 410 3207 corruptae.
428 3141 589 3220 Receperat]
607 3141 758 3194 Obseoutus
776 3155 834 3192 sum
867 3137 913 3191 ubi
931 3139 1050 3191 abscissa
1069 3145 1134 3190 11111·
1160 3137 1240 3191 etiam
1266 3137 1295 3191 in
1320 3139 1473 3195 melioribus

232 3204 391 3258 certissimae
417 3208 492 3259 codd.
520 3224 635 3260 ommam
667 3206 833 3261 auctoritati:
867 3205 964 3260 nostris
981 3205 1035 3276 legi
1051 3204 1165 3273 ridetur,
1185 3206 1473 3277 quandoquidemnihil

231 3273 312 3341 vulgo
330 3283 461 3340 canapeo.
480 3276 631 3343 Acceperat.
650 3274 704 3328 Sed
721 3291 767 3326 aec
785 3276 833 3325 illa
867 3272 1004 3327 varietatis
1022 3281 1157 3327 enotatum
1175 3282 1223 3326 111.
1243 3274 1284 3328 cs.
1301 3275 1336 3327 ad
1354 3291 1408 3345 vn,
1427 3285 1471 3332 41.

232 3341 831 3410 1111111111111111111111111,11111111
866 3355 931 3407 vm,
952 3349 980 3394 11
1001 3349 1069 3395 extr.

232 3414 260 3460 et
286 3405 402 3460 Flor.G
428 3407 529 3461 correxi
555 3415 586 3461 ut
612 3427 644 3462 ne
670 3441 705 3450 —
730 3411 833 3477 quidem
902 3411 930 3461 in
947 3420 1006 3464 utro
1024 3410 1116 3481 corna]
1135 3408 1361 3482 Praepositionem
1380 3429 1473 3469 omues

232 3473 379 3528 scriberem.
397 3474 492 3556 Neque
501 3475 570 3528 enim
580 3477 687 3548 copulae
704 3476 748 3530 hic
765 3476 833 3529 ullus
868 3477 928 3531 libri
944 3477 1028 3531 nostri
1046 3495 1105 3530 msa
1124 3485 1152 3530 11
1169 3478 1209 3531 od.
1227 3497 1267 3550 pr.
1285 3488 1403 3534 tuentur.
1422 3483 1473 3535 Al·

231 3542 362 3609 locuscst,
381 3543 404 3596 si
420 3551 511 3615 utrque
529 3561 589 3598 eum
606 3561 693 3598 casum
711 3545 831 3616 excipere
866 3546 915 3598 dus
933 3554 961 3598 et
978 3545 1072 3616 reliqui
1093 3545 1207 3599 editores
1225 3547 1377 3602 omiserunt.
1414 3549 1472 3604 Sed

231 3609 305 3678 velis,
323 3627 402 3681 quem
419 3629 473 3666 nou
490 3612 599 3684 excipio.
617 3614 687 3668 Vide
704 3615 787 3679 adv1,
797 3620 829 3666 31
865 3613 937 3733 glor.
956 3612 1012 3666 EF
1030 3631 1089 3668 oum
1107 3615 1147 3667 cd.
1166 3631 1206 3684 pr.
1225 3617 1254 3668 in
1271 3626 1378 3686 utroque
1395 3634 1473 3671 men-

232 3686 260 3730 et
277 3694 307 3746 x,
328 3685 368 3733 11.
885 3697 937 3735 ose.

266 3756 366 3802 sextum
383 3766 481 3804 uanam
504 3752 598 3805 aetatis
623 3782 659 3792 —
679 3751 831 3820 peteretne
901 3753 923 3818 ξ.
942 3755 983 3803 2⁷.
1020 3751 1104 3803 decem
1122 3767 1135 3803 e
1154 3753 1250 3872 aitunqp
1285 3751 1362 3806 Haec
1384 3761 1413 3807 11
1431 3771 1472 3809 11-

227 3817 310 3885 paulo
328 3821 398 3885 cate]
434 3819 485 3872 Hic
502 3821 641 3873 verborum
659 3821 732 3886 ordo,
754 3835 833 3889 quem
867 3817 976 3888 quentia
998 3817 1065 3870 sicut
1090 3818 1118 3870 in
1135 3769 1206 3874 1111.
1256 3819 1327 3873 Β11
1344 3821 1425 3874 Β111.
1445 3825 1473 3876 Α

231 3883 832 3954 111111111111111111111111111111111
867 3886 1039 3965 legebantur,
1066 3885 1105 3938 ite
1126 3886 1230 3940 restitui
1248 3889 1425 3942 concordante
1443 3891 1470 3942 in

231 3959 260 4004 et
272 3956 355 4019 paulo
374 3964 433 4006 ante
445 3965 525 4022 pater
542 3958 598 4008 eius
616 3956 785 4020 exhibeant),
804 3953 832 4006 in
866 3969 954 4024 pnore
971 3961 1047 4032 purte
1065 3953 1180 4007 editione
1193 3955 1326 4008 Modiana
1345 3955 1472 4012 Deterio-

232 4019 352 4073 omnrbas
369 4021 442 4074 libris
459 4041 518 4076 mss.
537 4031 589 4090 est;
617 4025 663 4076 sed
685 4039 733 4093 pro
755 4029 831 4075 sexto
865 4037 907 4074 111
925 4020 993 4087 libn,
1012 4022 1106 4092 quibus
1134 4022 1193 4074 rimi
1207 4022 1321 4076 editores
1339 4025 1380 4077 usi
1398 4034 1470 4094 sunt,

231 4086 302 4140 Flor.
321 4088 349 4140 H
365 4103 430 4156 vm,
457 4089 536 4143 Bern.
554 4091 578 4143 B
598 4101 713 4144 octavum
733 4106 831 4142 anuum
866 4093 952 4142 decem
978 4107 1037 4143 vero
1068 4039 1153 4143 millia
1179 4093 1314 4161 interjecta
1348 4095 1470 4162 equitum.

231 4155 338 4208 hebent.
357 4155 423 4210 Post
432 4161 603 4212 mssodaltue
622 4162 688 4212 dirue
705 4159 830 4227 cirpines,
867 4159 903 4210 At
921 4175 951 4210 er
964 4168 1044 4228 porte
1067 4189 1102 4199 —
1125 4159 1161 4210 tri
1180 4161 1235 4211 iata
1254 4161 1357 4214 omnino
1376 4172 1399 4214 et
1419 4165 1471 4215 diro

231 4221 296 4275 editi
314 4227 358 4277 ud.
377 4227 491 4294 virqiaes
509 4229 585 4280 duae.
866 4243 897 4277 ex
906 4227 1044 4306 peditibus
1061 4234 1112 4279 111.
1176 4227 1229 4280 uod
1247 4236 1288 4280 est
1306 4239 1429 4296 quattuor
1447 4240 1471 4282 et

266 4293 288 4357 ξ.
308 4297 349 4344 25.
368 4295 521 4362 abscisaque
539 4297 615 4362 veste]
643 4292 688 4346 Sic
704 4293 759 4346 anti
778 4292 831 4345 uis·
866 4295 1012 4375 qarnpenti,
1031 4293 1057 4345 in
1074 4293 1145 4346 Flor.
1164 4297 1189 4347 A
1207 4305 1235 4347 nt
1253 4307 1376 4364 quattuor
1394 4301 1472 4366 qain-

231 4357 289 4411 simi
316 4360 368 4413 duo
393 4359 464 4414 Flor.
487 4361 732 4415 etLeid.Voss.1
777 4377 832 4413 ern.
865 4372 936 4430 pente
955 4362 983 4414 in
1000 4361 1079 4414 Bem.
1097 4363 1123 4413 A
1141 4365 1179 4414 od
1196 4375 1317 4432 quattuor
1335 4367 1472 4434 quincenti
1516 4399 1521 4406 -

231 4427 266 4494 A,
285 4445 343 4480 curn
361 4429 440 4499 vulgo
458 4431 553 4482 edatur
570 4430 745 4498 abscissoque.
783 4430 832 4483 Ve·
866 4429 994 4500 scriptam
1011 4437 1081 4494 crat,
1111 4429 1157 4482 sed
1180 4433 1272 4483 eadem
1290 4447 1383 4486 manera
1400 4433 1472 4486 anti-

202 4519 204 4524 ·
231 4505 296 4549 stem
314 4499 431 4552 scindere
449 4507 477 4551 11
495 4499 647 4552 abscr'ndere
665 4507 766 4552 certum
783 4505 831 4562 est,
866 4515 918 4567 qua
935 4498 1016 4564 illum,
1035 4497 1168 4552 recentior
1185 4500 1255 4566 huno
1272 4498 1472 4555 itacmendavit
