3268 5286
226 319 298 390 336
694 338 728 401 o.
755 336 879 389 cunrn
903 337 988 390 num

223 521 342 594 omnin
366 527 596 619 optaverant,
631 545 712 594 cum
737 522 846 620 legati
873 517 1089 620 Scytharum
1115 544 1168 592 xx
1175 573 1184 609 ,
1216 541 1316 590 more
1342 513 1459 614 gentis

222 657 286 730 per
312 643 431 705 cestro
456 631 555 729 equis
581 631 685 722 vecti,
711 633 876 706 nuntiare
902 633 1026 705 iubent
1051 631 1137 728 regi,
1171 629 1262 702 velle
1288 629 1386 725 ipsos
1411 622 1459 696 ud

223 768 305 817 eum
330 742 502 817 mundate
526 744 692 841 perferre.
744 731 903 816 Admissi
937 743 973 815 in
1008 741 1277 814 tebemueulum
1301 737 1493 833 iussiquet

223 854 407 928 considere
443 855 480 927 in
521 855 624 928 vultu
663 855 758 952 regis
797 853 998 928 defixerunt
1035 853 1173 942 oculos3
1222 849 1330 924 oredo
1368 847 1457 946 quis,

222 964 467 1064 magnitudine
493 965 651 1063 corporis
678 965 835 1038 animum
860 963 1141 1054 aestimantibus
1173 960 1335 1036 modicus
1360 959 1458 1033 hebi·

223 1087 282 1150 tus
307 1074 583 1173 haudquaquam
609 1074 724 1148 famae
747 1101 812 1173 per
830 1074 1030 1150 videbatur.
1070 1071 1213 1173 Scythis
1233 1081 1355 1146 autem
1375 1094 1458 1160 non,
1478 1087 1514 1136 10

223 1197 265 1259 ut
290 1187 416 1260 ceteris
442 1185 615 1275 barbaris,
641 1185 739 1259 rudis
767 1197 804 1259 et
828 1184 1031 1259 inconditus
1058 1208 1185 1258 sensus
1213 1194 1286 1257 est:
1313 1178 1458 1280 quidum

224 1321 348 1371 eorum
374 1297 584 1394 sapientiem
610 1320 736 1396 capere
764 1295 940 1387 dicuntur,
967 1305 1278 1393 quantumcunque
1295 1317 1384 1393 gens
1403 1317 1458 1366 ce·

223 1408 278 1505 pit
302 1431 442 1505 semper
468 1417 616 1480 armatu
668 1403 795 1505 Sicque
821 1408 960 1480 locutos
994 1431 1072 1480 esse
1104 1405 1203 1506 apud
1233 1430 1356 1504 regem
1387 1428 1458 1476 me·
1480 1423 1514 1470 11

224 1634 297 1686 intro
314 1633 428 1687 ffldnom
445 1631 613 1686 menifestum
621 1640 670 1700 est,
689 1631 824 1686 insolitum
859 1632 1025 1704 antiquorum
1056 1671 1057 1674 η
1088 1631 1164 1688 codd.
1181 1639 1300 1686 veterum
1321 1630 1462 1686 lectionem

224 1709 315 1754 tumen
336 1701 441 1754 videtur
461 1709 489 1753 et
511 1700 566 1754 sine
582 1701 677 1755 idoneo
694 1717 769 1758 exem
790 1701 824 1755 lo.
894 1703 932 1768 ie,
955 1719 1005 1772 pro
1060 1708 1160 1772 spost
1178 1700 1275 1754 Aldrun
1299 1701 1404 1753 demum
1424 1699 1461 1751 ab

258 1771 380 1824 nuntiare
397 1771 484 1822 iubent
501 1772 565 1839 repi.
600 1769 645 1822 Sic
662 1769 750 1842 nostri
765 1719 825 1823 don·
873 1769 936 1824 unio
949 1769 991 1822 edi
1004 1779 1126 1840 coeptum
1139 1771 1265 1839 estquis,
1280 1768 1368 1824 nescio
1381 1783 1462 1838 quum

224 1855 285 1891 mss.
308 1855 397 1891 omnes
425 1836 494 1891 edidi
525 1855 558 1890 ue
584 1837 700 1892 Modius.
735 1837 825 1908 Vulgo
859 1839 894 1894 ob
912 1856 1028 1904 causum,
1051 1855 1112 1892 num
1129 1840 1205 1892 credo
1220 1840 1313 1909 quobus
1327 1837 1463 1892 videbatur

224 1908 356 1973 nuntiari,
374 1907 458 1977 quod,
481 1845 721 1986 uubnuenburgio
737 1905 825 1960 silenti
859 1906 981 1961 facillime
998 1905 1060 1960 coit.

224 1975 302 2028 fidem
319 1975 426 2041 habeas,
443 1974 471 2027 in
488 1973 670 2028 LeidVossl
689 1983 825 2028 inventum
894 1978 917 2044 §.
936 1983 977 2030 11.
1011 1977 1105 2045 Sicqne
1123 1977 1220 2029 locutos
1237 1976 1304 2045 esse]
1334 1972 1463 2028 Voluerut

225 2059 282 2097 esse
300 2059 413 2096 censens,
448 2041 502 2095 Sed
519 2059 582 2096 euve
603 2041 679 2095 sexu.
714 2042 826 2097 Solitum
859 2051 952 2097 auctor
968 2051 1028 2113 post
1049 2044 1100 2097 hoo
1120 2042 1198 2097 colon
1220 2042 1368 2098 cretionem
1388 2041 1462 2111 legs-

225 2111 329 2165 dioendi
354 2110 483 2164 rationem
508 2109 694 2165 illustravimus
720 2111 755 2164 ed
779 2125 824 2178 111,
859 2120 945 2165 torum
958 2109 1083 2182 incipere,
1094 2111 1371 2182 sedprsemittendem
1384 2117 1463 2180 pute-

227 2186 269 2245 19,
289 2187 302 2232 7
321 2186 350 2232 et
365 2193 410 2246 nr,
429 2185 471 2245 80,
492 2185 515 2233 7.
859 2179 900 2233 vit
917 2179 1129 2250 deprecationem
1146 2179 1249 2249 generis
1262 2178 1365 2233 dicendi
1381 2177 1463 2249 paulo

226 2249 284 2368 Pp.
295 2253 319 2366 91.
337 2247 369 2327 in
382 2249 452 2367 nuzo
465 2247 635 2367 reyistdefisp]
658 2244 827 2368 FlopiEFGI
860 2247 1047 2369 imfflimss'
1065 2249 1111 2300 sed
1128 2244 1463 2370 artificiotsepdgrp‘genium

278 2353 284 2366 .
1423 2331 1463 2366 ur·

226 2331 493 2435 udoniritin'iuerruddt’
507 2329 717 2450 ciodefiueffdnr.
744 2325 827 2437 Unireiif
861 2333 921 2436 ddin
937 2325 1348 2450 mididleediidetrridiudrutildneam‚
1371 2331 1464 2454 qu‘qum·

227 2467 278 2522 que
295 2448 397 2504 ratione
415 2449 502 2504 dicere
519 2449 590 2502 licet.
625 2452 665 2506 ef.
684 2451 718 2503 sd
735 2456 827 2518 1V‚88.
861 2469 939 2523 quum
960 2453 1070 2506 verbum
1091 2454 1229 2506 ablevent
1250 2470 1304 2506 non
1326 2452 1407 2505 hebet
1428 2451 1464 2504 sd

260 2521 377 2572 modicus
394 2519 497 2572 lobbiis
516 2521 611 2587 handu.
621 2522 715 2589 samoe
724 2521 827 2588 parui·
863 2521 934 2590 quod
953 2521 1111 2574 antecedens
1129 2519 1230 2575 directo
1246 2521 1392 2586 referatur,
1415 2520 1464 2573 sed

228 2587 344 2641 debatur.
386 2585 461 2639 Libri
482 2603 572 2640 omnes
597 2595 705 2657 praeter
729 2604 827 2657 paucos
862 2587 1023 2658 cogitatione
1044 2587 1207 2658 intelligetur
1228 2605 1262 2642 ex
1282 2606 1315 2642 eo
1333 2589 1405 2659 quod
1421 2595 1464 2641 est

227 2656 351 2709 mendose
359 2655 471 2726 scriptos
479 2657 595 2710 modicus
605 2659 662 2710 uni
666 2674 739 2708 mus.
749 2655 827 2720 Quod
861 2659 946 2710 sicet
964 2673 994 2710 su
1014 2657 1119 2728 plentur
1130 2673 1165 2710 ex
1182 2657 1379 2728 insequentibus
1396 2673 1464 2728 quae

227 2723 337 2776 verbum
358 2741 416 2776 cum
439 2721 577 2777 eiecisseut
593 2724 698 2778 Medius
715 2739 827 2795 eumque
861 2757 896 2766 -
908 2675 1099 2795 prnssremns.
1117 2725 1298 2797 lmen-uptam
1305 2724 1465 2778 sententium

228 2791 312 2846 secuti
329 2791 496 2858 recentiores,
515 2791 647 2846 sententis
659 2791 751 2846 extitit
768 2809 828 2863 per-
863 2793 937 2864 queri
954 2793 1033 2847 sarcit
1050 2795 1145 2864 lyitur.
1172 2792 1217 2846 Sic
1229 2795 1317 2847 omnis
1330 2802 1392 2864 spte
1400 2811 1464 2847 oon-

227 2877 311 2914 versu
346 2858 418 2924 Quid
444 2859 534 2913 enim?
560 2861 694 2915 unimusne
710 2861 827 2914 Alexan-
862 2869 962 2916 stmcts
978 2861 1043 2916 mihi
1059 2861 1164 2933 quidem
1180 2861 1318 2930 videntur,
1339 2861 1385 2916 sed
1403 2861 1463 2915 Mo-

227 2929 268 2982 dri
294 2927 400 2998 Scythis
431 2927 547 2983 modicus
577 2939 601 2983 et
630 2930 715 2983 famae
744 2928 828 3009 impar
863 2928 920 2983 dius
949 2929 1059 2985 orationi
1086 2931 1289 2984 succurrendum
1315 2939 1388 2983 ratus
1415 2931 1462 2984 olr-

227 2997 309 3051 videri
331 2997 456 3078 poterat?
483 2997 556 3051 cuius
577 3005 665 3052 totet
682 3006 758 3051 tento
776 3013 827 3050 rem
862 3001 993 3052 horrentia
1011 2997 1086 3051 dedit
1102 3016 1151 3068 pro
1172 2999 1322 3062 obhorrent,
1350 2997 1464 3052 fomsse

229 3073 416 3137 cognovissent
433 3066 601 3120 documento„
636 3066 707 3120 Num
724 3068 827 3120 unimus
881 3067 934 3120 uod
952 3067 980 3120 in
1030 3066 1088 3120 ucis
1105 3066 1238 3120 codicibus
1255 3066 1463 3136 (VosetBern.

228 3143 299 3188 certe
316 3151 347 3187 su
365 3133 475 3204 plendus
493 3134 555 3202 erit,
582 3133 730 3202 niciforus,
757 3133 828 3205 quod
862 3084 974 3188 dulor.
1048 3136 1225 3188 abhorrentem
1242 3134 1340 3189 esseei
1357 3135 1463 3189 innotu-

227 3201 318 3274 inepte
353 3209 434 3256 retum
451 3211 529 3266 esset,
552 3202 610 3273 ipse
627 3202 698 3273 regis
714 3219 829 3272 persone
862 3210 931 3267 erat,
952 3212 981 3256 et
1021 3202 1190 3256 reinshemius
1212 3205 1309 3257 ebusus
1331 3203 1463 3326 scripturn

228 3270 399 3340 intelligetur,
425 3287 475 3323 nec
496 3269 573 3323 facile
594 3269 622 3322 in
643 3269 828 3324 honoratione
861 3270 1005 3324 infidelium
1023 3270 1143 3325 codicum
1160 3271 1241 3326 Pati
1260 3271 1332 3327 Flor.
1349 3276 1374 3325 D
1399 3271 1464 3326 FGI

227 3337 376 3391 coniunctio
394 3347 417 3390 et
434 3335 521 3390 omitti
542 3346 640 3408 potest.
674 3337 769 3408 Itaque
786 3354 827 3390 re·
862 3341 939 3409 siquo
956 3357 1004 3409 pro
1021 3341 1109 3410 sicque
1132 3338 1169 3393 sic
1186 3339 1359 3394 ordinandum
1375 3340 1463 3410 perio-

228 3403 828 3544 tpltmttdtttttuttttffltttl
861 3406 1465 3546 ltffnpttttttlttttttttttttt

229 3541 377 3595 sententiae
408 3549 435 3593 et
465 3539 592 3595 orationis
619 3512 719 3595 formio
750 3541 828 3596 unice
853 3545 975 3613 forsitan
991 3546 1106 3598 moribus
1128 3546 1226 3598 nostris
1243 3574 1278 3584 -
1295 3515 1408 3612 ionicis,
1434 3553 1465 3598 ut

230 3609 383 3664 consulitur.
418 3609 575 3664 Hominibus
600 3608 646 3691 qui
663 3609 777 3664 snimum
794 3627 827 3663 ex
880 3613 944 3664 ussit
960 3614 1043 3666 oratio
1060 3629 1147 3666 eorum
1170 3615 1260 3682 specu
1276 3621 1328 3666 cet.
1361 3613 1464 3666 Verum

229 3695 260 3732 co
293 3677 345 3732 oris
362 3677 542 3758 magnitudine
565 3678 681 3733 iudicare
706 3678 828 3748 solerent,
856 3629 906 3733 iic
922 3678 1022 3751 ingenii
1040 3680 1112 3734 lunis
1134 3680 1241 3735 videtur
1262 3693 1327 3736 esse.
1361 3679 1404 3734 De
1421 3697 1465 3734 re·

229 3763 272 3799 mo
292 3746 346 3800 icus
362 3763 433 3818 regis
450 3745 555 3800 habitus
571 3765 665 3818 perum
682 3747 829 3802 consentire
862 3747 936 3818 liquo
957 3749 1072 3803 moribus
1095 3767 1149 3804 non
1169 3757 1211 3802 est
1232 3749 1281 3804 uisi
1304 3749 1332 3803 in
1349 3748 1427 3804 Voss.
1446 3757 1464 3804 2

229 3813 370 3867 videbatur
391 3833 451 3868 cum
471 3816 539 3869 lema
561 3833 649 3870 rerum
671 3816 705 3869 eb
728 3833 760 3870 eo
783 3831 829 3885 gc·
863 3816 943 3869 Bern.
960 3816 984 3869 Β
1002 3816 1075 3870 Flor.
1092 3817 1160 3884 ΕΗ,
1182 3817 1230 3871 reli
1250 3817 1278 3870 ui
1300 3818 1465 3888 moribusque

230 3890 339 3950 storum,
358 3900 410 3953 qun
423 3901 551 3936 summum
563 3901 620 3939 esse
632 3883 702 3938 illius
714 3884 829 3938 animum
863 3884 971 3951 habent,
989 3901 1043 3956 quo
1058 3884 1172 3940 lectione
1186 3835 1250 3956 quid
1263 3885 1357 3939 frosm
1365 3885 1465 3939 nescio.

230 3959 259 4004 et
275 3949 409 4021 ingenium
430 3951 583 4006 didicerunt
618 3957 718 4006 Vocem
740 3960 830 4006 sutem
864 3951 933 4004 Tum
951 3969 1000 4022 pro
1017 3952 1089 4024 vulg.
1107 3956 1206 4008 trudito
1223 3963 1342 4008 somnos
1356 3971 1465 4008 exmss.

230 4019 343 4072 hobitum
360 4019 483 4073 uCurtio
500 4020 584 4074 solere
599 4019 626 4073 in
642 4020 724 4074 hsof
765 4035 829 4073 uen—
862 4019 995 4140 plerisque
1012 4032 1073 4076 sunt
1089 4024 1189 4076 trudito
1202 4021 1331 4088 dedimus,
1349 4023 1466 4076 dumre·

229 4085 331 4140 tissime
347 4087 479 4140 sententie
494 4087 622 4154 adhiberi,
640 4087 752 4141 laudatis
776 4087 829 4142 ocis
874 4087 926 4159 'qui
944 4089 1019 4142 codd.
1038 4091 1151 4159 (Vocet
1165 4087 1278 4145 BeruB
1292 4089 1464 4156 Ftoncofl)

229 4162 315 4222 1v‚4‚
334 4161 375 4209 25.
401 4169 430 4222 V,
449 4161 524 4276 8ὲ13
548 4162 576 4208 et
597 4155 677 4225 paulo
699 4155 830 4226 posthoc
863 4173 917 4210 non
935 4153 986 4210 alio
1004 4157 1063 4210 loco
1080 4167 1182 4228 ponunt
1198 4168 1272 4226 sunt,
1294 4159 1341 4212 sed
1357 4173 1466 4279 prorsus

230 4221 288 4303 ipso
305 4239 361 4293 cup.
381 4225 444 4291 §.12
485 4223 647 4276 chmiederus
669 4224 759 4291 docet,
781 4224 829 4276 im·
864 4224 999 4278 omittunt.
1033 4224 1247 4305 Deniquequod
1264 4226 1345 4306 vulgo

230 4289 323 4414 primis
340 4290 471 4346 simillimo
488 4297 624 4358 V1‚10‚29
642 4293 756 4346 hobitum
773 4295 829 4346 uus
864 4295 874 4344 i
881 4296 920 4346 to!
939 4302 1049 4360 oculum,
1075 4294 1226 4348 sustuhmus
1244 4295 1282 4348 ita
1299 4235 1467 4374 runu‘ffid

248 4362 432 4430 undquoqnom
450 4377 536 4414 rerum
549 4363 646 4430 somne
658 4377 753 4429 parem
770 4379 831 4415 ocu-
864 4360 941 4417 Voss.
959 4361 1038 4416 Bem.
1055 4363 1083 4416 A
1099 4361 1254 4417 montisc
1273 4361 1390 4418 eliorum.

232 4427 460 4499 repercussam.
496 4427 622 4484 Ceterum
644 4427 748 4483 restitui
770 4429 830 4483 edd.
