3214 5288
246 418 301 466 xx
751 397 972 463 enarrarre.

246 599 322 671 iure
357 607 522 672 vetustae
557 597 792 696 possessionis
828 595 992 669 dubitare
1028 595 1165 692 coepit,
1207 594 1317 667 ‘venia
1352 591 1487 682 danda,

247 726 344 825 quod
383 727 460 800 aliis
500 724 667 800 subsidiis
710 723 903 798 destitutus
947 748 1079 798 novam
1123 721 1336 796 emendandi
1375 721 1487 812 viam,

248 880 356 953 quarn
381 855 529 928 feliciter
555 855 751 945 invenerat,
777 879 851 926 non
878 861 1021 927 secutus
1049 862 1104 926 est
1130 859 1344 926 constanter.
1390 845 1489 922 Nam

246 984 284 1056 in
310 983 378 1056 hac
403 984 604 1057 litterarum
635 991 738 1081 parte
770 1006 851 1053 cum
883 981 970 1054 nihil
1004 981 1096 1054 tanti
1129 981 1175 1053 sit
1210 1003 1317 1077 qnam
1349 979 1407 1052 vis
1444 1003 1489 1050 ac

248 1113 387 1186 ratione
413 1108 626 1209 procedere,
654 1134 761 1206 saepe
786 1111 828 1182 fit
854 1121 896 1182 ut
921 1108 1148 1182 deverticulis
1175 1106 1390 1180 circumduci
1417 1132 1488 1178 nos

248 1240 442 1340 patiamur,
477 1263 544 1312 nec
575 1239 642 1312 nisi
676 1247 760 1336 post
791 1239 922 1310 multos
955 1261 1093 1311 errores
1120 1246 1254 1309 rectam
1280 1237 1376 1310 viam
1402 1261 1489 1308 con·

249 1391 449 1466 sequamur.
1591 1457 1592 1466 ἶ

353 1493 525 1595 Superest
550 1506 592 1569 ut
617 1492 663 1569 de
688 1495 767 1593 ipso
794 1495 986 1593 scriptore,
1013 1495 1092 1592 quis
1117 1493 1243 1584 fuerit,
1269 1519 1341 1591 qua
1366 1503 1490 1567 aetate

249 1624 401 1714 vixerit,
441 1625 546 1721 quale
581 1647 671 1722 opus
706 1621 924 1714 condiderit,
970 1621 1160 1696 dicendum
1195 1647 1274 1695 esse
1309 1620 1490 1696 videatur.

250 1750 322 1828 Sed
349 1751 394 1826 de
422 1777 465 1825 ea
490 1777 530 1825 re
554 1777 628 1824 non
655 1750 815 1825 adducor
847 1763 889 1824 ut
913 1760 1074 1851 repetam
1106 1774 1198 1847 quae
1233 1759 1317 1823 ante
1342 1751 1409 1823 hos
1436 1749 1491 1822 vi-

249 1881 340 1980 ginti
372 1882 447 1955 fere
482 1905 596 1954 annos
631 1880 668 1952 in
702 1879 921 1978 praefatione
960 1879 1091 1978 prioris
1125 1877 1289 1952 editionis
1325 1877 1489 1976 exposui.

249 2008 324 2084 Nec
350 2011 487 2084 mutavi
522 2009 755 2099 sententiam,
791 2031 1006 2106 quamquam
1041 2004 1220 2098 studiose,
1260 2017 1301 2080 ut
1333 2032 1491 2105 aequum

251 2148 324 2227 est,
357 2139 507 2211 aliorum
531 2137 717 2210 hominum
749 2136 938 2210 doctorum
970 2135 1128 2208 rationes
1159 2136 1302 2208 interim
1327 2136 1490 2234 prolatas

251 2264 424 2364 expendi:
451 2291 518 2341 nec
544 2275 665 2340 tamen
690 2264 759 2338 hae
777 2265 852 2338 iere
874 2289 1091 2362 magnopere
1111 2263 1253 2338 anobis
1271 2263 1490 2363 discrepant.

251 2392 449 2469 Habebunt
473 2393 582 2492 ign’tur
607 2392 815 2466 Latinamm
840 2393 1041 2466 litterarum
1061 2391 1212 2467 studiosi
1232 2417 1322 2492 opus
1341 2419 1363 2467 a
1382 2393 1491 2466 libra·

252 2522 385 2598 riorum
412 2522 578 2596 sordibus
605 2532 642 2596 et
667 2519 874 2612 audacium,
900 2547 973 2595 non
1000 2545 1082 2593 raro
1108 2521 1217 2595 etiam
1242 2523 1491 2622 imperitorum

253 2651 456 2724 criticorum
482 2651 625 2725 licentia
655 2660 931 2751 perpurgatum,
967 2675 1076 2724 aureo
1108 2649 1312 2725 Latinitatis
1345 2653 1490 2724 saeculo

252 2805 325 2853 non
358 2779 561 2879 indignum,
602 2790 639 2855 et
668 2780 839 2853 historiae
878 2779 1009 2853 veteris
1049 2776 1239 2853 discendae
1271 2780 1389 2878 cupidi
1422 2777 1493 2854 Cli·

253 2910 386 3001 tarchi,
424 2907 551 2984 Gracci
577 2909 759 3010 scriptoris
786 2910 870 2982 olim
897 2907 1081 2997 celebrati,
1116 2879 1218 3005 aussi
1252 2909 1489 2998 simulacrum,

253 3037 350 3113 unde
375 3040 488 3118 vitam
512 3065 701 3138 moresque
728 3049 766 3113 et
789 3064 847 3113 res
874 3049 995 3138 gestas
1021 3036 1168 3110 maximi
1193 3039 1288 3137 regis
1314 3063 1387 3111 non
1414 3037 1492 3111 sine

254 3169 373 3240 fructu
400 3178 437 3240 et
462 3167 698 3242 delectatione
725 3168 966 3267 cognoscant

721 3451 994 3460 „mn—...nn
1002 3453 1027 3460 -

357 3680 586 3756 Prooemium
624 3682 694 3755 hoc
729 3706 829 3774 cum,
867 3681 1033 3756 absoluta
1071 3681 1332 3781 propemodum
1365 3682 1493 3781 reliqui

253 3811 334 3884 libri
362 3811 611 3910 descriptione,
647 3836 739 3908 quae
770 3812 867 3910 typis
899 3812 995 3885 facta
1021 3820 1125 3901 esset,
1158 3821 1242 3885 ante
1268 3779 1392 3884 decem
1417 3812 1492 3887 fere

255 3965 397 4014 menses
424 3939 626 4032 dictassem,
657 3951 826 4038 certoque
853 3963 1034 4039 sperarem
1059 3939 1238 4038 integrum
1264 3940 1404 4030 libmm,
1432 3943 1493 4038 qui

255 4069 359 4142 nimis
392 4068 454 4142 diu
489 4069 583 4142 intra
614 4069 775 4168 privatos
814 4069 968 4167 parietes
994 4068 1173 4160 latuisset,
1214 4068 1422 4168 propediem
1455 4070 1493 4144 in

256 4197 439 4296 publicum
464 4195 701 4297 proditurum,
734 4223 815 4271 eece
849 4221 947 4271 nova
980 4209 1018 4271 et
1042 4197 1224 4295 insperata
1254 4199 1290 4270 in
1316 4199 1394 4297 ipso
1420 4201 1493 4273 fine

255 4350 357 4398 mora
382 4336 438 4400 est
464 4326 612 4401 obiecta
665 4325 807 4400 Accidit
833 4327 927 4399 enirn
959 4335 1015 4416 ut,
1048 4351 1129 4398 cum
1162 4352 1339 4400 novarum
1371 4352 1493 4402 rerum

255 4455 383 4546 minae,
409 4455 617 4553 intorques
643 4456 773 4529 librum
800 4455 1079 4546 absolveremus,
1104 4455 1140 4528 in
1162 4466 1324 4555 apertam
1350 4455 1491 4532 seditio·

255 4609 338 4657 nem
365 4594 601 4681 erumperent,
628 4609 741 4682 eaque
758 4586 858 4659 velut
883 4584 986 4658 tabes
1012 4609 1078 4682 per
1104 4573 1492 4659 omnem'Germenism
