3268 5286
511 385 560 436 na
587 382 714 438 essars
741 383 849 435 snex.
876 383 940 452 vn,
967 380 1008 428 aa.
1308 366 1380 440 321

146 578 254 643 vasta
279 567 435 642 solitudo
463 577 500 641 et
525 569 653 642 sterilis
679 569 827 658 humus,
862 567 1022 640 excussis
1055 568 1162 640 etiam
1192 566 1381 660 radicibus,

94 681 374 779 relinqueretur.
408 677 508 769 Quae
526 680 556 752 si
574 680 611 752 in
629 680 725 778 ipsos
752 676 962 777 proditionis
989 687 1152 751 suctores
1180 681 1383 777 excogitata

147 803 277 883 essent,
302 792 398 866 iusta
421 791 510 866 ultio
536 815 625 883 esse,
650 815 724 866 non
751 788 942 864 cmdelitas
969 789 1165 864 videretur:
1191 816 1286 863 nunc
1313 791 1383 863 cul·

146 927 232 1003 pam
255 895 431 976 melorum
455 903 589 1000 posteri
603 903 710 994 luere,
738 902 798 998 qui
816 925 862 974 ne
875 900 1041 975 viderant
1054 901 1197 999 quidem
1210 900 1382 993 Miletum,

146 1012 229 1086 ideo
256 1023 294 1086 et
318 1011 431 1086 Xerxi
457 1037 530 1085 non
555 1021 749 1111 potuerant
774 1013 937 1110 prodere.

95 1144 128 1193 sc
250 1122 338 1197 Inde
363 1123 538 1222 processit
563 1121 609 1195 ad
635 1122 784 1196 Tanaim
809 1149 960 1201 amnem.
1001 1120 1081 1211 Quo
1107 1121 1301 1222 perductus
1329 1125 1435 1196 est24

146 1233 279 1308 Bessus
304 1259 378 1308 non
403 1236 545 1308 vinctus
571 1231 697 1324 modo,
733 1233 931 1308 sedetiam
957 1235 1054 1309 omni
1079 1235 1282 1308 velamento
1309 1259 1384 1308 cor-

146 1348 245 1445 poris
285 1347 467 1444 spoliatus.
533 1341 755 1443 Spitamenes
801 1371 884 1418 eum
929 1344 1077 1419 tenebat
1116 1344 1207 1418 collo
1251 1346 1386 1419 inserte

148 1467 290 1548 catena,
316 1467 390 1530 tam
416 1455 592 1547 barbaris,
620 1481 726 1553 quam
752 1454 1008 1529 Macedonibus
1035 1467 1177 1555 gratum
1204 1468 1384 1554 spectacu-

95 1587 128 1635 ar
147 1569 234 1640 lum.
268 1567 361 1640 Tum
387 1564 620 1665 Spitamenes,
645 1566 692 1642 Et
709 1557 755 1658 te,
780 1567 905 1665 inquit,
931 1579 962 1641 et
976 1566 1141 1660 Dareum,
1166 1593 1262 1666 repes
1286 1591 1383 1659 meos,

148 1678 247 1770 ultro,
273 1677 506 1781 inspectorem
532 1678 661 1754 donini
684 1678 740 1753 sui
764 1679 909 1771 odduei,
935 1701 972 1752 ee
997 1679 1094 1754 nendo
1120 1691 1263 1777 cepaea,
1290 1681 1384 1752 cuius

149 1791 222 1888 ipse
243 1790 329 1891 fecit
357 1789 554 1889 exemplum.
606 1789 752 1889 Aperiat
775 1789 822 1864 ad
847 1789 906 1866 doe
929 1789 1150 1887 apectsudum
1176 1789 1284 1864 sceda
1309 1787 1384 1863 Da-

148 1925 237 1975 reus.
289 1899 423 1974 Ematat
452 1901 493 1974 ab
524 1900 656 2002 inferis,
690 1901 749 2000 qui
779 1901 835 1976 illo
865 1899 1029 2002 supplacio
1060 1901 1218 1999 indepoua
1239 1901 1326 2002 faut,
1357 1911 1388 1973 et

97 2028 133 2078 ae
150 2011 210 2084 loc
234 2009 348 2085 solatio
373 2011 496 2110 deputes
526 2023 581 2085 est.
635 2008 859 2102 Alexander,
890 2008 1043 2087 multum
1074 2010 1277 2085 collaudato
1311 2009 1386 2109 Spi-

152 2131 310 2211 tsmene,
345 2146 539 2195 conversus
566 2120 614 2194 ed
639 2119 804 2214 Bessum,
842 2121 963 2214 Ouios,
996 2122 1127 2220 inquit,
1150 2125 1254 2224 'ferm
1279 2124 1387 2198 rebus

151 2231 324 2330 occupavit
355 2233 505 2306 animum
540 2245 650 2324 teum,
690 2257 766 2306 cum
798 2258 909 2334 sepem
942 2233 984 2306 de
1017 2245 1046 2306 te
1080 2234 1199 2332 optime
1233 2234 1387 2307 meritum

145 2342 251 2441 prius
287 2342 428 2436 cinare,
468 2343 587 2417 deisde
624 2344 768 2418 occidere
801 2342 1017 2419 semtimistil'
1069 2341 1140 2419 Sed
1176 2344 1274 2418 huius
1305 2369 1389 2444 pur·

97 2472 133 2522 aa
151 2452 268 2527 ricide'i
308 2453 489 2528 mercedem
526 2453 620 2555 falso
663 2455 751 2554 repis
793 2456 924 2530 nomine
964 2455 1164 2553 persolmsti.
1226 2453 1282 2527 lbi
1330 2455 1389 2527 ille

151 2563 289 2636 facinus
315 2588 467 2662 purgare
492 2589 565 2638 non
591 2589 710 2656 ausus,
736 2566 830 2663 regis
857 2566 1002 2639 titulum
1022 2591 1061 2639 se
1088 2590 1261 2666 usurpare
1287 2563 1389 2656 dixit,

152 2684 196 2746 ut
233 2685 377 2770 gentem
414 2698 516 2747 suem
555 2675 696 2753 tradere
735 2676 803 2774 ipsi
848 2677 979 2775 possit:
1032 2678 1092 2772 qui
1132 2677 1161 2748 si
1205 2686 1390 2766 cessasset,

101 2803 137 2852 ro
156 2783 267 2856 alium
291 2785 400 2858 fuisse
425 2810 575 2884 regnum
602 2797 867 2886 occupaturum.
907 2785 956 2858 Et
967 2784 1176 2860 Alexander
1190 2783 1388 2877 Oxathren,

154 2985 285 3064 lucosque,
302 2992 376 3038 retus
393 2984 602 3041 coniunctionem
620 2996 643 3040 et
657 2985 756 3041 lucilius
790 2985 839 3040 bus
856 2981 893 3040 oli
909 2983 1014 3039 solitam
1031 2991 1154 3038 notarum
1171 2984 1394 3055 permutationem

154 3051 236 3106 oblim
259 3069 337 3122 quem
357 3051 468 3106 alteram
483 3053 563 3108 illurn.
597 3055 715 3108 Nemora
733 3064 756 3107 et
790 3053 855 3107 fides
872 3071 926 3107 non
943 3061 984 3106 est
1002 3051 1158 3106 adhibenda

155 3122 210 3174 luci
227 3117 265 3173 sic
280 3121 335 3173 fere
352 3118 476 3192 coniungi
493 3122 587 3190 solent,
605 3141 630 3176 v.
645 3139 668 3176 c.
686 3123 757 3194 apud
825 3124 849 3191 ξ.
863 3128 905 3176 88.
935 3122 1012 3191 falso
1029 3138 1058 3174 re
1077 3121 1219 3174 desemine
1232 3123 1395 3191 persolvisti,

155 3186 279 3241 Tacitum
296 3188 324 3242 in
341 3189 446 3260 dialogo
464 3190 497 3242 de
514 3190 661 3246 oratoribus
679 3207 703 3244 c.
714 3197 756 3260 12,
790 3190 808 3244 i.
821 3207 845 3243 e.
869 3189 1012 3261 praemium
1037 3139 1088 3242 rili
1112 3187 1163 3242 mit
1184 3189 1277 3244 fslsnm
1299 3205 1393 3244 nomen

155 3264 185 3310 et
203 3257 314 3310 eundem
332 3255 421 3312 Germ.
439 3265 520 3328 capa
538 3269 567 3314 et
586 3267 626 3314 10.
790 3257 901 3330 regium,
919 3256 1071 3312 commisisti
1088 3255 1152 3310 illud
1165 3257 1267 3313 facinus
1284 3260 1319 3313 ob
1335 3275 1394 3312 eam

192 3327 215 3392 §-
233 3330 275 3378 85.
309 3327 367 3378 ideo
389 3335 412 3379 et
429 3326 515 3379 Xerxi
537 3347 588 3382 non
606 3337 755 3398 potuerant.
790 3344 904 3394 caruem,
922 3335 953 3380 ut
969 3343 1017 3380 rex
1030 3324 1170 3380 vocareris.
1392 3337 1396 3346 ‘

156 3391 203 3446 Sic
219 3391 280 3444 edd.
296 3400 363 3445 vett.
380 3393 524 3462 Vindelini,
541 3395 669 3464 Memlee,
687 3395 758 3450 Aldi.
827 3399 851 3464 ξ.
871 3403 914 3450 39.
948 3412 1077 3464 usurpare
1095 3395 1176 3461 disis,
1198 3403 1226 3448 at
1247 3423 1283 3436 —
1322 3396 1394 3448 ossis.

155 3460 225 3514 Post
245 3461 279 3512 ab
301 3459 378 3514 Iunio
399 3469 524 3516 novatum
547 3473 589 3519 est
608 3473 636 3518 et
658 3463 759 3518 editum
792 3463 856 3518 Non
873 3471 941 3534 puto
957 3479 1081 3533 praesens
1098 3479 1147 3533 pro
1168 3463 1286 3533 perlecto
1298 3411 1395 3516 ludui-

156 3530 224 3583 adeo
232 3528 327 3593 Xerxi,
344 3527 372 3580 in
389 3546 441 3598 quo
458 3529 483 3582 ei
496 3529 589 3612 reliqui
605 3541 758 3604 paruerunt,
793 3531 840 3586 tivi
857 3531 931 3602 poni,
949 3531 996 3585 sed
1013 3529 1144 3584 hominem
1162 3529 1200 3584 ita
1216 3530 1307 3584 dicere
1320 3530 1394 3601 quasi

156 3595 522 3716 piticffierlepurrehgnidgffim,
540 3599 589 3680 ipsi
601 3601 760 3721 pmnsslglpp:
793 3601 945 3720 pidhucrex
962 3599 1197 3720 altresssstiritrtrpu
1208 3600 1395 3720 {smm'l'l

157 3746 217 3785 rem
242 3679 552 3806 lectionemgutuerendlll
570 3685 670 3788 ooNpogs
686 3687 761 3805 duod
793 3683 942 3804 legiludnlld
953 3683 1384 3788 pporrnssEpogpsPafignpposse

157 3798 188 3852 in
212 3795 300 3848 oodrce
316 3793 391 3874 ⁸Dein.
409 3802 437 3847 et
458 3795 545 3851 Pell
568 3801 683 3855 traditur
703 3819 760 3856 esse
830 3801 875 3872 qui
893 3803 918 3854 si
932 3809 1066 3854 cessasset.
1094 3799 1237 3854 Offendere
1247 3802 1327 3856 debet
1336 3819 1397 3873 pro-

158 3867 227 3920 adeo
244 3879 293 3934 pro
310 3864 382 3928 sdeo,
409 3862 442 3915 de
459 3862 528 3917 Dan.
546 3866 567 3918 si
584 3868 606 3920 is
623 3877 664 3921 est
679 3869 760 3922 Bam.
794 3885 891 3922 nomen
907 3867 1046 3920 relativum
1063 3866 1090 3919 in
1108 3869 1227 3923 oratione
1244 3869 1351 3942 obliqua
1363 3869 1398 3923 de

159 3934 185 3987 A
203 3931 298 3986 falsum
315 3937 357 3982 est
374 3937 402 3983 et
418 3929 476 3983 Pel.
496 3939 508 3984 1
528 3933 626 3988 nullsm
649 3936 762 3990 auctori·
794 3935 877 4016 ipsius
890 3951 1012 4005 persons,
1029 3934 1216 4014 quiloqustur,
1234 3945 1397 4008 usurpatum,

158 4009 244 4055 tutem
269 3999 357 4052 habet
396 3997 455 4052 Nec
479 4016 583 4054 csussm
609 4002 685 4057 rideo
715 4021 762 4056 cur
795 4004 901 4056 ardetur
928 4013 1017 4056 tamen
1042 4011 1080 4055 sta
1106 4021 1181 4073 posse
1204 4006 1343 4076 explicari,
1370 4016 1398 4058 ut

158 4077 302 4139 tantopere
319 4074 485 4126 aversentur.
514 4084 546 4120 ne
563 4087 622 4123 cum
639 4080 662 4123 et
684 4087 762 4142 saepe
795 4088 851 4124 non
873 4088 934 4124 raro
953 4069 1072 4123 oratione
1095 4071 1183 4127 subito
1204 4089 1330 4128 converse
1354 4075 1399 4126 ille

157 4135 376 4269 trutltdtt
397 4136 546 4272 {tillim
560 4137 763 4274 delesse
796 4137 1154 4278 tlddltwlutt'
1170 4142 1327 4262 telle
1337 4143 1397 4261 {ll

159 4289 226 4338 esse,
244 4243 430 4340 sse—quidem
443 4270 495 4323 iem
509 4241 705 4344 plsesumptum
713 4283 762 4328 est.
796 4274 942 4329 rectionem
981 4275 1057 4328 cedei
1081 4287 1208 4330 cessasset
1225 4293 1277 4330 non
1294 4275 1398 4346 accipio.

160 4338 299 4394 cessim
315 4345 380 4392 ολδ
397 4345 466 4392 extr.
484 4358 551 4392 susc
568 4358 667 4412 quoque
684 4359 744 4395 noo.
832 4345 854 4410 ξ.
873 4350 915 4398 40.
977 4343 1156 4398 tAleoeander.
1192 4341 1308 4398 Rastitni
1325 4350 1400 4396 vete·

196 4405 237 4460 Gs
255 4411 313 4471 ἐκ,
331 4408 406 4472 §.st
490 4409 635 4476 perductus
649 4409 763 4464 estBes·
797 4426 854 4462 rem
870 4411 1008 4466 lectionem
1026 4419 1063 4476 et,
1087 4426 1154 4478 quae
1177 4419 1206 4465 et
1223 4419 1286 4481 epte
1301 4415 1343 4462 est
1359 4410 1400 4462 hi-

159 4491 217 4530 sne.
274 4475 380 4527 odacrus
397 4491 423 4526 m
452 4473 519 4530 tiet
536 4476 598 4530 boni
615 4474 689 4546 libri,
707 4478 763 4550 qui-
797 4479 895 4534 storias
911 4476 972 4534 stilo
989 4484 1019 4532 et
1034 4475 1153 4533 codicum
1165 4494 1293 4534 consensu
1309 4477 1400 4530 delen-

1212 4569 1244 4616 21
