3238 5296
513 355 581 432 'nn
609 376 735 431 uaeris
761 377 870 428 anax.
897 378 975 447 vm,
995 376 1037 430 n.
1329 356 1402 428 375

169 574 311 656 stratos,
330 565 519 640 ostendere
537 563 662 663 procul
680 563 864 636 evolutum
883 587 930 636 ex
949 563 1099 660 tuguriis
1117 563 1265 652 fumum,
1285 561 1404 635 horta·

119 699 151 746 10
168 679 267 776 rique
304 687 345 750 ut
376 677 541 775 proxima
572 699 732 774 quaeque
764 676 917 773 suffugia
951 685 1175 772 occuparent.
1228 671 1301 746 Nec
1333 673 1405 746 ulla

167 815 224 864 res
249 789 363 888 magis
390 790 495 862 saluti
520 790 603 880 fuit,
635 813 742 886 quam
768 786 865 884 quod
895 786 1129 885 multiplicato
1159 786 1283 859 labore
1309 785 1403 858 suffi-

168 903 320 975 cientem
345 901 462 992 malis,
503 901 631 998 quibus
657 899 725 997 ipsi
751 907 949 987 cesserant,
990 921 1111 994 regem
1136 895 1301 971 deserere
1328 920 1403 970 eru·

167 1013 385 1088 bescebant'

119 1143 147 1189 11
271 1120 438 1198 Ceterum
470 1122 646 1195 efficacior
676 1123 714 1195 in
739 1119 898 1195 adversis
924 1121 1134 1210 necessitas,
1169 1146 1277 1218 quam
1302 1121 1453 1211 rati0,15

167 1235 308 1333 frigoris
340 1234 536 1308 remedium
566 1235 712 1308 invenit.
764 1232 931 1306 Dolabris
970 1233 1062 1306 enim
1101 1234 1209 1308 silvas
1241 1242 1401 1307 sternere

118 1363 149 1410 12
168 1346 335 1443 aggressi,
361 1346 494 1444 passim
520 1369 667 1418 acervos
694 1355 881 1443 struesque
899 1343 1146 1418 accenderunt
1200 1341 1403 1419 Continenti

167 1455 329 1530 incendio
355 1457 482 1532 ardere
504 1456 666 1531 crederes
689 1457 830 1546 saltum,
856 1466 893 1530 et
913 1457 978 1529 vix
998 1457 1092 1530 inter
1112 1457 1274 1530 flammas
1297 1457 1404 1555 agmi-

167 1569 271 1642 nibus
303 1569 466 1643 relictum
497 1570 624 1642 locum.
681 1567 750 1641 Hic
781 1569 878 1641 calor
910 1569 1091 1667 stupentia
1120 1570 1281 1642 membra
1312 1592 1404 1641 com·

167 1681 289 1772 morit,
316 1683 556 1780 paulatimque
583 1680 737 1779 spiritus,
763 1705 871 1777 quem
896 1680 1120 1754 continuerat
1145 1681 1251 1778 rigor,
1286 1704 1405 1753 meare

119 1809 150 1858 1a
168 1790 278 1865 libere
309 1795 435 1892 coepit
487 1792 671 1892 Excepere
704 1793 791 1865 alios
823 1801 920 1864 tecta
955 1791 1206 1882 barbarorum,
1246 1818 1336 1890 quae
1367 1793 1405 1865 in

168 1902 293 1976 ultimo
325 1907 419 1978 saltu
451 1904 574 1978 abdita
603 1903 798 1977 necessitas
830 1903 1125 2000 investigaverat:
1157 1903 1245 1976 alios
1277 1915 1405 1996 castra,

167 2016 321 2110 quaein
347 2013 494 2090 humido
521 2015 673 2112 quidem,
709 2013 772 2088 sed
798 2015 869 2087 iam
895 2014 984 2087 coeli
1009 2014 1218 2087 mitescente
1244 2017 1404 2106 saevitia,

167 2125 385 2201 locaverunt
437 2125 519 2199 Duo
550 2126 647 2198 milia
677 2125 828 2197 militum
853 2137 961 2223 atque
991 2127 1145 2199 lixarum
1170 2129 1403 2224 calonumque

118 2255 151 2302 14
168 2237 279 2334 pestis
305 2237 366 2309 illa
391 2238 619 2335 consumpsit.
671 2234 864 2311 Memoriae
899 2237 1080 2335 proditum
1111 2249 1185 2328 est,
1229 2237 1404 2336 quosdam

168 2348 365 2444 applicatos
392 2350 560 2424 arborum
585 2349 735 2438 truncis,
773 2359 810 2420 et
835 2375 907 2422 non
940 2349 1055 2422 solum
1081 2351 1300 2441 viventibus,
1339 2348 1404 2423 sed

168 2459 276 2532 etiam
301 2461 394 2533 inter
420 2485 458 2532 se
485 2462 766 2559 colloquentibus
793 2460 940 2551 similes,
973 2483 1052 2533 esse
1078 2472 1304 2559 conspectos,
1340 2460 1403 2534 du-

166 2581 270 2644 rante
296 2570 413 2645 adbue
438 2573 578 2664 habitu,
611 2573 648 2646 in
680 2597 750 2670 quo
781 2599 878 2647 mors
905 2595 1082 2670 quemque
1107 2569 1401 2670 deprehenderat.

78 2766 80 2773 Ι
119 2701 150 2748 15
168 2681 275 2757 Forte
307 2680 457 2757 Macedo
491 2685 675 2784 gregarius
707 2685 807 2758 miles
840 2710 949 2781 seque
980 2694 1018 2757 et
1054 2707 1154 2755 arma
1186 2695 1402 2775 sustentans,

167 2793 314 2868 tandem
344 2793 381 2868 in
416 2806 534 2868 castra
567 2806 790 2895 pervenerat.
844 2792 923 2883 Quo
956 2794 1035 2867 viso
1066 2818 1132 2866 rex
1139 2849 1148 2884 ,
1188 2819 1402 2891 quamquam

201 3058 277 3120 9.]0.
314 3056 407 3126 qm'bus
425 3057 436 3107 i
453 3056 479 3108 si
496 3055 639 3124 carerent]
668 3053 769 3108 Totum
802 3055 820 3108 i.
829 3071 851 3108 e.
869 3056 922 3108 duo
939 3053 1024 3122 milia,
1042 3053 1104 3125 quia
1120 3053 1242 3108 solebant
1259 3071 1275 3106 a
1291 3052 1404 3108 librariis

165 3123 217 3176 boc
245 3122 371 3177 omittunt
396 3073 485 3177 Pali
513 3125 620 3176 Vocat
649 3121 767 3176 BernB
802 3133 882 3180 notae
900 3122 1000 3176 denarii
1017 3131 1046 3176 et
1062 3123 1198 3176 millenarii
1215 3121 1317 3176 numeri
1335 3121 1404 3176 inter

165 3189 572 3261 Flor.llFH1,ipsistantum
595 3191 768 3244 habetl'lor.
802 3209 830 3246 ae
848 3191 982 3246 confundi.
1018 3191 1122 3245 Auctor
1142 3199 1183 3244 est
1201 3191 1404 3244 Drakenborch.

166 3258 198 3325 C,
221 3261 314 3330 quibus
337 3261 412 3315 deest
428 3259 456 3313 in
473 3260 548 3313 codd.
566 3257 641 3312 leid.
660 3259 765 3313 Voss.1
801 3263 835 3314 ad
858 3259 961 3314 Livium
983 3260 1103 3331 pluribus
1127 3259 1190 3313 locis
1211 3277 1279 3330 quos
1296 3258 1403 3328 collegit

166 3327 246 3381 Bern.
263 3331 289 3382 Δ
306 3328 442 3383 Fleadss.
477 3327 531 3382 Sed
548 3336 667 3398 praestat
687 3327 767 3398 longe
801 3328 857 3399 ipae
879 3331 913 3382 ed
931 3328 1094 3393 libxxxnr,
1109 3345 1131 3382 c.
1147 3337 1188 3395 14,
1203 3335 1227 3394 5,
1250 3328 1353 3400 ipsique
1376 3327 1403 3381 id

165 3397 274 3467 vulgata
308 3398 440 3467 scriptura
469 3396 588 3450 codicum
615 3405 768 3451 nostrorum
801 3397 913 3451 vidimus
930 3398 963 3451 ad
982 3411 1022 3465 vr,
1038 3404 1116 3464 2,lt.
1141 3411 1182 3463 vr,
1197 3405 1222 3466 t,
1235 3406 1258 3451 9.
1294 3397 1403 3467 Cs.Ap-

165 3465 236 3520 Flor.
252 3464 313 3518 DG.
801 3467 880 3537 pend.
891 3482 919 3534 ν,
929 3474 971 3530 14,
980 3472 1005 3520 8.
1027 3480 1067 3532 vr,
1080 3473 1170 3530 15,10.

200 3533 412 3602 Cap.lb,s.12.
433 3535 530 3603 meare]
552 3549 667 3586 recasura
683 3533 765 3586 Patr
836 3539 859 3600 ς.
876 3543 916 3589 14.
950 3537 1091 3588 sedetiam
1109 3537 1176 3588 inter
1193 3551 1221 3588 ae
1238 3535 1404 3604 colloquenti·
1489 3537 1495 3553 '

166 3599 237 3654 Flor.
254 3599 352 3654 DFGI.
801 3605 860 3684 bus]
896 3605 987 3656 Etiam
1004 3619 1094 3656 omnes
1116 3602 1200 3655 nostri
1222 3612 1252 3655 et
1269 3602 1403 3655 Snulrcnb.

202 3672 226 3734 s.
242 3675 283 3722 lt.
316 3670 365 3720 aad
384 3668 450 3737 iam]
485 3667 531 3722 Sic
550 3668 650 3738 primus
667 3668 766 3734 lunius,
801 3673 917 3737 codices,
936 3669 981 3740 qui
998 3671 1104 3723 cuidem
1121 3671 1230 3734 habent,
1248 3687 1308 3723 nam
1326 3669 1404 3723 omis-

167 3736 324 3790 vetuaticses
341 3734 401 3786 edd.
418 3745 447 3786 et
464 3735 567 3788 codices
603 3736 704 3823 les-ique
721 3741 769 3790 aad
801 3739 874 3793 sione
907 3738 1006 3791 nonnul
1018 3755 1091 3790 orum
1126 3738 1264 3791 verborum
1294 3745 1404 3808 peccam

167 3807 259 3870 ctiam,
283 3805 359 3857 Voss.
379 3809 391 3854 1
412 3805 436 3854 si
452 3804 519 3869 iam,
542 3753 627 3884 Pala
647 3805 717 3858 llor.
731 3805 768 3858 Fl
802 3807 873 3860 Flor.
882 3807 934 3859 1111
946 3805 1059 3859 Bernll
1075 3805 1149 3858 Voss.
1159 3812 1184 3858 2.
1211 3806 1300 3876 Vulgo
1313 3810 1403 3860 sedet.

167 3875 252 3928 etiam.
287 3871 403 3925 Restant
424 3869 503 3922 Bern.
519 3871 544 3923 A
560 3871 634 3924 Ierd.
655 3871 728 3925 Flos.
742 3872 767 3924 D
837 3879 861 3940 s.
874 3881 912 3926 lt.
936 3877 1040 3926 tandem
1054 3875 1082 3925 in
1095 3877 1194 3940 casua]
1221 3875 1317 3928 Tamen
1330 3874 1403 3928 leid.

165 3942 193 3997 in
212 3939 307 4012 quibus
324 3942 374 3993 aad
389 3941 443 3994 iam
460 3938 502 3991 sit.
802 3943 904 4002 Vosal
924 3943 1002 3994 Bern.
1012 3941 1038 3994 A
1051 3940 1120 3995 Flos.
1131 3942 1230 4006 ADGl,
1248 3961 1297 3996 nec
1314 3953 1403 3996 tamen

201 4013 252 4065 duo
269 4011 344 4063 nulia
362 4008 482 4078 militum]
509 4006 592 4061 Codd.
607 4007 727 4078 plerique
742 4015 770 4062 et
802 4009 900 4080 recipio
917 4009 945 4062 in
966 4016 1042 4063 tanta
1063 4011 1244 4081 cornrmpendi
1268 4011 1403 4065 facilitate

165 4079 225 4134 edd.
242 4077 373 4149 principes
394 4090 437 4128 xx
458 4077 583 4142 militum,
610 4077 680 4129 uude
697 4075 767 4131 Flor.
803 4079 857 4132 Sed
878 4080 956 4148 paulo
978 4087 1041 4149 post
1063 4089 1116 4131 tum
1138 4083 1247 4133 maxime
1269 4097 1318 4150 pro
1344 4091 1404 4133 tunc

167 4147 241 4202 CEH
252 4145 366 4202 sema
383 4158 425 4198 xx
441 4146 535 4198 milites
548 4145 673 4210 fecerunt,
691 4145 767 4198 Voss.
801 4148 912 4200 maxims
934 4163 970 4200 ex
992 4145 1057 4200 meis
1080 4154 1109 4200 et
1126 4147 1268 4200 Snslrenbu
1302 4147 1319 4199 'i
1343 4165 1403 4200 mss.

166 4217 294 4286 tciqiati
310 4216 386 4268 mllio
403 4215 521 4267 militum.
552 4213 636 4266 Aldus
653 4214 687 4265 dc
704 4229 768 4266 con·
801 4225 906 4286 praeter
926 4215 998 4269 Flor.
1017 4213 1066 4270 el)
1093 4215 1212 4269 omnibus
1235 4217 1404 4268 sedendum

167 4284 266 4338 iectura
283 4284 395 4337 dederat
411 4284 481 4338 ns'lle
498 4284 616 4348 militam,
657 4281 708 4334 uod
726 4297 767 4334 ce·
802 4292 850 4338 est.
879 4283 937 4338 Neo
953 4283 1024 4338 enim
1038 4283 1066 4336 in
1080 4283 1339 4348 hacconstructions,
1358 4283 1403 4336 ubi

167 4353 217 4406 ten·
235 4352 351 4407 editores
364 4367 454 4405 omues
470 4359 617 4416 servamnt,
635 4349 643 4402 i
664 4357 768 4402 ustran-
800 4351 886 4473 {patrm
894 4361 1000 4423 tempus
1013 4351 1150 4422 significat,
1161 4352 1238 4431 ‘quod
1248 4350 1404 4404 Gannanice

167 4427 209 4474 tes
225 4421 304 4474 etiam
317 4417 540 4474 constructionem
557 4420 637 4490 paulo
656 4417 768 4471 insolen-
830 4419 910 4474 cimus
927 4433 1017 4492 pctore,
1038 4419 1144 4474 videtur
1160 4437 1188 4472 sn
1200 4437 1248 4472 usu
1260 4419 1339 4472 fuisse
1353 4418 1404 4472 nisi

168 4487 271 4542 tiorem
314 4489 370 4544 Sed
395 4486 581 4559 corrigendum
605 4493 647 4541 eat
668 4502 703 4547 cc
722 4502 767 4553 cc,
802 4497 863 4544 tum.
