3254 5292
220 341 267 412 92
452 365 455 370 ¹
692 360 725 423 a.
754 359 879 412 curru
904 363 990 414 surr

218 541 390 618 Graeciae
423 556 546 643 gestas
582 569 752 618 coronam
787 569 934 618 auream
961 544 1096 618 donum
1123 547 1294 620 victoriae
1319 550 1464 623 ferrent.

217 652 330 726 Iidem
363 654 473 752 paulo
512 667 595 728 ante
630 656 788 730 incertae
819 656 937 729 famae
974 667 1212 754 captaverant
1244 683 1387 752 auram,
1423 672 1465 734 ut
1483 689 1515 735 12

217 790 431 862 quocunque
464 765 663 865 pendentes
697 766 835 840 animos
863 767 1006 839 tulisset
1030 767 1191 858 fortuna,
1219 781 1463 865 sequerentur.

166 877 213 948 23
321 873 490 949 Ceterum
522 901 596 948 non
628 877 705 974 ipse
726 877 849 978 ’tado
874 902 941 950 rex
967 878 1092 952 obibat
1118 880 1243 970 urbes,
1269 879 1387 954 adhuc
1412 884 1464 955 iu·
1484 911 1515 959 rs

214 1013 302 1086 gum
327 986 465 1084 imperii
490 999 709 1077 recusantes,
724 986 788 1060 sed
813 998 999 1085 praetores
1026 1015 1168 1086 quoque
1194 991 1316 1088 ipsius,
1330 995 1464 1092 egregii

216 1097 341 1188 duces,
375 1097 546 1195 pleraque
577 1098 795 1170 invaserant
849 1097 954 1172 Calas
981 1099 1281 1198 Paphlagoniam,
1313 1101 1463 1202 Antigo-

213 1235 281 1282 nus
308 1207 544 1307 Lycaoniam;
571 1207 752 1300 Balacms,
778 1208 952 1309 Hydarne
970 1207 1079 1282 Darei
1094 1221 1262 1308 praetore
1282 1226 1462 1310 superato,

214 1319 377 1392 Miletum
409 1319 521 1418 cepit:
562 1320 807 1419 Amphoterus
843 1332 880 1394 et
910 1318 1138 1418 Hegelochus
1175 1331 1320 1394 centum
1355 1349 1511 1402 saxa-14

213 1431 315 1528 ginta
340 1432 487 1505 navium
515 1433 628 1506 classe
655 1431 789 1504 insulas
816 1432 910 1504 inter
935 1430 1111 1503 Achaiam
1137 1442 1246 1529 atque
1272 1433 1396 1506 Asiam
1423 1437 1460 1508 in

214 1541 390 1614 dicionem
424 1541 625 1615 Alexandri
660 1541 886 1640 redegerunt.
949 1540 1095 1615 Tenedo
1130 1569 1273 1641 quoque
1305 1557 1460 1645 recepta,

216 1650 360 1743 Chium,
385 1649 512 1725 incolis
549 1653 644 1725 ultro
671 1653 903 1743 vocantibus,
939 1663 1142 1725 statuerant
1168 1679 1360 1752 occupare:
1396 1658 1512 1735 sed1s

214 1762 487 1853 Pharnabazus,
519 1761 629 1835 Darei
654 1773 817 1862 praetor,
849 1763 1114 1859 comprehensis
1142 1765 1202 1860 qui
1227 1791 1286 1839 res
1313 1766 1360 1839 ad
1385 1766 1459 1841 Ma-

213 1873 379 1948 cedones
393 1874 601 1963 trahebant,
627 1898 751 1947 rursus
778 1872 986 1973 Apollonidi
1012 1884 1049 1946 et
1073 1872 1345 1974 Athenagorae,
1381 1905 1458 1952 sus-

212 2011 293 2058 rum
324 1985 481 2083 partium
513 1987 615 2078 viris,
649 1986 775 2058 urbem
808 2010 889 2057 cum
923 1983 1065 2057 modico
1096 1984 1275 2080 praesidio
1306 1990 1459 2064 militum

211 2095 333 2170 tradit.
394 2093 569 2169 Praefecti
601 2093 800 2169 Alexandri
831 2096 869 2166 in
902 2093 1088 2168 obsidione
1119 2081 1228 2167 urbis
1253 2123 1458 2194 persevera·
1478 2129 1512 2178 rs

212 2209 310 2298 bant,
336 2230 410 2277 non
436 2217 511 2280 tam
537 2207 611 2278 suis
639 2206 792 2296 viribuS,
829 2231 937 2302 quam
963 2206 1132 2302 ipsorum,
1159 2208 1219 2304 qui
1246 2207 1480 2283 obsideban·'

213 2327 281 2406 tur,
309 2314 505 2390 voluntate.
557 2315 633 2389 Nec
658 2317 782 2389 fefellit
808 2317 937 2414 opinio.
998 2314 1160 2413 Namque
1192 2317 1286 2391 inter
1310 2319 1456 2416 Apollo·

247 2605 270 2672 ξ.
289 2610 330 2657 12.
372 2619 522 2672 quocunqne
543 2605 686 2672 pendentes
712 2603 814 2654 animos
848 2601 893 2654 Fr.
913 2599 1040 2656 Gronovii
1057 2599 1219 2668 emendatio,
1247 2601 1359 2657 Observ.
1377 2617 1409 2672 11,
1428 2611 1452 2658 8.

212 2673 314 2725 redisset
322 2674 437 2741 fortuna
452 2679 516 2750 post
532 2670 652 2724 Modiam
674 2687 707 2722 ex
725 2685 813 2722 emen-
849 2669 934 2723 codd.
952 2669 1022 2723 enim
1048 2671 1168 2723 Teredon
1186 2686 1286 2739 qaoque
1303 2682 1451 2740 receptacu-

211 2740 318 2794 datione
335 2739 460 2793 Palmarir
485 2738 581 2792 editur.
616 2737 689 2792 Libri
711 2747 814 2791 veteres
849 2741 911 2805 lunt,
931 2741 1001 2809 quod
1018 2746 1050 2791 ut
1066 2737 1270 2808 intelligeretur,
1284 2741 1396 2793 tortium
1410 2759 1452 2794 re-

211 2817 239 2861 st
257 2809 360 2861 animm
378 2816 407 2860 ct
414 2809 557 2878 fortunam
582 2808 723 2874 exhibent,
746 2824 814 2859 unus
849 2810 1008 2877 reptacalrnn
1042 2807 1163 2878 princeps
1199 2806 1311 2878 scripsit.
1359 2807 1452 2862 Iunius

208 2877 290 2930 Bern.
309 2877 332 2929 B
350 2879 467 2944 animos,
494 2876 552 2950 Pal.
573 2886 583 2930 l
605 2878 710 2930 animis.
746 2875 814 2928 Mihi
848 2874 943 2929 deinde
977 2893 1037 2928 curn
1067 2874 1128 2929 Chii
1159 2874 1260 2928 imolae
1290 2876 1452 2930 mentionem

228 2945 314 2998 uidem
343 2962 435 2998 venun
460 2944 556 2999 vidisse
583 2945 690 2998 videtur
718 2945 814 2998 doctus
847 2942 905 2997 fieri
922 2959 1028 2998 necesse
1044 2943 1148 2997 videret
1164 2959 1221 2996 esse
1239 2943 1284 3012 (cf.
1301 2943 1451 3012 Arriamu,

208 2965 253 3068 ille
272 3014 373 3068 Gallus.
846 3020 880 3080 2,
908 3016 956 3082 4),
989 3011 1092 3066 addidit
1117 3021 1265 3066 statuerant
1290 3022 1318 3064 et
1348 3013 1450 3067 Chion

245 3083 310 3154 Cap.
329 3090 371 3150 23,
390 3087 413 3151 §.
433 3089 473 3137 13.
497 3087 583 3136 adhuc
601 3085 688 3152 tapam
708 3083 813 3150 imperii
846 3099 986 3152 occupare,
1010 3081 1038 3134 id
1055 3081 1126 3151 quod
1143 3079 1223 3133 etiarn
1240 3079 1344 3133 Modius
1362 3098 1450 3134 sarva-

208 3161 359 3204 rernsonter
378 3167 468 3204 omnes
485 3151 546 3204 libri
563 3170 636 3218 mss,
663 3149 728 3205 editi
751 3151 812 3218 imp.
846 3151 886 3203 vit
903 3167 962 3204 cum
979 3151 1089 3203 hosdan
1107 3165 1203 3202 nomen
1215 3165 1306 3202 rursus
1324 3147 1451 3204 eiecisset.

208 3222 262 3288 inp.
281 3221 368 3272 odhra·
385 3235 436 3271 rec.
472 3219 540 3272 Post
561 3219 726 3290 aliquantum
748 3216 813 3270 itam
848 3218 901 3271 Sed
920 3217 1048 3272 Gronovii
1066 3216 1194 3287 sagacitas
1211 3215 1299 3270 omnia
1315 3217 1451 3288 praeclare

208 3303 297 3340 ornnes
316 3287 446 3405 llpdorne
462 3289 549 3340 Darei
567 3289 602 3356 (s.
622 3289 717 3367 Darii)
732 3302 813 3356 prae·
848 3285 995 3340 constituit.
1276 3351 1305 3364 ..

208 3354 698 3495 tnesis..,'t3rmtra
712 3353 813 3494 ‹Att
846 3353 1450 3488 ..abalienarunt

207 3509 257 3556 rna
274 3489 381 3559 legitur.
846 3493 929 3544 donas
965 3489 1023 3544 Iun.
1054 3491 1125 3544 Mod.
1157 3489 1254 3558 Such,
1288 3490 1450 3545 Macedones

242 3559 364 3610 Miletum
391 3558 470 3628 cepit]
514 3557 559 3612 Sic
584 3557 656 3612 Flor.
687 3556 811 3622 DEFGI,
845 3558 945 3612 Aldina
970 3567 998 3612 et
1024 3559 1156 3627 Freinsh,
1180 3561 1226 3612 sed
1254 3558 1356 3612 codices
1381 3557 1408 3611 h.
1431 3559 1449 3612 l.

207 3625 344 3696 ediditque
362 3625 461 3696 primus
479 3626 561 3680 Hadr.
579 3626 687 3692 lunius,
706 3643 765 3681 curu
783 3625 810 3679 iu
844 3626 929 3680 nostri
956 3627 1062 3697 quidem
1084 3645 1175 3681 omnes
1196 3635 1302 3698 praeter
1324 3625 1449 3681 Bernss

207 3693 313 3816 prili-
343 3694 435 3817 l'uisqet
452 3697 503 3750 duo
520 3698 595 3818 aptio
613 3697 809 3817 militnnpcepp't,
844 3697 1146 3818 ζίαεῇάοηῦἑίᾱὴαὺῧυῐ,
1177 3696 1249 3817 2item
1269 3711 1302 3747 us
1328 3693 1452 3816 {uffen-

205 3781 234 3816 nr
315 3781 646 3818 naauemmsnoseau
694 3782 737 3818 ao
784 3781 810 3817 e·
864 3783 879 3816 u
1034 3805 1041 3818 .
1103 3783 1201 3818 oss..
1268 3781 1304 3816 ox
1383 3780 1446 3816 enm

223 3834 326 3885 edoctas
349 3835 522 3902 Amphoterns
544 3843 567 3886 et
590 3781 711 3886 Mtldtbrm
734 3835 809 3902 cepit.
843 3781 931 3901 poddd
951 3832 1068 3902 itemque
1100 3835 1123 3900 §-
1152 3839 1182 3884 tr
1211 3833 1381 3900 Athenopora
1399 3849 1448 3902 pro

203 3851 338 3954 lliminrm
356 3901 486 3967 Miletum,
504 3919 563 3956 cum
581 3903 691 3954 militum
708 3900 811 3972 legere-
845 3901 916 3971 vulg.
941 3904 1129 3970 Athenoporue
1149 3897 1210 3953 dedi
1227 3903 1346 3970 'propter
1372 3899 1450 3952 codd.

203 3977 262 4035 tur,
285 3985 317 4021 aa
342 3967 455 4023 ludibria
472 3971 619 4040 scripturae
640 3969 809 4050 provocavit,
845 3987 905 4022 mss.
924 3969 951 4022 in
969 3969 1053 4024 altero
1070 3979 1144 4024 certe
1160 3968 1219 4022 loco
1236 3984 1400 4022 consensuri.

204 4036 299 4108 quibus
325 4037 419 4106 optimi
446 4037 563 4108 alioquin
589 4039 691 4091 codices
718 4045 810 4090 conta·
880 4042 904 4106 §-
924 4044 965 4093 lt.
987 4049 1109 4092 nontam
1127 4040 1184 4091 sais
1202 4037 1314 4107 viridia]
1344 4033 1449 4090 Ablati-

204 4103 298 4158 minati
316 4115 391 4158 sunt:
414 4109 465 4160 dno
488 4109 599 4159 militum
621 4114 668 4158 aut
691 4106 727 4158 ΙΙ
741 4107 811 4158 mili·
845 4125 894 4159 vus
910 4107 953 4161 hic
970 4117 1012 4160 cst
1028 4123 1129 4160 musae.
1165 4105 1263 4159 Senatu
1280 4116 1333 4158 est:
1360 4121 1449 4158 move-

205 4183 258 4228 tnm
277 4172 306 4240 (i.
316 4191 338 4226 a.
352 4173 405 4229 dno
420 4174 512 4242 milia),
532 4177 597 4228 daos
609 4176 730 4236 militina,
744 4174 811 4226 adeo
845 4177 943 4228 bantur
960 4185 991 4227 ut
1005 4175 1166 4228 obsidionem
1180 4173 1376 4240 continuarent,
1395 4191 1448 4226 non

205 4243 242 4296 11
269 4245 334 4296 duos
357 4245 467 4296 militnm
496 4251 539 4312 (ut
556 4243 636 4296 Rern.
653 4244 679 4294 A
696 4241 768 4295 Flor.
785 4244 811 4294 A
845 4251 901 4296 tam
954 4245 988 4296 od
1006 4243 1105 4296 viribus
1123 4243 1298 4307 abundarent,
1317 4241 1449 4312 sedquod

207 4309 295 4376 Leid.)
845 4311 872 4364 id
889 4313 1014 4364 scebant
1031 4310 1068 4364 illi
1086 4310 1136 4381 ipsi
1152 4310 1198 4380 qui
1215 4309 1412 4364 obsidebantur.

242 4382 265 4447 ς.
285 4387 325 4432 14.
356 4380 458 4432 Tenedo
477 4397 575 4448 qnoque
593 4398 637 4433 rer
669 4389 696 4432 ta
717 4380 811 4432 Chiam
881 4381 1065 4450 Apolloniden]
1101 4379 1147 4432 Sic
1165 4395 1224 4432 cum
1241 4378 1316 4432 Ireid
1335 4378 1446 4432 Voss-l

208 4450 270 4516 cet}
307 4447 419 4519 Optima
436 4465 466 4502 so
483 4446 630 4502 lelicissima
665 4465 712 4501 aec
729 4455 770 4502 cst
786 4447 809 4501 I.
844 4447 1076 4504 BernhstFlor.
1089 4448 1151 4515 AB;
1165 4446 1246 4518 vulgo
1257 4447 1449 4516 Apolloniden.
