3214 5288
235 340 283 411 26
698 357 731 420 o.
760 355 884 408 ouum
908 357 994 408 num

231 570 340 633 moon,
372 565 468 643 quon
498 541 725 638 intenpestiva
759 540 976 614 colb'oo'tudioe
1009 538 1112 614 aubi
1144 563 1226 614 sose
1245 537 1377 638 fideles,
1411 537 1473 632 aed

232 653 362 728 owbste
395 652 504 726 seduli
533 652 673 725 toodoot
712 649 794 724 Non
829 675 995 725 secunim
1024 649 1133 723 modo
1166 649 1256 722 haec
1280 675 1357 723 vox
1364 705 1373 740 ,
1406 648 1472 724 sed

233 764 340 836 etiam
371 763 505 836 laetum
539 785 661 858 regem
692 786 734 834 ac
764 762 912 858 plenum
945 761 1063 836 bonae
1088 759 1165 858 spei
1188 760 1282 834 fecit.
1334 759 1471 858 Itaque,

231 875 265 949 oi
287 871 369 964 Dii,
399 873 529 970 inquit,
563 871 735 970 Phiiippo,
765 873 824 944 toi
840 873 1087 972 pontiam,
1112 896 1178 972 quo
1201 871 1301 947 owdo
1325 871 1472 945 maiore
1490 883 1519 932 12

232 985 329 1060 velles
352 984 506 1058 monum
532 983 679 1080 coperia-i
702 1007 830 1075 meum,
855 984 923 1058 ob'o
942 984 1091 1084 prefecto
1116 981 1295 1072 coboea,
1319 982 1381 1056 sed
1404 1006 1473 1056 cer·

232 1096 312 1170 tiore
347 1121 449 1195 qinom
487 1105 723 1192 caperonem,
763 1117 805 1166 ne
837 1107 985 1191 optasses
1021 1093 1165 1193 occidero.
1218 1091 1296 1166 Hoc
1333 1091 1473 1191 apotolo

232 1203 902 1304 occeptatmreopuodddueroobidi:
938 1202 1473 1294 comacendameoooma'-

108 1369 123 1398 .
231 1315 570 1414 nusprotuofido,
605 1313 1328 1414 pumpowamaoesesooimon
1369 1310 1472 1386 Haec

231 1428 373 1502 locutus
398 1425 565 1500 dextram
590 1425 756 1522 Philippo
783 1425 897 1498 offert.

173 1538 230 1629 ,16
334 1533 504 1610 Ceterum
534 1545 638 1610 tanta
670 1537 725 1608 vis
755 1534 1006 1610 medicamenti
1038 1533 1121 1624 fuit,
1155 1543 1198 1606 ut
1229 1560 1321 1632 quae
1346 1551 1473 1610 secuta
1491 1548 1519 1598 18

230 1656 316 1720 sunt
337 1647 621 1724 criminationem
646 1646 891 1722 Parmenionis
917 1644 1128 1720 adiuverint.
1158 1643 1378 1720 Interclusus
1400 1646 1520 1744 spi-14

229 1758 320 1832 ritus
352 1767 432 1832 orte
467 1757 620 1832 meabat.
685 1755 760 1832 Nec
794 1757 980 1856 Philippus
1017 1755 1206 1853 quicquam
1239 1757 1473 1855 inexpertum

229 1869 358 1942 oudsit
406 1867 469 1942 Ille
495 1871 654 1943 fomenta
680 1869 821 1968 corpori
846 1868 1025 1958 admovit;
1058 1866 1116 1939 ille
1141 1877 1346 1965 torpentem
1372 1893 1472 1940 nuno
1589 1885 1590 1892 ’

229 1980 316 2071 cibi,
350 2005 446 2056 nunc
471 1979 545 2052 vini
571 1979 682 2055 odore
708 1979 890 2054 excitavit
938 1978 1059 2074 Atque
1091 1987 1134 2050 ut
1158 1979 1313 2075 primum
1336 1979 1471 2052 mentis
1490 1995 1520 2042 1⁵

228 2100 432 2188 compotem
458 2115 536 2162 osse
563 2093 683 2181 sensit,
709 2089 817 2164 modo
841 2091 967 2164 mata-is
993 2113 1237 2185 sororumque,
1255 2086 1364 2163 modo
1390 2099 1471 2162 tan-

228 2209 288 2272 tae
321 2200 491 2272 victoriae
527 2202 845 2298 appropinquantis
878 2199 1072 2274 admonere
1105 2225 1180 2273 non
1213 2199 1362 2273 destitit
1415 2197 1471 2272 Ut
1490 2216 1519 2265 lo

229 2334 317 2382 vero
347 2307 646 2384 medicamentum
681 2336 719 2383 se
752 2310 895 2383 diffindit
928 2311 964 2382 in
999 2335 1126 2400 venas,
1159 2319 1197 2383 et
1228 2311 1361 2384 sensim
1385 2319 1469 2384 toto

136 2472 139 2478 -
229 2443 377 2518 corpore
403 2419 593 2492 salubritas
619 2421 753 2519 percipi
784 2421 920 2518 potuit,
959 2422 1113 2519 primum
1139 2421 1278 2494 ananus
1303 2420 1470 2520 vigorem

246 2605 327 2670 orere]
346 2601 449 2672 Optimi
466 2619 497 2656 ac
514 2602 631 2726 pieriam
649 2603 724 2658 codd.
743 2601 828 2669 (Leid.
908 2604 963 2658 Sed
987 2606 1096 2658 certiore
1127 2621 1206 2674 ooom
1223 2613 1343 2674 expertm
1364 2620 1405 2669 ec,
1432 2621 1468 2656 ne

255 2688 304 2724 oss.
322 2669 403 2724 Bam.
421 2673 446 2724 Α
463 2669 576 2725 Flor.B
604 2671 708 2742 DEGI)
727 2671 829 2726 encliti-
863 2682 981 2726 orasses
1003 2674 1118 2743 quiden]
1153 2672 1200 2728 Sic
1221 2687 1311 2726 omnes
1331 2671 1366 2724 ad
1382 2689 1468 2726 unum

228 2756 286 2818 cam
302 2756 351 2818 que
368 2737 504 2809 ignorant,
527 2757 594 2810 quae
616 2740 644 2794 in
660 2741 721 2794 edd.
737 2740 828 2809 vulga-
863 2689 924 2794 libri
941 2740 1024 2794 nostri
1041 2749 1069 2794 et
1087 2739 1291 2810 snakenburgii,
1308 2740 1354 2794 sed
1367 2739 1468 2795 iuedd.

228 2815 263 2860 trs
284 2806 384 2877 legitur
406 2808 553 2876 omissoque
575 2820 651 2864 meta.
687 2807 766 2872 Quod
783 2807 829 2878 qui
862 2817 969 2879 praeter
985 2809 1137 2864 Modiauam
1159 2807 1279 2864 omnibus
1299 2807 1385 2862 minus
1403 2825 1469 2864 oon-

228 2875 388 2946 scripscrunt
431 2877 513 2930 verba
538 2895 583 2931 oro
601 2895 697 2947 quaem
769 2893 828 2932 cum
863 2875 940 2930 oiuue
956 2879 1091 2934 certiorem
1108 2877 1214 2946 legitur.

228 2946 332 3000 mbos
410 2962 426 2998 e
451 2943 651 3002 coniunxerunt.
714 2962 745 3000 ec
765 2961 829 2998 vero
898 2947 935 2999 Et
952 2963 1021 2998 amec
1039 2949 1114 3000 crede
1131 2947 1327 3000 monobasiam
1338 2961 1390 3014 pro
1404 2944 1467 3016 cet]

228 3023 270 3066 est
290 3031 337 3068 cur
363 3015 459 3069 coniaco
485 3014 571 3084 potius
596 3033 656 3070 cum
673 3013 744 3068 Flos.
761 3013 784 3066 F
803 3011 829 3068 G
863 3013 979 3080 Iterum,
1007 3015 1078 3084 quod
1100 3013 1208 3080 mirere,
1234 3013 1349 3068 aditores
1371 3019 1468 3066 contra

227 3099 305 3152 quam
322 3083 579 3138 umissoscribamua
599 3085 749 3138 Amietimos
758 3081 829 3138 enim
863 3083 1007 3150 librorum,
1034 3090 1162 3152 quantum
1189 3099 1223 3137 ex
1244 3081 1316 3136 Floa
1338 3080 1419 3134 Bam.
1436 3089 1469 3134 ct

227 3168 294 3220 quae
312 3151 446 3229 habemus,
464 3151 481 3204 i.
499 3167 521 3202 e.
539 3151 706 3220 deponimus,
724 3167 828 3230 amore-
864 3150 945 3204 Snak.
955 3167 1082 3229 consensu
1095 3149 1245 3230 egristimare
1257 3149 1328 3230 licet,
1347 3147 1467 3203 onmium

227 3227 576 3362 tumtunm&
589 3237 643 3337 ¹2⁰?
658 3235 829 3338 dotet·
863 3225 1198 3355 ttttttstttt
1215 3226 1468 3342 mmm

228 3353 342 3405 omittere
360 3361 453 3404 meeum
470 3352 521 3404 drcr
539 3369 622 3422 posse.
642 3351 829 3406 CtBunnann
863 3355 1019 3409 conminus
1042 3371 1098 3408 esse
1119 3356 1267 3410 sollicitam.
1302 3354 1378 3410 Inter
1398 3369 1466 3423 quas

227 3419 751 3486 adPhaodr.1,18,10,Drakenb.ad
766 3418 825 3476 Liv.
863 3421 1004 3502 scripturae
1026 3421 1071 3474 vix
1095 3421 1145 3479 diu'
1168 3429 1257 3492 potest
1274 3429 1402 3492 quantun
1420 3438 1466 3476 ur·

227 3501 257 3554 v,
275 3495 318 3552 43,
337 3495 361 3542 4.
391 3488 483 3542 Omitte
501 3489 616 3542 timorem
634 3488 705 3558 apud
721 3487 828 3544 Cioooo-
862 3489 987 3545 bonitatis
1008 3499 1041 3546 et
1062 3489 1234 3548 bimaitan
1259 3489 1399 3546 discrima
1424 3488 1466 3542 in·

227 3573 288 3608 nem
306 3555 333 3608 in
351 3555 451 3608 somnio
469 3554 597 3626 Scipionis
615 3559 661 3624 §.1
682 3555 715 3608 dc
732 3555 828 3610 timore
862 3557 947 3612 tersit.

227 3641 318 3678 recens
339 3631 403 3677 nato
426 3622 531 3678 dicitur.
576 3623 636 3680 Hoc
658 3631 748 3681 autem
771 3624 828 3678 loco
896 3627 971 3680 Haec
988 3627 1100 3696 locutos]
1119 3625 1286 3683 Prainebelo
1322 3635 1381 3682 odos
1390 3625 1467 3705 quod

226 3691 364 3772 Philippus
381 3691 495 3748 animum
512 3691 582 3762 rogis
604 3694 703 3746 dudmn
720 3692 828 3762 suspici·
862 3711 916 3748 non
937 3693 1041 3750 insarno
1067 3693 1094 3746 in
1119 3695 1179 3750 cdd.
1205 3693 1290 3750 reteri
1309 3713 1338 3748 us
1365 3693 1415 3748 nisi
1436 3693 1466 3746 in

227 3777 277 3816 oue
294 3757 382 3829 eliqua
398 3769 499 3814 motum
512 3768 599 3831 punt,
617 3777 727 3832 cumque
745 3760 828 3832 ipsam
861 3761 980 3831 margine
996 3760 1130 3818 lucianae.
1150 3761 1261 3818 Codices
1278 3763 1385 3832 quidem
1401 3779 1465 3816 mss.

227 3830 261 3882 ob
271 3829 671 3884 oausamrexeumsuaoratione
679 3829 825 3886 continuat
860 3831 894 3884 cd
911 3847 992 3884 unum
1009 3845 1100 3884 omnes
1117 3833 1232 3898 boatus,
1254 3847 1288 3883 ne
1306 3830 1364 3900 quis
1381 3829 1466 3885 coam

262 3899 285 3964 ξ.
305 3903 345 3950 12.
380 3914 430 3977 quo
451 3900 526 3952 modo
543 3900 655 3950 mommo
672 3901 748 3978 vestes
766 3901 825 3952 oni·
861 3899 894 3950 de
910 3897 975 3954 false
992 3896 1366 3980 emipturploqmonsoogitet,
1383 3915 1465 3968 quam

226 3965 745 4096 vpfflffiwpmdpmuossffl
754 3983 826 4088 Fvlbrr.
860 3983 1034 4114 nudqabinit?
1050 3965 1463 4104 lbdbfltimi'dddbsedicomeao]

226 4100 287 4154 BC
307 4099 381 4153 Leid.
422 4101 489 4154 Cum
511 4101 620 4170 vulgata
642 4119 692 4171 quo
713 4103 827 4155 mxime
861 4103 1191 4172 mammaemammal
1236 4101 1464 4173 legitur‚innullo

225 4171 301 4222 modo
318 4170 434 4224 animum
452 4171 528 4224 velles
546 4169 633 4222 nullus
642 4171 699 4226 cod.
709 4185 827 4224 meorum
861 4171 918 4224 cod.
945 4188 1004 4227 mes·
1031 4171 1103 4224 Flor.
1129 4181 1176 4226 aut
1267 4169 1407 4241 .lagitur,
1433 4178 1465 4223 et

226 4235 432 4302 committed
449 4255 516 4290 unus
525 4235 596 4292 Flor.
606 4235 641 4303 G,
660 4237 704 4307 qui
714 4239 826 4292 maxime
860 4243 998 4308 poetarum
1049 4238 1101 4292 tius
1119 4239 1231 4292 ser-moni
1249 4237 1388 4304 convenit,
1413 4237 1464 4292 uisi

224 4303 384 4374 interponit,
403 4305 483 4360 habet
501 4313 589 4358 tamen
607 4309 683 4358 velles
700 4307 826 4372 unionum,
861 4307 932 4376 quod
949 4325 1002 4362 uno
1029 4323 1077 4360 ooo
1094 4308 1164 4378 apud
1183 4307 1337 4362 Ciceronem
1353 4306 1394 4376 (in
1407 4305 1462 4360 Pis.

225 4373 318 4443 etqui
336 4375 452 4426 animum
470 4375 547 4426 velles
565 4373 684 4428 scribunt
701 4377 826 4443 quoerodo
861 4381 921 4440 ab)
940 4373 1084 4428 invenitur.

225 4440 398 4512 coniungunt.
894 4445 919 4511 ὅ.
938 4449 979 4498 lt.
992 4444 1106 4512 primm
1124 4445 1229 4500 animas
1246 4445 1358 4513 ciperem
1375 4459 1463 4510 worn,
