3214 5288
202 380 271 431 VIII
711 378 930 430 PRAEFATIO.

204 561 402 660 henburgio
428 562 606 660 congestis
640 562 712 634 iam
745 561 968 660 aliquatenus
1000 564 1201 662 perspicere
1227 547 1313 640 mihi
1338 569 1437 642 visus

206 715 336 780 essem,
362 699 440 762 tum
467 688 610 762 demum
637 689 836 763 accuratius
863 691 1031 789 cognovi,
1065 702 1257 790 postquam
1282 720 1305 768 a
1329 694 1438 769 Fran·

205 818 299 890 cisco
326 816 372 890 de
396 816 426 890 F
427 818 513 908 uria,
539 817 765 890 meritissimo
790 817 1027 892 bibliothecae
1052 817 1312 896 Laurentianae
1337 849 1438 922 prae·

204 946 316 1036 fecto,
348 954 515 1018 accurata
549 969 679 1019 novem
712 944 874 1019 codicum
899 944 1187 1021 Florentiuorum
1217 975 1301 1024 mss.
1334 952 1437 1024 colla·

204 1072 301 1147 tione
327 1073 523 1146 instructus
550 1096 639 1144 sum.
693 1069 773 1161 Quo
808 1073 967 1147 subsidio
1002 1075 1053 1148 rei
1078 1074 1257 1174 gerendae
1283 1079 1438 1152 confisus

205 1227 286 1275 oum
312 1200 462 1299 impigre
487 1225 545 1274 me
579 1200 627 1274 ad
652 1200 910 1276 recensendum
936 1211 1095 1275 veterem
1122 1205 1331 1302 scriptorem
1358 1232 1438 1278 con·

204 1330 377 1418 tulissem,
402 1329 518 1426 ipsam
545 1327 737 1402 editionem
762 1330 813 1402 sic
837 1330 985 1421 institui,
1012 1339 1053 1402 ut
1078 1333 1250 1430 expositis
1276 1334 1313 1405 in
1339 1359 1440 1432 prae·

204 1457 338 1530 satione
364 1456 503 1530 critices
528 1455 746 1530 factitandae
771 1457 980 1547 rationibus,
1007 1482 1089 1532 cum
1112 1462 1295 1557 professus
1323 1484 1439 1533 essem

136 1581 145 1591 “
205 1585 293 1668 nihil
318 1609 376 1658 me
402 1583 449 1657 de
474 1585 679 1658 coniectura
705 1595 769 1658 aut
794 1609 875 1658 mea
900 1595 964 1659 aut
990 1585 1150 1676 aliorum,
1176 1586 1245 1659 nisi
1271 1585 1369 1684 quod
1389 1587 1440 1660 in·

207 1710 398 1802 dicassem,
433 1713 644 1811 positurum,
671 1711 810 1786 adiecta
836 1713 941 1786 simul
966 1713 1143 1787 bonorum
1169 1713 1332 1787 codicum
1358 1715 1440 1787 scri·

207 1851 328 1940 ptura,
368 1841 456 1915 satis
495 1841 567 1915 iam
605 1850 685 1914 tuto
725 1839 770 1913 dc
803 1839 876 1914 fide
909 1841 1124 1914 recensionis
1158 1866 1259 1915 meae
1292 1842 1440 1916 iudicari

206 1994 312 2068 posse
338 1967 530 2044 videretur.
582 1967 707 2066 Neque
738 1979 860 2042 tamen
891 1994 966 2042 non
999 1971 1273 2045 commentarios
1299 1995 1440 2068 quoque

205 2097 242 2169 in
267 2097 450 2196 publicum
476 2095 581 2170 edere
615 2097 895 2204 constitueram,
928 2122 1018 2195 quos
1053 2098 1148 2171 inter
1181 2097 1441 2172 recensendum

205 2234 347 2298 textum
382 2224 427 2296 de
459 2224 607 2322 singulis
639 2225 725 2298 locis
757 2236 806 2312 et.
827 2224 1059 2300 emendandis
1091 2235 1128 2298 et
1161 2227 1439 2324 interpretandis

207 2353 487 2451 conscripseram
511 2352 745 2449 plenissimos,
773 2352 803 2432 si
828 2353 927 2451 prius
953 2355 1134 2451 praesenti
1159 2355 1372 2446 necessitati,
1399 2366 1441 2431 ut

206 2479 490 2578 elegantissimus
516 2478 719 2554 Latinitatis
751 2489 877 2552 auctor
909 2481 947 2552 in
979 2481 1108 2554 scholis
1140 2491 1238 2556 recte
1263 2482 1334 2581 legi
1360 2509 1440 2582 pos-

207 2616 281 2697 set,
321 2606 408 2680 satis
443 2607 614 2681 fecissem.
676 2606 719 2681 Id
749 2633 837 2683 vero
869 2609 1056 2682 consilium
1089 2607 1150 2683 diu
1182 2621 1323 2684 morata
1356 2621 1442 2684 sunt

204 2759 289 2808 cum
324 2735 393 2807 alia
418 2743 497 2807 tum
522 2735 713 2835 praecipue
745 2715 978 2834 bibliopolae,
1011 2737 1251 2810 honestissimi
1276 2738 1441 2830 hominis,

208 2861 282 2954 sed,
310 2872 351 2936 ut
367 2887 434 2962 par
451 2837 517 2954 est,
535 2863 571 2935 in
592 2888 657 2937 suo
676 2863 821 2962 negotio
839 2862 998 2964 gerendo
1022 2865 1226 2956 cautissimi,
1246 2865 1440 2941 lentitudo:

209 2992 269 3089 qui
294 3016 376 3065 curn
401 3016 534 3066 novam
560 2992 752 3100 editionem
777 3017 880 3065 suam
905 2993 1022 3067 minus
1049 2991 1176 3092 cupide
1203 2994 1324 3093 expeti
1345 2991 1441 3067 vide·

207 3131 280 3210 ret,
314 3145 387 3192 non
414 3129 489 3192 tam
515 3121 613 3218 quod
637 3121 797 3195 recensio
823 3131 949 3194 nostra
979 3147 1003 3194 a
1028 3131 1152 3196 vetere
1177 3119 1334 3218 quodam
1359 3122 1442 3194 arti-

208 3247 275 3320 fice
301 3246 429 3318 acriter
455 3248 681 3344 reprehensa,
708 3273 815 3345 quam
841 3246 938 3346 quod
963 3249 1010 3324 ab
1036 3249 1106 3322 alio
1127 3247 1283 3347 quodam
1304 3257 1442 3322 nostra·

208 3399 289 3446 rum
314 3374 470 3472 partium
498 3372 685 3448 defensore
719 3375 811 3448 illico
847 3385 882 3450 et
917 3378 1138 3475 aliquantum
1171 3376 1295 3450 viliore
1326 3377 1443 3475 pretio

208 3501 363 3598 repetita
394 3511 507 3592 esset,
547 3499 710 3576 Curtium
734 3502 868 3578 Rufum
898 3531 972 3578 non
1003 3531 1086 3579 eum
1119 3529 1198 3579 esse
1231 3505 1442 3602 scriptorem

209 3628 439 3727 opinabatur,
464 3629 501 3701 in
527 3655 599 3728 quo
625 3632 835 3707 exornando
860 3634 1133 3732 hominibusque
1158 3630 1442 3705 commendando

211 3765 350 3829 sumtus
375 3756 517 3832 faceret.
570 3757 693 3858 Neque
721 3785 788 3860 ego
813 3761 844 3834 is
871 3787 984 3852 cram,
1019 3762 1076 3834 cui
1110 3785 1191 3834 cum
1226 3760 1296 3832 alia
1329 3759 1444 3833 multa

212 3882 352 3982 agenda
378 3896 513 3977 essent,
548 3887 766 3962 laboriosum
801 3915 891 3988 opus
925 3888 1118 3963 obtrudere
1149 3887 1341 3962 lectoribus
1369 3887 1443 3984 pla·

212 4020 324 4084 ceret:
361 4022 399 4086 et
424 4023 564 4113 tempus
599 4016 790 4092 videbatur
821 4017 979 4091 dandum
1014 4042 1093 4092 csse
1125 4015 1338 4103 hominibus,
1365 4015 1445 4088 sia

211 4139 461 4238 praeiudicatis
488 4145 714 4243 opinionibus
741 4145 788 4220 ad
812 4147 996 4220 meliorem
1017 4144 1148 4220 veteris
1167 4143 1321 4217 auctoris
1340 4143 1443 4216 aesti-

212 4266 404 4342 mationem
431 4271 598 4347 devenire
620 4275 775 4348 mallent

313 4394 461 4472 Interim
495 4399 581 4474 dum
615 4414 732 4478 cessat
766 4428 857 4503 opus
892 4413 930 4477 et
963 4400 1208 4475 commentarii
1238 4395 1275 4472 iu
1307 4397 1443 4470 scriniis

212 4517 457 4619 continentur,
501 4554 598 4605 nova
636 4531 811 4630 quaedam
851 4529 1009 4604 subsidia
1047 4528 1168 4602 critica
1206 4535 1444 4618 accesserunt,
