3254 5292
252 365 324 435 142
721 379 755 441 o.
783 378 907 430 curru
931 378 1016 430 nuru

200 569 246 640 52
353 561 522 638 Ceterum
558 563 763 635 hortantem
800 559 977 634 exercitus
1016 558 1186 633 exaudire
1220 585 1292 632 non
1333 571 1539 658 poteratne

249 699 355 750 usum
386 675 524 746 aurium
556 673 801 770 intercipiente
832 673 976 744 fremitu
1007 670 1160 742 duorum
1191 671 1388 768 agminum,
1423 670 1487 744 sed

250 787 286 858 in
315 796 508 882 conspectu
534 783 692 856 omnium
719 783 827 856 duces
853 793 891 856 et
915 783 1119 880 proximum
1150 807 1325 878 quemque
1359 781 1487 854 intere·

250 897 391 993 quitans
418 894 680 990 alloquebatur:
706 893 869 967 Emensis
895 903 951 967 tot
976 905 1090 966 terras
1115 893 1153 964 in
1178 917 1279 989 spem
1304 892 1547 982 victoriae,x1v

251 1007 297 1081 de
323 1033 395 1104 qua
420 1003 661 1077 dimicandum
685 1006 796 1094 foret,
810 1053 813 1060 «
827 1007 896 1078 hoc
926 1030 1038 1078 unum
1070 1025 1256 1100 superesse
1287 999 1487 1076 discrimen.

252 1115 445 1192 Granicum
478 1116 536 1187 hic
562 1139 721 1204 amnem,
758 1113 968 1211 bihciaeque
994 1125 1153 1203 montes;
1189 1123 1226 1186 et
1252 1110 1394 1211 Syriam
1419 1111 1488 1186 Ae-

252 1237 474 1328 gyptumque
508 1226 762 1322 praeeuntibus
797 1235 936 1322 raptas,
974 1225 1132 1322 ingentia
1173 1225 1249 1322 spei
1284 1223 1489 1321 gloriaeque

251 1339 490 1425 incitamenta,
516 1335 702 1410 rescrebat
742 1335 990 1434 Reprehensos
1017 1361 1065 1407 ex
1089 1335 1175 1432 fuga
1200 1333 1329 1407 Persas
1355 1353 1522 1431 pugna-2

252 1460 371 1536 turos,
408 1446 491 1540 quia
521 1447 644 1544 fugere
675 1472 748 1518 non
779 1456 936 1543 possent.
989 1445 1150 1519 Tertium
1174 1445 1246 1517 iam
1271 1445 1367 1517 diem
1390 1455 1491 1518 metu

254 1581 452 1653 exungues,
480 1558 588 1628 armis
615 1558 688 1629 suis
714 1565 898 1645 oneratos,
931 1556 968 1627 in
1000 1553 1127 1628 eodem
1152 1556 1304 1652 vestigio
1330 1556 1489 1628 haerere.

254 1667 401 1742 Nullum
439 1665 696 1764 desperationis
727 1667 869 1740 illorum
899 1667 1013 1738 maius
1044 1664 1212 1738 indicium
1244 1691 1338 1755 esse,
1383 1692 1490 1762 quarn

255 1776 352 1876 quod
377 1777 495 1867 urbes,
522 1777 619 1874 quod
645 1802 751 1874 agros
778 1801 862 1849 suos
889 1785 1049 1864 urerent,
1082 1776 1248 1872 quicquid
1272 1802 1346 1849 non
1372 1802 1491 1850 corru-

254 1890 401 1987 pissent,
414 1887 573 1960 hostium
598 1912 676 1962 esse
702 1886 863 1980 confessi.
902 1884 1056 1959 Nomine
1080 1885 1188 1958 modo
1214 1911 1309 1958 vana
1326 1889 1524 1983 gentiums

254 2000 458 2096 ignotarmn
490 2023 544 2070 ne
570 1999 854 2070 extimescerent.
906 1994 1030 2092 Neque
1061 1995 1156 2068 enirn
1189 1994 1236 2067 ad
1261 1996 1345 2068 belli
1372 1997 1491 2071 discri-

254 2135 338 2182 men
363 2107 560 2204 pertinere,
587 2109 647 2205 qui
673 2109 719 2180 ab
745 2106 801 2178 his
828 2103 998 2206 Scythae,
1034 2105 1140 2202 quive
1167 2103 1311 2180 Cadusii
1337 2110 1491 2206 appella·

218 2323 223 2341 ’
256 2348 317 2402 libri
343 2347 424 2400 Snulr.
446 2353 519 2399 stant
536 2363 590 2468 pro
611 2348 683 2417 vulg.
701 2351 739 2401 ud
755 2349 800 2401 reli
817 2349 856 2402 iu·
890 2347 912 2400 si
929 2346 1129 2418 praepositionis
1143 2345 1212 2400 illius
1229 2346 1257 2400 in
1274 2348 1322 2401 tali
1340 2349 1493 2404 reomissae

257 2427 332 2470 ctum.
368 2415 422 2468 Sed
438 2414 518 2468 Bern.
578 2419 616 2468 od
633 2419 710 2469 ictum
727 2419 779 2468 teli.
890 2415 1039 2486 exemplum
1056 2414 1118 2468 mibi
1136 2415 1321 2486 suppeditaret.

291 2482 356 2564 Cap.
375 2489 421 2548 52,

490 2488 533 2536 38.
570 2483 688 2536 Ceterum
713 2486 856 2537 hortantem
925 2485 948 2550 ξ.
969 2491 990 2535 1,
1005 2485 1191 2552 praeeuntibus
1210 2495 1301 2553 raptus
1320 2485 1336 2538 i.
1355 2503 1492 2565 caprae-

256 2553 395 2617 erercrtus]
445 2485 541 2604 diditur
571 2551 660 2620 vulgo¹
688 2554 734 2605 loc
768 2561 856 2606 tantus
890 2551 1038 2604 cursoribus
1054 2551 1169 2622 ipsorum
1186 2562 1285 2622 captas,
1304 2561 1336 2606 ut
1352 2571 1492 2633 gruu'ag.

187 2633 188 2638 ’
256 2637 348 2686 exerc,
366 2619 437 2689 quod
453 2620 606 2672 mendosum
623 2637 679 2672 esse
692 2619 857 2672 facileintel·
890 2624 960 2671 mine
982 2638 1047 2690 opus
1070 2638 1122 2673 non
1145 2620 1233 2672 suerit.
1273 2620 1356 2674 Nulla
1377 2631 1491 2675 venetos

256 2687 359 2753 li'tur;
388 2686 452 2756 quid
473 2687 543 2739 enim
560 2704 626 2757 opus
644 2687 695 2740 suit
712 2687 856 2740 exercitum
891 2688 967 2740 codd
985 2705 1045 2740 mss.
1063 2699 1112 2740 est.
1147 2687 1201 2740 Sed
1218 2687 1324 2742 Modius
1347 2691 1381 2742 de
1403 2690 1492 2744 conie-

255 2705 321 2808 ilffid
346 2754 485 2822 exaudire,
517 2773 577 2808 cum
608 2771 666 2808 cam
692 2757 726 2809 ob
753 2773 857 2810 causam
891 2763 980 2822 stura,
1011 2755 1065 2809 noli
1099 2755 1233 2820 dubitare,
1262 2760 1491 2825 praetereuntibus

255 2825 336 2877 duces
354 2830 520 2877 convocasset
537 2831 568 2876 ut
586 2841 645 2877 suos
662 2823 772 2902 quisque
789 2824 856 2877 mili-
890 2823 981 2888 edidit,
998 2842 1046 2894 pro
1063 2839 1135 2876 more
1153 2843 1199 2878 suo
1213 2827 1284 2894 quod
1297 2843 1350 2878 non
1359 2825 1490 2880 intellexit

255 2900 296 2946 tes
314 2891 378 2962 quid
395 2892 538 2945 cavendum
552 2893 783 2946 essetmonerent?
802 2893 856 2947 Sed
889 2891 1029 2961 pessimum
1047 2909 1150 2946 vocaus.
1167 2893 1225 2946 Nec
1243 2911 1312 2946 nunc
1328 2893 1426 2948 Persae
1442 2913 1492 2964 pu-

254 2960 300 3014 illa
318 2977 351 3013 na
368 2959 493 3013 librorum
512 2960 617 3030 quidem
633 2969 760 3015 mstonrm
777 2961 856 3015 lectio
889 2977 971 3031 gnare
988 2961 1121 3026 dicuntur,
1139 2960 1189 3012 nisi
1205 2960 1267 3031 quia
1284 2962 1367 3015 coacti
1386 2963 1438 3016 sint
1450 2970 1492 3016 at-

255 3037 314 3095 est,
341 3029 387 3098 qui
413 3029 447 3081 ad
472 3047 553 3081 unmn
579 3047 686 3096 omues,
713 3028 762 3082 nisi
787 3029 856 3083 forte
889 3045 941 3099 que
958 3045 991 3081 ex
1008 3028 1072 3097 suga
1088 3028 1254 3097 reprehensi,
1281 3029 1298 3081 i.
1326 3047 1349 3082 e.
1373 3031 1491 3084 retracti.

254 3097 341 3167 Bong.
350 3105 378 3150 et
392 3096 448 3150 Pal.
459 3103 484 3166 2,
504 3115 613 3168 quorum
623 3097 722 3152 mentio
731 3098 804 3151 nulla
815 3099 855 3165 fit,
926 3099 951 3162 5.
971 3103 995 3150 2.
1032 3097 1133 3150 tertium
1151 3099 1204 3150 iam
1222 3099 1301 3170 diem]
1320 3098 1380 3152 Hoc
1397 3100 1491 3152 verbo-

255 3164 412 3284 eioeperidh
428 3167 497 3284 loct·
507 3169 610 3218 tandem
627 3165 856 3287 ·i⁸hibg,¹1²⁸'ffl,ii⁰
890 3183 956 3286 qumt
966 3164 1057 3218 ordine
1073 3164 1154 3216 Beru.
1171 3173 1200 3244 et
1216 3165 1287 3285 Flop.
1310 3167 1492 3288 omtppsecqpthi-

414 3271 420 3282 .
957 3272 963 3296 ,
995 3250 1039 3284 um

254 3249 856 3370 inlddnnotationihluhqdddduliiffldcextremud
890 3249 994 3353 teiliavi
1010 3232 1397 3371 diffiqnnrppqpongpmen
1415 3253 1493 3356 wdqr

256 3365 325 3420 libro
342 3366 459 3418 adiectae
476 3375 547 3432 aunt,
565 3369 611 3419 loc
620 3377 708 3420 tantus
716 3367 856 3422 lectionem
889 3367 960 3420 Flor.
978 3367 1080 3421 DEFG
1096 3370 1171 3422 tertio
1189 3371 1242 3422 ium
1260 3371 1309 3422 die.
1345 3371 1491 3440 Exunyuea

256 3450 312 3487 ease
329 3441 445 3486 veterem
467 3433 484 3486 i.
507 3450 529 3486 e.
551 3433 648 3487 veteris
671 3435 778 3488 alicuius
795 3436 855 3490 libri
890 3435 917 3488 in
943 3435 1016 3490 nullo
1037 3453 1089 3490 non
1116 3437 1173 3490 cod.
1200 3455 1247 3490 ms.
1274 3437 1410 3505 scribitur,
1442 3456 1492 3493 nec

256 3501 400 3581 contendit.
435 3500 515 3567 Inde,
533 3502 640 3582 opinor,
656 3501 688 3581 in
704 3503 856 3584 Modiquum
890 3503 1215 3584 quicquam-constantius
1237 3523 1318 3585 quarn¹
1332 3504 1491 3586 ‘litterams

255 3571 855 3717 tullittttttfflstltttttt
880 3571 1491 3713 ·ttttfltti.tttttttttttttt²t

255 3705 388 3759 consuluit
413 3705 527 3759 Walcbii
557 3707 680 3760 facillima
705 3709 854 3763 emendatio
887 3709 1004 3762 malicus.
1047 3708 1101 3762 Sed
1127 3723 1184 3762 eam
1209 3709 1294 3780 ipsam
1320 3711 1354 3764 ob
1385 3727 1491 3764 causam

253 3775 405 3839 tonantem,
443 3791 478 3828 ua
492 3784 599 3846 recepta
616 3775 681 3828 nibil
698 3777 731 3829 ad
745 3777 854 3847 integri·
887 3778 958 3847 quod
975 3775 1041 3829 alibi
1057 3795 1070 3830 s
1089 3777 1205 3843 eliditur,
1224 3781 1272 3846 §.0
1286 3787 1412 3832 exsortem
1429 3779 1490 3832 dedi

252 3841 404 3922 tatemnloci
415 3790 512 3922 'deesse
528 3859 679 3914 persuasum
687 3845 750 3898 mihi
759 3846 851 3900 habeo.
887 3863 940 3898 non
958 3855 1079 3909 exorem,
1106 3845 1169 3915 quia
1190 3864 1204 3899 a
1222 3855 1347 3900 exaratur
1363 3845 1391 3899 in
1408 3846 1489 3900 Bern.

254 3909 363 3963 Transit
380 3927 451 3964 emm
466 3919 559 3964 auctor
574 3912 626 3965 iam
639 3914 673 3965 ad
687 3913 776 3968 solitas
789 3922 853 3967 ante
885 3913 912 3965 A
929 3913 1000 3968 Flor.
1019 3912 1109 3966 ADG.

252 3981 483 4116 tutent
495 3980 856 4103 tttttttnttt
889 3983 989 4116 atii-21³·
1002 3979 1492 4118 sttttntttttttntt

253 4113 321 4168 hanc
337 4115 423 4184 operis
437 4123 539 4184 partem
553 4091 855 4188 interpracstantisdma
887 4117 960 4184 dicit,
996 4119 1049 4171 uod
1065 4117 1125 4170 illae
1142 4125 1236 4190 gentes
1252 4126 1311 4170 tum
1328 4115 1489 4170 interAsia-

252 4182 335 4235 totius
352 4183 517 4254 antiquitatis
533 4195 702 4239 monumenta
717 4203 853 4240 numerare
887 4203 935 4239 nos
957 4187 990 4239 be
1012 4185 1050 4238 'ca
1073 4185 1151 4239 laude
1175 4185 1288 4239 maxime
1306 4185 1489 4238 excelluerint

252 4265 306 4304 non
323 4251 480 4305 dubitemus.
888 4253 930 4308 Os.
948 4255 1090 4308 Arrianum
1107 4261 1205 4322 111,19,
1225 4260 1239 4308 t
1258 4253 1303 4306 ubi
1322 4253 1391 4306 sema
1409 4252 1490 4306 nune

286 4321 316 4370 in
342 4331 477 4389 conspectu
502 4323 627 4393 omnium]
664 4321 801 4376 Omittunt
817 4325 852 4376 ¹in
884 4321 1008 4389 traditur,
1026 4321 1143 4376 Dareum
1160 4322 1212 4376 iam
1229 4323 1340 4374 fractum
1357 4321 1490 4390 apudAr·

252 4387 328 4441 codd.
345 4386 416 4440 Flor.
433 4389 526 4442 ABDI
543 4390 622 4444 Bern.
640 4392 666 4443 A
683 4390 756 4444 Lcid.
773 4391 851 4445 Voss.
885 4390 946 4444 bela
962 4392 1047 4443 denuo
1065 4391 1198 4444 fortunam
1215 4389 1488 4470 proeliienperturuqq

216 4467 221 4492 ¹
253 4462 284 4524 1,
302 4473 415 4526 quorum
438 4457 622 4513 aucwritatcm
643 4467 747 4516 secutus
768 4475 851 4514 casem
885 4475 941 4513 esse
959 4459 1031 4529 quod
1047 4458 1165 4526 Scythae
1182 4467 1211 4513 et
1233 4459 1341 4513 Cadrun
1357 4475 1408 4528 ipsi
1425 4473 1488 4512 soen
