3254 5292
222 339 295 410 114
700 356 733 419 o.
762 354 886 407 cunrrr
911 357 997 410 anm

169 544 217 614 37
323 537 545 632 Alexandro,
563 538 624 636 qui
649 564 838 612 numerum
865 541 1048 639 copiarum
1075 541 1161 633 eius,
1188 552 1362 640 quantum
1389 568 1468 640 pro·
1487 562 1520 610 11

221 653 279 725 cul
305 651 497 725 coniectari
522 658 676 750 poterat,
703 651 957 743 aestimabant,
983 653 1047 726 vix
1073 653 1236 727 fecerunt
1260 652 1385 745 fidem,
1412 664 1469 728 tot

220 764 363 840 milibus
402 764 530 854 caesis,
569 760 723 834 maiores
762 763 882 861 copias
918 787 996 836 esse
1036 775 1232 862 reparatas.
1299 761 1468 838 Ceterum
1486 784 1521 832 12

222 876 338 948 omnis
372 875 520 974 periculi
553 883 590 947 et
615 875 772 947 maxime
797 873 1036 947 multitudinis
1064 885 1300 974 contemptor,
1326 876 1469 950 undeci-

221 989 289 1062 mis
325 987 451 1062 castris
487 984 534 1058 ad
569 981 781 1081 Euphraten
815 985 996 1084 pervenit:
1037 1010 1109 1083 quo
1140 988 1311 1085 pontibus
1344 988 1466 1062 iuncto
1544 1047 1546 1052 .

224 1099 361 1195 equites
386 1096 522 1195 primos
548 1096 610 1184 ire,
635 1097 852 1196 phalangem
878 1098 979 1194 sequi
1004 1096 1114 1190 iubet,
1140 1097 1305 1190 Mazaeo,
1333 1098 1393 1197 qui
1420 1097 1467 1172 ad

221 1209 456 1283 inhibendum
487 1207 680 1282 transitum
712 1209 788 1282 eius
826 1233 908 1280 curn
940 1234 1007 1284 sex
1039 1210 1182 1285 milibus
1215 1210 1376 1307 equitum
1411 1235 1467 1284 oc·

223 1331 403 1410 currerat,
437 1344 512 1392 non
547 1341 636 1394 auso
670 1320 868 1417 periculum
903 1320 957 1393 sui
990 1320 1116 1393 facere.
1170 1319 1299 1394 Paucis
1326 1320 1466 1412 deinde,
1485 1339 1520 1388 13

221 1457 295 1504 non
321 1430 368 1504 ad
395 1429 561 1526 quietern,
588 1434 653 1507 sed
679 1430 726 1504 ad
752 1430 1021 1530 praeparandos
1048 1431 1196 1522 animos,
1219 1431 1346 1506 diebus
1372 1432 1466 1505 datis
1519 1475 1525 1484 ·

221 1543 335 1631 militi,
362 1552 508 1616 strenue
534 1545 676 1618 hostem
702 1542 841 1640 insequi
858 1543 996 1641 coepit,
1022 1552 1196 1635 metuens,
1223 1568 1270 1616 ne
1296 1543 1467 1618 intenora

222 1653 323 1751 regni
350 1651 405 1726 sui
431 1663 581 1750 peteret,
604 1653 879 1752 sequendusque
905 1663 1002 1727 esset
1026 1678 1091 1750 per
1117 1653 1197 1726 loca
1222 1653 1318 1726 omni
1345 1655 1466 1728 solitu-

223 1762 306 1835 dine
332 1771 440 1860 atque
466 1764 587 1863 inopia
613 1777 728 1839 vasta
780 1764 894 1864 Igitur
921 1773 1050 1862 quarto
1077 1762 1135 1837 die
1161 1775 1304 1863 praeter
1330 1763 1466 1838 Arbela
1483 1784 1519 1832 14

221 1884 389 1972 penetrat
423 1874 471 1947 ad
506 1875 638 1975 Tigrin.
692 1875 786 1950 Tota
819 1877 919 1975 regio
955 1875 1050 1948 ultra
1084 1898 1227 1948 amnem
1252 1875 1387 1948 recenti
1412 1875 1464 1946 fu-

221 1985 345 2058 mabat
369 1984 550 2059 incendio:
577 1988 708 2085 quippe
729 1980 908 2077 Mazaeus,
935 2009 1168 2083 quaecunque
1194 1983 1341 2076 adierat,
1367 1983 1466 2058 haud

223 2121 325 2170 secus
352 2121 459 2191 quam
484 2097 600 2172 hostis
626 2099 762 2171 urebat.
801 2097 858 2170 Ac
883 2097 999 2194 primo
1026 2095 1185 2192 caligine,
1212 2121 1320 2192 quarn
1346 2098 1464 2169 fumus
1484 2115 1518 2164 15

222 2204 408 2294 effinderat,
423 2207 638 2281 obscurante
651 2208 777 2299 lucem,
790 2207 1000 2280 insidiarum
1011 2216 1112 2279 metu
1131 2205 1307 2280 substitit:
1334 2207 1465 2281 deinde

222 2325 264 2388 ut
290 2316 532 2412 speculatores
558 2317 744 2414 praemissi
770 2327 851 2391 tuta
877 2318 996 2390 omnia
1021 2316 1297 2408 nuntiaverunt,
1330 2344 1464 2416 paucos

222 2427 382 2521 equitum
417 2424 464 2497 ad
495 2427 745 2524 temptandum
780 2427 916 2500 vadum
941 2426 1097 2500 fluminis
1123 2428 1326 2525 praemisit:
1362 2430 1462 2502 cuius

221 2535 374 2610 altitudo
406 2535 521 2632 primo
554 2560 695 2610 summa
721 2563 895 2636 equorum
919 2548 1085 2636 pectora,
1120 2562 1225 2629 mox,
1262 2541 1366 2612 utin
1392 2567 1462 2614 me-

220 2645 319 2718 dium
346 2647 489 2718 alveum
515 2659 665 2722 ventum
691 2660 762 2740 est,
796 2650 952 2723 cervices
979 2675 1121 2746 quoque
1147 2650 1335 2746 aequabat.
1388 2649 1463 2726 Nec
1482 2671 1515 2720 ro

221 2781 308 2830 sane
349 2757 438 2830 alius
478 2757 526 2832 ad
561 2755 719 2834 Orientis
759 2763 903 2860 plagam
943 2771 1018 2834 tarn
1057 2761 1236 2833 violentus
1271 2761 1462 2856 invehitur,

222 2965 250 3010 et
267 2957 312 3012 ille
334 2974 423 3012 veram
444 2974 502 3012 esse
523 2959 698 3031 antiquissimi
713 2960 824 3016 Floren·
858 2959 932 3014 Leid.
942 2962 1018 3014 Voss.
1038 2967 1050 3014 1
1070 2968 1099 3012 et
1115 2959 1241 3014 Modiana
1251 2960 1315 3015 edit.
1333 2965 1371 3016 ad
1381 2981 1462 3032 prue-

222 3026 271 3080 tini
289 3027 455 3097 scripturam.
817 3037 821 3046 '
853 3031 994 3098 parandos
1017 3028 1131 3096 habent,
1154 3028 1225 3082 Flor.
1253 3029 1291 3083 ΕΙ
1336 3049 1462 3100 reperan-

257 3095 322 3166 Csp.
340 3103 383 3163 st,
402 3099 427 3163 ξ.
448 3102 488 3149 11.
566 3107 639 3152 ntum
650 3099 747 3168 procul
764 3116 824 3152 con·
859 3099 914 3151 clos.
934 3097 1009 3150 Ordo
1017 3097 1157 3150 verborum
1169 3095 1198 3149 in
1207 3095 1310 3152 Flenc
1346 3101 1463 3168 :paucis

220 3162 514 3284 retractant
531 3175 825 3288 antecessu
858 3167 1030 3288 §tant
1044 3167 1361 3288 strarant
1374 3169 1461 3290 atti

356 3269 357 3272 ,
417 3271 425 3310 t
927 3281 929 3284 ,
1168 3273 1174 3286 ,
1453 3280 1459 3292 ,
1508 3293 1512 3302 ³
1618 3279 1619 3287 χ

219 3297 612 3434 ffifflffimlffiffllu,
624 3301 744 3423 {glum
761 3301 824 3355 ⁰¹¹⁰¹
893 3338 916 3404 ς.
936 3342 977 3389 14.
999 3337 1038 3388 aa
1057 3335 1163 3406 rann]
1185 3333 1266 3388 sem.
1283 3338 1310 3389 s
1326 3335 1396 3390 nor.
1409 3337 1461 3390 An

238 3435 823 3571 aftattffi
857 3411 1005 3554 ltbt
1019 3403 1462 3553 astrasapes-athe

213 3520 314 3624 {orum
331 3587 390 3624 mss·
408 3587 576 3640 mmmm,
597 3571 626 3626 in
649 3572 751 3626 Graeca
767 3582 821 3627 ter·
854 3541 1172 3622 prrm5sedc.401mt.
1198 3558 1288 3594 omnes
1310 3541 1414 3595 hteram
1435 3561 1460 3596 m

219 3637 363 3692 minatione
384 3637 465 3693 Bm·
481 3641 509 3694 A
531 3639 603 3695 flor·
621 3641 764 3696 AEFGHI
780 3659 821 3696 se·
856 3627 883 3662 rn
900 3609 953 3662 fine
970 3615 1088 3689 tuentur.
1118 3607 1218 3662 Omnes
1236 3618 1326 3663 sutem
1342 3610 1414 3665 Flor.
1431 3618 1460 3664 et

219 3706 274 3760 eug
291 3725 387 3760 sumus·
811 3744 815 3754 ¹
855 3677 935 3731 Bem.
952 3695 970 3748 y
987 3677 1103 3730 litteram
1120 3677 1227 3757 habent.
1246 3677 1372 3758 'Ceterum
1389 3679 1460 3750 quod

248 3776 395 3843 periculum
416 3777 458 3830 sm·
469 3779 565 3848 sam
590 3777 608 3832 i.
630 3795 653 3834 θ·
679 3779 823 3859 peficlipari
850 3757 960 3816 praeter
987 3747 1085 3800 Arbela
1116 3747 1151 3799 ad
1181 3745 1276 3816 Tigrin
1307 3757 1460 3826 penetrasse

218 3843 598 3993 gp=dr=lpehgquq5qugpg
611 3853 821 3988 {pgiqffpggff
854 3813 1459 3953 lttltfslltttltatttltlhttll

217 3997 303 4033 cuum
320 3999 422 4035 mmm·
855 3950 984 4005 orientem
1008 3967 1098 4005 versus
1124 3949 1224 4004 Arbela
1252 3950 1382 4017 intendit,
1412 3952 1459 4006 sed

252 4050 275 4116 5.
303 4055 344 4103 13.
366 4051 425 4129 'ud
460 4039 666 4131 praqrurpndos
705 4052 820 4123 animos]

210 4117 820 4267 fflffipgmglffioffgffuffinpffigssugddffi
854 4165 909 4210 tem
928 4156 1016 4228 Tigris
1033 4156 1169 4227 pervenit,
1193 4171 1262 4226 quae
1283 4156 1362 4228 longe
1379 4173 1460 4226 supra

215 4269 274 4306 nun
290 4252 386 4306 itinere
403 4253 495 4308 animis
513 4255 688 4310 concidissent
705 4255 819 4325 milites;
853 4227 1027 4346 sirbihlm·
1067 4223 1315 4346 Qg‘ffifieifflmm
1336 4243 1459 4306 album·

215 4321 262 4374 sed
280 4337 311 4374 ea
328 4321 458 4392 scriptura
479 4341 533 4377 non
550 4331 591 4377 est
608 4323 657 4377 nisi
675 4342 819 4396 paucorum
853 4305 943 4435 pffiq
960 4309 1091 4416 gffwipu
1180 4301 1459 4363 sn.111,r,mm1rum

215 4397 244 4440 ot
265 4388 408 4443 infidelium
431 4391 571 4460 librorum,
593 4401 744 4448 nostrorum
761 4393 819 4466 qui-

212 4457 276 4512 dem
296 4457 368 4513 Flor.
392 4458 467 4513 CEH
488 4461 570 4516 Bern.
591 4460 632 4530 B,
655 4462 737 4518 ceteri
759 4481 819 4518 cum
887 4466 1015 4536 substitit]
1052 4465 1179 4519 Subsistit
1196 4463 1268 4519 Flor.
1285 4463 1372 4522 ABG.

855 4021 939 4090 mag's
960 4021 994 4073 sd
1021 4018 1228 4141 sqptentrionem
1250 4035 1390 4074 conversus
1411 4037 1460 4092 per

854 4089 1016 4159 superiorem
1068 4087 1256 4158 esopotamism
1273 4089 1307 4142 ad
1324 4105 1382 4142 eam
1399 4105 1460 4160 par-
