3158 5294
274 353 346 424 506
741 373 775 437 o.
803 373 927 426 ouamr
951 373 1035 426 amr

271 568 346 630 tarn
372 556 521 630 viridem
554 567 591 631 et
622 557 658 630 in
684 557 773 630 flore
805 557 933 630 aetatis
965 557 1201 651 fortunaeque
1233 555 1378 628 invidia
1413 555 1525 630 deum.

272 678 434 767 ereptum
460 670 671 743 asserebas
697 669 870 742 humanis.
910 665 1024 764 Vigor
1049 667 1124 740 eius
1150 677 1188 738 et
1210 667 1337 738 vultus
1365 665 1511 739 educen-

272 779 317 852 tis
344 779 381 851 in
407 780 581 876 proelium
607 781 754 870 milites,
781 777 977 852 obsidentis
1005 777 1131 867 urbes,
1159 775 1353 850 evadentis
1378 778 1421 850 in
1448 803 1511 848 mu·

270 913 347 982 ros,
382 889 491 964 fortes
519 891 615 963 viros
642 916 709 988 pro
735 889 899 964 contione
932 888 1098 962 donantis
1125 888 1371 962 occurrebant
1398 889 1510 961 ocula.

271 1001 362 1074 Tum
383 987 596 1074 Macedones
623 1000 762 1074 divinm
789 1000 943 1074 honores
969 1023 1119 1098 negasse
1145 999 1177 1072 ei
1202 999 1435 1096 poenitebat,
1460 1000 1510 1070 im
1524 1017 1529 1054 ³³

271 1115 419 1211 piosque
446 1122 483 1186 et
508 1113 666 1210 ingratos
692 1111 803 1185 fuisse
829 1137 868 1184 se
887 1111 1158 1200 confitebantur,
1185 1109 1284 1207 quod
1312 1135 1428 1182 aures
1447 1111 1509 1182 eius

235 1223 392 1310 ‚debita
417 1224 654 1323 appellatione
680 1222 916 1296 fraudassent

224 1335 268 1406 16
372 1333 527 1408 Etcum
560 1333 620 1406 diu
660 1359 753 1406 nunc
792 1335 829 1406 in
855 1334 1101 1423 veneratione,
1139 1356 1235 1404 nunc
1266 1332 1305 1404 in
1337 1329 1508 1404 desiderio

271 1446 364 1542 regis
390 1445 604 1534 haesissent,
640 1445 677 1516 in
703 1445 799 1542 ipsos
826 1469 932 1518 versa
964 1443 1145 1518 miseratio
1165 1453 1244 1514 -est
1299 1440 1529 1516 Macedonici

270 1554 420 1652 profecti
452 1555 546 1627 ultra
570 1553 778 1653 Euphraten
812 1556 849 1626 in
880 1553 1004 1630 mediis
1036 1554 1199 1626 hostibus
1231 1577 1378 1625 novum
1411 1553 1508 1649 impe

269 1666 362 1738 rium
388 1665 660 1764 aspernantibus
686 1661 876 1740 destituwa
903 1690 942 1738 se
968 1689 1045 1738 esse
1070 1664 1279 1750 eemebaut;
1308 1665 1393 1736 sine
1421 1677 1507 1736 certo

271 1775 364 1874 regis
409 1775 541 1848 herede
580 1777 740 1874 publicas
779 1779 873 1850 vires
915 1773 961 1848 ad
1006 1801 1046 1848 se
1083 1797 1258 1870 quemque
1299 1783 1507 1846 tracturum.

270 1886 369 1960 Bella
394 1885 522 1960 deinde
548 1887 672 1976 civilia,
700 1913 790 1984 quae
817 1897 939 1960 secuta
961 1897 1054 1977 sunt7
1081 1885 1258 1958 mentibus
1283 1886 1529 1983 augurabant

270 2009 344 2070 tur:
371 1999 515 2087 iterum,
550 2023 623 2070 non
650 1997 695 2071 de
721 2023 831 2095 regno
857 1997 984 2088 Asiae,
1019 1995 1084 2070 sad
1110 1996 1156 2068 de
1180 2019 1283 2093 rege,
1316 1995 1413 2093 ipsis
1441 2021 1529 2068 sanw

269 2111 411 2205 guinem
439 2134 517 2182 esse
542 2108 779 2200 fundendum3
813 2108 916 2181 novis
943 2107 1148 2180 vulneribus
1176 2114 1320 2178 veteres
1349 2132 1506 2205 rumpen-

271 2218 335 2292 das
362 2219 541 2292 cicatrices
548 2248 557 2309 ;
584 2245 697 2311 senes,
723 2219 868 2308 debiles
894 2217 1002 2290 modo
1028 2217 1141 2316 petita
1165 2215 1336 2292 missione
1367 2243 1393 2291 a
1418 2220 1502 2290 iusto
1515 2237 1529 2280 11

269 2355 369 2426 rege,
409 2355 505 2402 nunc
529 2333 721 2404 morituros
747 2355 812 2427 pro
846 2329 1008 2427 potentia
1033 2328 1182 2400 forsitan
1209 2327 1384 2400 satellitis
1412 2331 1506 2400 alicu

270 2442 324 2512 ius
351 2441 523 2535 ignobilis.
575 2441 651 2548 Has
677 2440 909 2538 cogitationes
935 2439 1162 2512 volventibus
1184 2461 1260 2508 nox
1286 2439 1504 2535 supervenit,
1519 2449 1529 2494 1

269 2567 512 2646 terroremque
538 2553 648 2623 auxit
700 2551 831 2649 Milites
863 2552 899 2622 in
934 2549 1041 2622 armis
1073 2547 1286 2645 vigilabant3
1321 2547 1505 2646 Babylonii

270 2661 359 2732 alius
387 2686 406 2733 e
432 2661 552 2749 muria,
578 2663 667 2734 alius
694 2661 845 2734 culmine
871 2661 925 2734 sui
942 2661 1091 2756 quisque
1116 2658 1202 2730 tecti
1219 2662 1506 2754 prospectabam.

270 2772 370 2868 quasi
397 2775 549 2845 certiora
573 2775 693 2846 visuri.
733 2770 807 2844 Nec
833 2773 1019 2868 quisquam
1044 2769 1178 2840 lumina
1198 2767 1361 2842 audebat
1390 2783 1529 2842 accen-it

302 2978 323 3040 ξ.
345 2980 385 3026 10.
429 2991 458 3026 ro
474 2975 590 3026 contione
605 2974 736 3040 donantis]
765 2970 870 3025 Omissa
903 2972 960 3023 sine
985 2971 1078 3022 herede
1103 2970 1178 3036 repni
1206 2967 1411 3038 interpretandi
1437 2985 1504 3044 caes

268 3041 365 3094 lineola
381 2993 455 3095 fiir.
469 3041 519 3094 AB
537 3041 610 3093 Leid.
629 3045 725 3094 Vossl
747 3039 827 3092 Bam.
844 3044 869 3092 A
903 3037 946 3091 vel
957 3046 1081 3107 tanquam
1093 3035 1239 3089 variantem
1252 3035 1399 3090 lectionem
1418 3039 1504 3090 adsm-

269 3112 380 3164 donatia.
415 3110 499 3163 Iidem
513 3109 604 3163 addita
620 3109 674 3173 illa,
691 3108 735 3161 ubi
749 3125 802 3161 non
824 3108 869 3159 de-
922 3114 978 3158 tam
996 3121 1099 3170 censeo,
1117 3121 1178 3158 nam
1194 3103 1223 3156 in
1239 3102 1317 3156 libris
1327 3103 1504 3160 Hor-‚EFGH

268 3180 361 3244 babet,
380 3178 458 3248 paulo
475 3187 537 3248 post
549 3179 730 3247 poenitebant,
754 3184 782 3228 et
798 3175 868 3228 Flor.
903 3125 1003 3227 bosea
1023 3174 1133 3226 Bernss
1150 3180 1253 3224 mutato
1270 3172 1335 3226 loco
1350 3177 1412 3226 aine
1424 3177 1500 3226 lena:

268 3247 342 3299 EFH
361 3246 473 3299 Bernss
492 3248 588 3299 dilatos
607 3263 661 3298 aare
678 3262 728 3314 pro
746 3261 778 3296 eo
796 3244 869 3314 quod
903 3244 979 3312 repni
999 3245 1055 3295 sina
1081 3250 1148 3293 certo
1174 3242 1245 3319 rapis
1270 3242 1368 3294 harada
1391 3244 1501 3311 publicar

268 3324 443 3383 estimpensa.
903 3309 1044 3363 invenitur.
1100 3308 1158 3361 Nec
1184 3309 1290 3360 videtur·
1322 3320 1415 3363 cerna
1440 3313 1502 3362 lars

303 3382 367 3450 Cap.
387 3389 428 3446 lt,
447 3383 469 3448 ξ.
490 3387 528 3433 12.
555 3383 584 3434 in
601 3382 694 3434 mediis
711 3381 868 3433 hortibus-
903 3376 1039 3432 librarium
1056 3393 1155 3456 sapere.

269 3452 414 3516 destitutos]
450 3447 549 3500 Addidi
575 3450 608 3500 da
625 3453 777 3502 coniectura
792 3463 871 3517 praa·
938 3449 962 3514 ξ.
981 3452 1020 3497 15.
1056 3445 1271 3511 alimentaria,
1295 3446 1370 3497 olins
1390 3445 1501 3512 udaia]

304 3516 427 3568 sirionem
444 3515 565 3584 proxima
583 3515 671 3568 littera
685 3516 869 3570 inooddmss.
903 3513 993 3567 Iunius
1015 3529 1126 3582 eumque
1148 3511 1296 3582 exprimens
1314 3512 1428 3567 Modiua
1445 3517 1501 3566 aare

287 3592 389 3637 sustam
407 3583 605 3650 (vid.1nd.av.
622 3586 718 3650 litter),
738 3583 800 3653 quia
813 3581 869 3636 sina
903 3584 1043 3635 ecalrnine
1060 3580 1234 3650 scripserunt,
1258 3598 1325 3650 quos
1349 3593 1379 3634 et
1399 3582 1455 3652 ipsa
1471 3599 1502 3632 n·

268 3670 300 3705 aa
325 3652 481 3705 sententiam
503 3669 558 3705 non
584 3651 685 3704 absolvi
711 3651 868 3718 arbitrabar,
903 3657 979 3704 sutus
997 3667 1055 3702 sum
1072 3648 1158 3719 priora
1176 3648 1300 3702 editione.
1332 3649 1417 3704 Nune
1435 3651 1502 3704 libro

268 3730 299 3773 ut
316 3720 526 3790 significarentur
543 3719 660 3776 derelicti
678 3719 705 3772 in
718 3719 803 3773 medio
820 3720 869 3772 bo·
903 3735 961 3772 rum
987 3735 1047 3770 msa.
1075 3716 1230 3786 scripturam
1257 3717 1393 3782 defendo,
1420 3736 1437 3771 ι
1459 3735 1502 3786 qm

268 3789 354 3842 stium.
390 3789 426 3842 Su
447 3806 475 3842 ra
493 3803 561 3856 vm,
586 3795 634 3855 16,
661 3794 691 3842 27
711 3787 776 3840 item
793 3803 869 3857 prae·
903 3804 956 3840 uon
973 3785 1112 3838 discedunt
1124 3784 1172 3837 uisi
1182 3783 1253 3838 Flor.
1262 3784 1314 3848 DI,
1354 3787 1414 3840 uod
1430 3787 1500 3838 etam

267 3855 365 3928 positio
384 3858 418 3908 ad
436 3858 504 3910 enda
525 3857 589 3924 fuit,
615 3875 674 3910 cum
695 3855 775 3925 vulgo
800 3863 869 3908 asset
903 3856 984 3908 maria
1003 3852 1058 3906 sine
1067 3850 1264 3922 praepositione
1274 3852 1338 3906 exhi
1397 3867 1417 3906 t.
1443 3853 1500 3908 b'rn

268 3927 407 4004 reremedio
421 3927 570 3992 capiditmb
583 3928 679 3979 ardore
692 3925 870 3992 iussitafferri
902 3923 974 3994 quod
991 3919 1074 3974 tradit
1091 3920 1173 4007 Snak.
1194 3919 1239 3974 illo
1256 3920 1315 4001 l⁰⁰.⁰.
1389 3991 1396 4002 ἱ
1451 3923 1501 3974 ‘aa

263 4003 360 4115 milido
371 4009 648 4128 &hildemanus
659 4061 782 4130 publicar
799 4060 867 4138 vires
902 3988 1182 4136 lelilahbei'sdhallldb'
1194 3989 1500 4128 llilffllmpblrgtuolfz

268 4133 306 4183 od
322 4145 350 4181 ra
376 4144 497 4198 quaram
514 4131 667 4196 bacarum]
703 4126 793 4197 Vulgo
814 4127 868 4180 edr-
903 4125 1051 4179 Florentrm
1066 4124 1089 4177 F
1106 4133 1203 4177 comite
1220 4141 1312 4178 aarum
1330 4141 1391 4180 ma
1410 4137 1500 4198 potest

267 4207 314 4251 tur
330 4197 387 4249 riae
405 4205 473 4249 certo
490 4197 560 4264 repis
577 4199 682 4262 herede,
703 4196 760 4248 aine
777 4197 869 4248 herede
903 4194 937 4246 da
962 4191 1150 4263 integrioribus
1176 4191 1227 4246 illis
1249 4206 1344 4246 verum
1371 4211 1433 4249 assa
1458 4213 1500 4248 noa

268 4266 344 4334 rapui
355 4265 475 4332 publicar
492 4267 560 4317 viras
578 4266 615 4316 od
631 4279 658 4316 aa
675 4279 796 4331 paremque
813 4272 868 4315 tra·
902 4261 1023 4328 videtur,
1051 4259 1113 4332 quia
1138 4258 1203 4314 nihil
1229 4259 1359 4316 eiusnodi
1385 4279 1422 4316 ex
1447 4263 1499 4316 meis

269 4345 381 4396 cranam,
408 4331 479 4400 quod
502 4349 519 4384 a
536 4329 630 4385 Curtio
647 4330 793 4400 profectum
810 4345 867 4384 asse
902 4329 973 4384 Flor.
999 4346 1050 4382 neo
1074 4346 1108 4382 ax
1133 4328 1213 4382 Bam.
1240 4331 1266 4383 A
1292 4338 1435 4385 auctumni
1459 4345 1499 4384 est.

269 4420 345 4458 nemo
362 4399 411 4454 sibi
419 4399 586 4470 persuaserit.
609 4399 738 4469 Equidem
746 4397 866 4466 alterum,
902 4397 944 4451 Da
970 4397 1064 4451 omissa
1080 4413 1200 4466 praepos.
1226 4396 1255 4450 iu
1276 4397 1364 4454 altem
1389 4401 1498 4453 manbre

269 4471 339 4548 quod
356 4467 384 4521 in
401 4467 506 4538 optimis
522 4467 669 4542 posteriore
685 4465 744 4520 looo
760 4465 866 4538 legitur,
901 4467 935 4520 cf.
952 4467 987 4519 ad
1003 4481 1032 4528 V,
1052 4473 1076 4534 1,
1095 4472 1118 4518 1.
