3270 5290
527 833 575 938 Q.
613 833 843 921 OURTII
881 835 1037 921 RUFI

757 1043 807 1096 DE

662 1199 913 1270 GESTIS

160 1363 166 1447 ³
275 1417 889 1539 Annxauoar
944 1418 1277 1539 naeus

563 1662 692 1718 REGIS
718 1661 1003 1720 MACEDONUM

630 1911 633 1926 ,
679 1851 822 1917 LIBER
840 1851 900 1918 VI.

620 2325 943 2386 ARGUMENTUM.

160 2451 291 2550 Auctor,
308 2493 450 2554 postquam
468 2485 618 2537 Aleeendri
635 2483 772 2538 historiam
789 2501 870 2552 usque
888 2486 926 2537 ad
941 2485 1028 2537 Darei
1044 2495 1150 2538 mortem
1169 2486 1312 2552 mercavit,
1330 2501 1404 2555 repe·

161 2561 217 2614 titis
234 2562 312 2614 rebus
331 2562 434 2614 interim
452 2562 481 2614 in
501 2561 618 2614 Graecia
634 2563 731 2630 pestis,
753 2563 902 2615 tradiderat
924 2563 956 2614 de
973 2562 1111 2616 rebellione
1127 2563 1403 2631 Lacedaemoniorum,

161 2639 207 2708 qui
223 2655 294 2692 anno
311 2655 337 2691 a.
359 2636 422 2691 Clrr.
440 2647 495 2691 nat.
514 2644 573 2692 331.
591 2639 730 2707 incipiente
747 2648 855 2705 aestate,
874 2639 962 2708 Apide
980 2654 1040 2708 repe
1057 2657 1104 2693 suo
1122 2639 1404 2709 dace,Peloponneeio·

160 2733 219 2769 rom
232 2715 368 2786 plerisque
385 2716 413 2766 in
430 2723 521 2784 partes
533 2717 681 2782 perductis,
701 2732 777 2768 anna
795 2717 922 2768 adrasus
940 2716 1101 2769 Macedones
1118 2725 1258 2771 maerore.
1292 2718 1327 2769 Et
1346 2735 1403 2770 cum

160 2793 237 2846 initia
256 2809 310 2845 rem
323 2809 451 2861 prospere
466 2793 619 2860 praeissent,
638 2809 671 2845 ac
688 2791 885 2860 Mepalopolim,
903 2794 1001 2845 sociam
1010 2793 1201 2846 Macedonibus
1219 2793 1316 2860 urbem,
1334 2794 1403 2846 obsi-

161 2872 222 2924 dere
240 2871 392 2938 cepissent,
407 2878 546 2938 postauam
566 2870 716 2939 Antipater,
730 2871 882 2938 praefectos
901 2870 1059 2936 Alexandri,
1078 2885 1110 2921 er
1121 2868 1238 2922 Tlsracia
1255 2887 1313 2922 cum
1331 2885 1404 2922 exer-

160 2948 214 3000 cita
236 2948 353 3013 advenit,
377 2947 438 2998 belli
452 2948 567 3016 fortuna
589 2954 690 2999 mutata
713 2954 759 2999 est.
804 2946 847 3013 (1)
869 2945 951 3015 Apud
967 2943 1162 3015 Megalopolim
1186 2942 1244 2997 acie
1266 2945 1402 3014 congressi

159 3020 367 3076 Lacedaemonii
379 3021 581 3076 etMocedones
600 3020 646 3074 diu
665 3020 774 3092 ancipiti
784 3021 875 3074 Marte
891 3029 1053 3092 pugnarunt,
1070 3037 1159 3093 neque
1176 3020 1225 3088 illi,
1244 3037 1403 3091 quamquam

160 3097 301 3151 rdnerato
323 3097 412 3169 Agide
435 3115 514 3170 rege,
538 3097 671 3168 proelium
690 3098 852 3165 omiserunt,
881 3103 921 3165 (2)
941 3099 1037 3162 donce,
1063 3105 1205 3169 superante
1223 3097 1403 3151 Macedonum

160 3173 342 3244 multitudine,
367 3177 463 3229 cedere
485 3174 572 3230 coacti
597 3183 667 3228 sunt.
711 3173 772 3244 Ipse
794 3174 876 3246 Agis,
899 3174 938 3228 sie
955 3191 1046 3245 regem
1062 3173 1338 3229 Lacedaemoniorum
1356 3176 1402 3227 de-

161 3265 224 3304 cere
242 3257 323 3320 ratus,
342 3252 458 3324 repetito
477 3249 631 3319 certandae,
651 3249 757 3320 cecidit,
775 3269 827 3304 nec
845 3251 983 3305 incruenta
1000 3251 1196 3306 Macedonibus
1214 3249 1327 3306 victoria
1343 3249 1401 3304 fuit

160 3331 202 3396 (3)
219 3328 261 3382 Ee
277 3337 367 3382 maren
384 3329 506 3398 victoria,
525 3327 617 3382 fractis
635 3329 752 3382 hostium
770 3328 872 3397 animis,
891 3347 946 3400 pax
964 3328 991 3382 in
1010 3327 1125 3383 Graecia
1142 3327 1277 3397 restituam
1296 3329 1330 3381 de
1348 3327 1401 3382 La·

159 3405 339 3459 eedaemoniis
356 3423 398 3460 res
417 3407 452 3460 ad
469 3405 555 3478 ipsum
572 3406 756 3459 Alexandrum
774 3406 874 3459 reiecto
892 3415 940 3460 est

226 3487 267 3552 (4)
286 3483 387 3537 Verum
410 3481 559 3537 Alexandri
585 3499 674 3536 mores
693 3489 756 3553 post
773 3482 855 3537 Darei
877 3491 991 3537 mortem
1013 3483 1109 3538 mutari
1128 3491 1289 3554 coeperunt,
1317 3485 1398 3536 etad

157 3558 289 3612 luxuriam
311 3559 452 3613 Persarum
475 3560 623 3630 depravari.
669 3565 711 3629 (5)
735 3559 906 3614 Conviviales
929 3561 1007 3613 ludos
1030 3563 1168 3616 celebrans
1190 3560 1262 3614 inter
1280 3559 1398 3629 captivas

159 3651 208 3688 suo
225 3634 278 3688 ritu
296 3645 421 3690 canentes
439 3646 548 3707 neptem
565 3636 651 3706 Ochi,
670 3637 735 3690 olim
751 3637 823 3707 regis
840 3638 997 3704 Persarum,
1017 3637 1132 3705 invenit,
1158 3653 1270 3708 eamque
1289 3636 1398 3690 commi-

157 3717 261 3764 seratus
280 3711 308 3764 in
325 3712 462 3782 pristinem
479 3715 613 3767 somonam
630 3713 754 3769 restituit.
785 3715 854 3767 Item
872 3723 977 3768 ceteros
996 3715 1116 3784 captivos
1135 3713 1303 3784 recognovit,
1323 3731 1398 3768 suum

155 3786 329 3840 nobilissimis
353 3789 481 3844 honorem
503 3807 620 3843 servans.
661 3793 701 3859 (6)
724 3791 757 3844 In
779 3792 846 3844 urbe
868 3791 1028 3844 Parthienes
1051 3790 1250 3860 Hecatompylo
1269 3791 1400 3844 tumultus

155 3863 270 3922 militum
286 3865 318 3918 fit
334 3873 444 3937 propter
460 3868 556 3921 falsum
573 3885 715 3937 numerem,
734 3869 804 3922 velle
823 3885 915 3938 regem
932 3869 1092 3938 propediem
1110 3868 1138 3920 in
1155 3864 1270 3937 petriam
1288 3867 1400 3934 reverti,

155 3959 235 4014 quem
252 3950 282 3996 ut
300 3944 415 4010 sedaret,
434 3943 505 3998 iussu
523 3943 721 4014 praefectorum
739 3946 894 3999 Alexander
912 3946 969 4015 ipse
987 3945 1138 3998 orationem
1154 3944 1257 4010 habuit,
1287 3949 1327 4012 (7)
1347 3962 1402 4016 qua

155 4019 248 4072 docuit
265 4021 299 4072 ad
318 4027 418 4074 certam
436 4031 575 4088 terrarum,
595 4039 660 4091 quas
680 4022 822 4092 cepissent,
842 4021 1040 4094 possessionem
1059 4041 1126 4094 opus
1145 4037 1204 4075 esse
1223 4018 1313 4091 aliquo
1331 4029 1399 4074 tem·

152 4113 235 4168 pore,
259 4099 301 4168 (8)
319 4113 407 4168 neque
427 4100 489 4152 dum
507 4115 599 4153 ornnes
622 4107 731 4168 gentes,
755 4117 823 4170 quae
841 4101 931 4154 Dareo
949 4098 1112 4170 pemisscnt,
1135 4099 1169 4151 ab
1187 4095 1253 4168 ipsis
1272 4097 1397 4150 subactas

154 4189 222 4242 esse,
242 4191 320 4246 quae,
340 4175 362 4226 si
381 4174 482 4230 liberae
500 4185 652 4244 manerent,
671 4194 735 4229 mox
753 4177 853 4230 bellum
871 4183 1048 4231 renovaturos
1067 4183 1170 4244 essent,
1194 4179 1235 4244 (9)
1255 4189 1397 4243 superesse

153 4249 269 4323 deniquo
286 4253 410 4321 Bessum,
429 4253 457 4306 in
474 4253 626 4325 propinquo
645 4251 753 4306 sceleris
771 4254 895 4324 praemiis
914 4255 1055 4323 fruentem,
1075 4271 1154 4326 quem
1167 4259 1196 4305 ut
1205 4249 1397 4304 ulciscerentur

153 4334 182 4380 et
197 4327 323 4382 virtutem
342 4337 371 4383 et
388 4330 467 4383 fidem
485 4331 631 4401 postulare.

223 4407 281 4476 (10)
300 4405 429 4460 Tumultu
453 4406 534 4478 igitur
554 4407 667 4462 militum
691 4411 799 4479 sedate,
822 4411 979 4465 Alexander
996 4427 1046 4482 per
1063 4410 1227 4464 Parthienen
1245 4409 1272 4460 in
1290 4407 1395 4477 Hyrca-

151 4478 225 4534 niam
241 4493 340 4538 movet.
374 4483 481 4540 Natura
497 4485 585 4556 vallis,
605 4505 658 4558 qua
676 4503 735 4542 eam
752 4496 851 4542 terram
869 4490 981 4559 adeunt,
1005 4497 1034 4542 et
1051 4487 1134 4542 amnis
1152 4485 1274 4541 Ziobetis
1294 4481 1394 4536 descri-
