3158 5294
491 369 538 418 nn
565 367 691 420 cnsrrs
717 367 826 420 Anax.
853 369 903 437 rx,
929 367 972 416 ss.
1250 353 1323 424 473

17 593 22 640 i
85 573 190 639 aestu
216 554 528 645 reverberabatur,
563 554 744 652 applicant
770 555 935 645 classem,
967 564 1004 628 et
1030 553 1077 628 ad
1103 564 1322 630 commeatus

85 671 263 776 petendos
303 668 525 756 discurrunt,
573 666 687 740 securi
732 687 835 739 casus
875 665 968 757 eius,
1016 667 1076 764 qui
1117 668 1325 766 supervenit
1367 715 1375 731 ·

17 825 22 868 ι
83 815 95 862 1
149 813 230 862 aris.

40 915 60 962 a
97 813 149 887 gn
192 889 313 968 Tertia
338 893 449 966 ferme
474 892 565 965 hare
590 899 687 981 erat,
727 914 809 963 cum
841 900 937 964 stata
968 890 1047 963 vice
1074 886 1239 964 Oceanus
1267 891 1377 965 eir-35

17 1055 21 1098 3
85 1013 257 1078 aestuans
284 1004 406 1078 invehi
431 1003 549 1100 coepit
575 1011 613 1076 et
629 1011 728 1076 retro
747 1001 880 1075 flumen
898 1001 1036 1100 urbere.
1078 998 1184 1091 Quod
1209 1003 1325 1101 primo

17 1169 19 1214 3
85 1117 292 1206 coercitum,
311 1113 439 1190 deinde
456 1114 704 1188 vehementius
718 1112 871 1211 pulsum,
898 1115 1032 1188 maiore
1047 1114 1184 1212 impetu
1201 1113 1326 1187 adver·

86 1253 169 1300 sum
201 1228 390 1326 agebatur,
429 1251 536 1324 quam
573 1226 746 1300 torrentia
776 1226 961 1325 praecipiti
993 1227 1097 1300 alveo
1128 1226 1324 1300 incurrunt.

20 1362 62 1422 Ιιο
84 1337 217 1436 Ignota
242 1339 351 1437 vulgo
377 1338 460 1410 freti
490 1347 619 1411 natura
650 1347 743 1427 erat,
780 1353 1012 1434 monstraque
1043 1347 1081 1410 et
1112 1338 1186 1410 irae
1219 1337 1326 1411 deum

17 1511 21 1526 .
84 1449 218 1524 indicia
252 1474 397 1524 cernere
434 1447 655 1522 videbantur.
715 1447 916 1522 Identidem
951 1449 1191 1524 intumescens
1228 1472 1327 1522 mare

17 1623 22 1638 .
86 1572 125 1635 et
165 1562 202 1634 in
237 1585 382 1659 campos
416 1561 523 1658 paulo
564 1569 648 1633 ante
688 1560 800 1634 siccos
840 1557 1056 1634 descendere
1091 1561 1326 1658 superfusum.

17 1659 59 1748 ,ἰι
85 1671 234 1771 Iamque
282 1672 410 1748 levatis
458 1671 633 1770 navigiis,
685 1681 722 1744 et
761 1681 841 1744 tota
881 1671 993 1744 classe
1034 1669 1220 1769 disperse,
1268 1673 1328 1769 qui

17 1772 23 1864 J
86 1785 243 1883 expositi
284 1794 387 1859 erant
431 1781 588 1880 undique
628 1780 675 1856 ad
721 1807 831 1856 naves
879 1780 1008 1880 trepidi
1050 1792 1087 1855 ct
1132 1783 1327 1881 improviso

17 1887 65 1964 ia
86 1896 182 1968 malo
214 1895 357 1970 attoniti
394 1904 592 1968 recurrrmt.
647 1890 719 1968 Sed
755 1893 793 1965 in
833 1894 991 1967 tumultu
1027 1894 1208 1968 festinatio
1244 1921 1329 1993 quo-

19 2087 24 2095 ,
87 2031 158 2102 que
199 2008 305 2080 tarda
345 2017 410 2080 est.
470 2003 518 2077 Hi
554 2004 668 2077 contis
701 2005 845 2102 navigia
879 2005 1129 2103 appellebant,
1170 2006 1208 2079 hi
1243 2004 1329 2081 dum

17 2137 66 2240 ιιε
87 2141 207 2192 remos
250 2117 365 2216 aptari
405 2115 661 2214 prohibebant,
708 2115 955 2190 consederant.
1016 2115 1170 2206 Quidam
1206 2119 1324 2192 enevi-
1418 2134 1420 2138 '

17 2309 22 2356 i
88 2307 135 2354 tur
144 2303 230 2382 paule
256 2302 350 2355 lentius
376 2317 411 2354 ex
431 2301 614 2355 emendatione
630 2300 692 2355 Aci-
728 2301 790 2354 bant
808 2303 989 2374 consederant]
1025 2301 1100 2356 Haec
1116 2301 1198 2356 verbe
1211 2319 1329 2358 noncor-

17 2425 20 2438 ,
88 2368 152 2422 dalir
170 2368 271 2437 editur,
289 2387 349 2424 nam
366 2376 434 2423 vett.
451 2370 511 2425 edd.
532 2372 629 2438 lenius,
647 2387 692 2424 co·
726 2369 847 2440 riganda,
866 2370 913 2423 sed
930 2369 967 2424 sic
976 2369 1135 2441 explicanda
1143 2387 1250 2425 censeo:
1268 2372 1331 2426 dian

17 2457 20 2470 ’
88 2437 160 2492 dices
177 2437 297 2510 plerique
314 2439 395 2492 ladas
411 2439 519 2492 habent.
727 2438 906 2510 prohibebant
926 2455 960 2492 ne
982 2439 1048 2494 remi
1073 2448 1241 2511 aptarentur,
1269 2441 1331 2522 quia

123 2524 218 2561 aursus
235 2517 309 2562 aestu
326 2509 549 2576 reverberabatur]
581 2505 693 2560 Cursum
728 2506 814 2562 contis
835 2509 963 2561 utendum
986 2509 1130 2579 putebant,
1158 2509 1331 2562 interseram

87 2575 202 2630 fluminis
218 2575 421 2646 intelligendum
447 2593 504 2630 esse
522 2583 614 2632 eontra
632 2575 693 2629 Aei-
728 2576 915 2640 consederant,
941 2577 958 2629 i.
972 2592 995 2630 e.
1021 2594 1088 2632 nare
1108 2577 1136 2630 in
1163 2577 1254 2632 sabulo
1277 2579 1331 2632 fixa
1369 2598 1373 2610 ¹

87 2644 196 2711 delium,
215 2644 260 2715 qui
279 2643 424 2716 scripsisset
441 2661 469 2698 se
486 2664 541 2700 non
557 2645 694 2716 percipere
728 2645 915 2711 constiterant,
942 2653 972 2698 ut
994 2661 1044 2699 nec
1066 2645 1153 2699 contis
1177 2663 1226 2699 nec
1252 2647 1330 2700 remis

18 2761 19 2766 ,
108 2729 142 2766 ua
158 2711 261 2768 ratione
284 2730 373 2768 cursus
398 2713 504 2768 navium
529 2712 692 2768 reverberari
726 2713 778 2768 iam
795 2730 861 2782 opus
878 2721 956 2766 esset.
983 2713 1077 2767 Omnis
1096 2730 1183 2768 sermo
1202 2714 1329 2769 hocloco

18 2777 21 2812 ί
87 2730 140 2835 dici
167 2790 266 2862 posset,
284 2781 612 2862 monuituFreinshemium
641 2797 692 2852 ego
726 2784 817 2862 est'de
834 2781 983 2861 bominibus
994 2781 1128 2861 'expositis
1145 2782 1172 2835 in
1190 2799 1269 2835 neves
1286 2800 1329 2836 re·

18 2985 20 2994 ,
88 2849 635 2988 suarattaratae,
651 2866 693 2970 ⁵1⁰1}
726 2849 1329 2998 tttttdtttttttttltttt

18 2997 20 3016 ¹
89 2987 202 3056 impetus
228 2987 311 3041 amnis
338 2987 480 3057 cogitetur.
515 2987 586 3040 Nam
606 3003 692 3039 rever-
727 2985 812 3041 intelli
866 3026 874 3053 ,
898 2985 1005 3039 easdem
1022 3003 1152 3056 remigare
1169 2995 1196 3040 et
1213 2987 1328 3041 noluisse

90 3055 229 3110 terebatur
245 3073 294 3126 per
309 3073 369 3109 mss.
385 3054 596 3110 marmoren
613 3059 692 3108 Bern.
727 3063 756 3108 et
778 3054 890 3109 ramese
911 3062 1028 3120 metuas,
1050 3053 1078 3107 id
1095 3055 1181 3126 quod,
1211 3055 1330 3136 quamvis

18 3127 20 3184 ἶ
91 3123 193 3178 Bsatis
219 3131 308 3179 tutum
325 3133 378 3191 est,
404 3125 533 3246 equibus
554 3141 609 3177 non
626 3122 692 3176 mul·
726 3123 859 3177 interdum
876 3124 913 3176 ab
934 3122 1083 3177 hominibus
1100 3123 1201 3177 consilii
1224 3124 1329 3178 mcertis

90 3201 146 3247 tum
172 3193 297 3246 aberrant
321 3192 391 3248 Flor.
418 3192 443 3246 D
485 3193 692 3258 reverberabant,
726 3193 783 3260 liat,
809 3191 855 3245 rix
880 3200 969 3245 tamen
996 3191 1069 3246 credi
1094 3199 1185 3262 potest
1207 3191 1234 3245 in
1260 3192 1330 3264 peri-

18 3267 20 3292 i
90 3260 134 3315 elii
152 3263 317 3316 reverebatur
339 3262 465 3316 mendose
488 3260 564 3315 Leid.
582 3261 691 3316 Vossl
727 3261 773 3314 tis:
805 3259 903 3314 sedisse
932 3277 996 3314 vero
1029 3261 1223 3330 desperantium
1254 3277 1329 3315 more

91 3329 171 3384 Bern
189 3328 214 3382 A
231 3329 303 3384 Flor.
321 3328 353 3383 B.
388 3330 465 3386 Unus
483 3329 590 3386 mons*
607 3329 693 3383 verbe-
727 3329 793 3382 nihil
810 3338 918 3401 agentes
936 3345 1020 3400 seque
1037 3331 1166 3384 absonum
1183 3338 1232 3383 est.
1267 3329 1330 3384 Aci-

19 3423 20 3428 ¹
91 3409 173 3462 ratur,
190 3399 238 3452 sed
254 3397 317 3453 olim
334 3397 400 3452 editi
416 3415 500 3470 usque
517 3397 693 3465 edModium,
727 3398 791 3452 dalii
807 3397 1019 3452 emendationem
1036 3399 1064 3452 bi
1077 3401 1137 3452 dum
1157 3400 1329 3464 considerent,

19 3473 21 3502 ἵ
92 3469 284 3522 verberabatur.
318 3467 376 3520 Iun.
394 3469 581 3522 remorabatur.
728 3485 847 3521 remora
866 3466 1331 3548 tariproblbebaatnisiquidsub-

19 3541 21 3572 l
126 3536 192 3606 Cep.
205 3541 249 3601 85,
269 3540 293 3602 s.
309 3542 332 3589 9.
368 3545 437 3590 stato
457 3537 523 3608 vice]
559 3535 604 3591 Sic
620 3535 692 3602 Iun,
727 3543 813 3606 estqu
864 3554 919 3590 uon
928 3535 1082 3606 intelligam,
1101 3535 1237 3590 ridiculam
1252 3544 1329 3606 pato,

19 3611 21 3636 ¹
91 3604 197 3657 Medius
215 3611 244 3656 et
260 3602 423 3657 recentiores
437 3606 579 3659 secundum
630 3621 693 3660 ucos
727 3621 776 3658 nec
793 3603 1045 3658 Schmiederianam:
1072 3606 1101 3657 bi
1118 3607 1199 3658 conas
1221 3607 1285 3658 novi
1303 3608 1330 3660 ia

19 3679 21 3712 t
93 3672 138 3724 sed
156 3669 270 3742 optimos
287 3671 364 3724 codd.
373 3671 488 3725 ΒΜΔ
503 3673 574 3726 Flor.
584 3623 630 3726 du
618 3672 692 3726 Leid.
722 3675 856 3742 pellebant
881 3673 1113 3744 (quemadmodum
1137 3672 1200 3726 olim
1222 3673 1270 3726 Mo
1292 3673 1330 3726 'us

92 3737 198 3809 Reliqui
220 3747 327 3792 statuta.
362 3738 428 3793 Mox
455 3743 580 3793 torrentia
604 3739 692 3794 sabin·
726 3740 859 3809 voluerat)
878 3743 938 3795 dum
953 3741 1137 3810 remosaptcrt'
1149 3743 1331 3810 probibebart.

19 3835 20 3840 =
92 3807 199 3863 tellecto
214 3805 321 3859 flumine
335 3805 588 3861 adiectirinaturam
601 3807 691 3862 habet.
730 3811 906 3862 Gaasederaat
924 3810 1030 3878 quidam
1047 3817 1100 3861 cet.
1116 3807 1223 3878 dignam
1241 3809 1332 3863 existi-

19 3893 20 3900 *
126 3879 149 3944 ς.
169 3881 209 3930 10.
242 3875 414 3929 intumescere
440 3893 512 3928 mare
539 3880 581 3998 etl¹
613 3875 643 3930 Si
669 3885 693 3930 et
727 3893 780 3942 mo,
799 3892 867 3947 quse
883 3875 1022 3930 refutetur.
1055 3875 1194 3930 Librorum
1204 3886 1332 3932 metarum

112 3963 143 3998 ro
157 3946 234 3998 auam
268 3942 364 3996 ositum
379 3959 439 3998 ecee
459 3942 519 4011 eris,
536 3943 564 3997 ni
583 3943 693 3998 iloti'eu·
727 3952 790 3998 suut
807 3943 949 3998 nonnullae
966 3943 1097 3998 notabiles
1114 3945 1252 4000 lectiones:
1276 3947 1331 4018 pri-
1395 3977 1398 3986 ·

94 3963 139 4066 det
156 4013 184 4068 in
201 3961 297 4066 verbis.
332 4011 405 4092 Olim
441 4012 522 4092 unius·
540 4020 695 4093 correxerat
727 4031 799 4066 mum
815 4031 865 4083 pro
883 4015 987 4067 bi-bi
1006 4013 1129 4094 plerique
1146 4016 1242 4068 ii—s's'
1260 4017 1333 4086 quod

95 4085 273 4147 iatwneacere,
297 4080 405 4135 Medius
422 4080 595 4152 Partrcrpmm
616 4089 692 4135 restr-
727 4080 908 4135 mactandum
934 4081 1099 4150 existimavi,
1126 4082 1190 4155 quia
1218 4100 1278 4137 raro
1304 4083 1331 4136 in

95 4151 160 4217 tuit,
184 4149 320 4204 Acidaliae
343 4150 431 4204 denuo
448 4148 563 4203 conexit
584 4153 693 4204 intume-
727 4150 795 4203 hanc
873 4167 941 4204 ema
953 4150 1065 4205 librariis
1082 4159 1216 4224 peccatur,
1234 4151 1331 4205 deinde

95 4237 171 4273 scere.
206 4218 307 4273 Verum
328 4217 389 4272 libri
411 4218 496 4273 nostri
518 4235 608 4272 omnes
625 4218 694 4272 aaut
728 4237 744 4271 c
782 4218 1069 4288 dehortatorem,
1088 4239 1105 4274 a
1142 4223 1257 4275 licebant
1272 4219 1331 4274 Pal.

95 4287 164 4341 edidi
179 4287 314 4354 exhibent,
338 4305 387 4342 nec
404 4286 548 4341 aliudesse
565 4285 593 4341 in
611 4287 693 4341 Snala
729 4295 741 4341 1
787 4304 842 4340 ern.
857 4287 881 4341 B
899 4287 970 4344 Flor.
985 4288 1049 4355 ΕΗ,
1068 4307 1103 4358 pe
1125 4291 1200 4343 ebant
1218 4289 1289 4343 Flor.
1305 4288 1332 4342 G

96 4363 159 4478 ppto
176 4373 333 4428 quamquam
355 4350 400 4410 ille
422 4373 514 4410 eorum
531 4356 693 4410 mentionem
727 4356 839 4410 Vocat.
875 4355 930 4410 Sed
947 4358 1019 4438 quod
1036 4357 1064 4410 in
1082 4357 1189 4412 Voss.2
1209 4365 1249 4411 est
1265 4374 1331 4426 pro·

121 4439 178 4477 acre
195 4425 221 4478 h.
230 4424 247 4478 1.
266 4425 365 4480 oblitus
382 4433 432 4480 est.
722 4426 856 4505 pellebant
882 4441 933 4496 ego
959 4445 986 4480 in
1012 4442 1131 4480 meorum
1157 4426 1233 4480 codd.
1257 4423 1331 4479 nullo

130 4495 151 4562 ξ.
163 4499 203 4546 12.
236 4495 263 4548 bi
280 4497 341 4548 dvm
361 4513 445 4550 remos
463 4495 553 4564 aptari
568 4494 693 4564 probibe-
727 4493 823 4547 inveni.
