3238 5296
235 351 309 423 410
704 370 737 432 Q·
766 369 998 423 strennuum

232 581 311 628 xxx
343 553 489 628 delectis
521 555 755 652 praemiserat
786 580 868 644 rex,
906 565 943 628 et
975 555 1046 626 iam
1078 579 1239 653 pugnare
1271 557 1470 630 comminus

231 675 441 764 coeperant3
469 663 533 738 sed
559 690 640 738 eum
667 655 820 764 superne
837 666 911 738 tela
926 665 1070 740 barbari
1086 667 1299 764 ingererent,
1327 670 1469 768 saepius

230 778 298 876 ipsi
329 777 562 867 feriebantur,
601 802 707 874 quarn
739 777 986 850 vulnerabant.
1039 776 1134 875 Ergo
1166 776 1390 871 Alexander,
1432 793 1471 854 et
1491 803 1521 848 15

229 890 382 961 nominis
410 889 465 960 sui
491 899 528 970 et
553 889 717 986 promissi
743 913 895 978 memor,
935 887 1021 960 dum
1053 888 1168 962 acrius
1195 915 1302 986 quarn
1329 892 1469 966 cautius

231 1000 393 1091 dimicat,
440 1001 625 1073 confossus
664 999 821 1098 undique
861 999 1051 1074 obruitur.¹
1095 996 1209 1088 Quem
1249 1013 1291 1074 ut
1330 1000 1469 1075 Charus
1490 1025 1521 1070 ro

229 1114 403 1186 iacentem
430 1113 627 1210 conspexit,
653 1135 756 1184 ruere
782 1112 819 1182 in
845 1113 997 1200 hostem,
1024 1111 1182 1184 omnium
1207 1123 1351 1210 praeter
1367 1115 1470 1187 ultio·
1517 1163 1522 1172 ·

230 1249 314 1297 nem
339 1225 543 1313 immernor,
579 1224 713 1321 coepit,
749 1223 951 1318 multosque
983 1221 1106 1312 hasta,
1142 1222 1317 1320 quosdam
1348 1223 1470 1322 gladio

229 1336 427 1427 interemit;
470 1334 533 1408 sed
568 1360 650 1407 eum
685 1345 742 1408 tot
775 1359 888 1407 unum
920 1333 1141 1406 incesserent
1174 1358 1320 1426 manus,
1360 1361 1469 1434 super

231 1447 333 1521 amici
365 1473 494 1546 corpus
525 1447 716 1545 procubuit
747 1446 931 1519 exanimis.
983 1441 1092 1516 Haud
1118 1469 1236 1537 secus,
1270 1471 1377 1544 quam
1402 1473 1470 1545 par
1489 1469 1520 1514 ιι

229 1568 323 1650 erat,
358 1558 704 1657 promptissimorum
738 1559 908 1631 iuvenum
939 1565 1210 1654 oeterorumque
1240 1558 1393 1632 militum
1418 1559 1469 1632 in·

230 1672 339 1744 teritu
376 1681 575 1744 commotus
613 1695 681 1742 rex
712 1670 853 1766 signum
883 1668 1044 1766 receptui
1076 1665 1185 1740 dedit
1244 1665 1358 1743 Saluti
1389 1670 1522 1760 fuit,1s

230 1781 327 1879 quod
353 1783 484 1856 sensim
510 1791 548 1854 et
572 1779 740 1879 intrepidi
766 1804 805 1852 se
827 1789 1058 1877 receperunt3
1086 1790 1123 1852 et
1145 1780 1299 1871 barbari,
1326 1781 1468 1854 hostem

229 1893 405 1992 depulisse
433 1893 601 1984 contenti,
626 1917 700 1964 non
725 1892 886 1964 institere
912 1889 1131 1965 cedentibus.

180 2007 225 2077 41
334 2003 502 2079 Ceterum
533 2002 741 2077 Alexander
773 2027 854 2074 curn
892 2003 1078 2076 statuisset
1109 2002 1282 2076 desistere
1312 2003 1467 2103 incepto,
1489 2023 1519 2072 ra
1605 2023 1606 2070 l

230 2117 376 2216 (quippe
410 2117 508 2190 nulla
543 2141 625 2212 spes
665 2113 860 2212 potiundae
894 2123 1019 2214 petrae
1052 2113 1302 2212 offerebatur,)
1343 2126 1467 2189 tamen

228 2231 382 2327 speciem
408 2224 567 2300 ostendit
591 2227 628 2298 in
653 2225 839 2298 obsidione
864 2227 1138 2323 perseverantis.
1173 2223 1266 2298 Nam
1284 2237 1322 2300 et
1338 2227 1469 2302 itinera

228 2339 382 2412 obsideri
409 2339 527 2428 iussit,
552 2347 591 2412 et
616 2349 733 2411 turres
760 2337 960 2426 admoveri,
987 2347 1025 2409 et
1049 2337 1205 2435 fatigatis
1232 2337 1321 2411 alios
1347 2363 1468 2413 suece-

227 2450 321 2524 dere.
375 2449 484 2524 Cuius
515 2450 710 2546 pertinacia
742 2447 903 2545 cognita,
938 2447 1017 2522 Indi
1049 2473 1114 2548 per
1145 2447 1295 2521 biduum
1320 2448 1465 2547 quidem
1483 2471 1517 2518 ro

226 2560 384 2636 aeduae
410 2569 550 2651 noctes,
586 2584 668 2634 cum
693 2559 933 2632 ostentatione
958 2583 1033 2632 non
1064 2558 1214 2633 fiduciae
1240 2559 1364 2651 modo,
1400 2561 1465 2636 sed

227 2674 333 2750 etiam
361 2674 539 2762 victoriae,
572 2671 705 2770 epulati
732 2681 826 2762 sunt,
853 2681 1026 2770 tympana
1052 2696 1118 2746 suo
1143 2695 1243 2744 more
1268 2673 1464 2769 pulsantes.

226 2785 348 2860 Tertia
378 2809 465 2858 vero
502 2795 607 2857 noete
639 2796 893 2883 tympanorum
925 2783 1067 2880 quidem
1100 2783 1271 2881 strepitus
1310 2783 1466 2857 desierat
1484 2806 1514 2852 ar

225 2896 358 2988 audiri3
394 2907 552 2970 ceterum
579 2921 626 2968 ex
652 2905 730 2967 tota
761 2903 864 2992 petra
890 2896 985 2968 faces
1011 2895 1252 2992 refulgebant,
1291 2919 1380 2991 quas
1406 2920 1462 2968 ae-

224 3009 419 3083 cenderant
444 3007 598 3097 barbari,
626 3015 666 3080 ut
692 3005 804 3078 tutior
829 3015 925 3080 esset
950 3005 1034 3103 ipsis
1060 3007 1155 3104 luga,
1181 3007 1334 3080 obscura
1355 3018 1462 3080 nocte

225 3147 289 3220 per
319 3122 416 3196 invia
448 3145 538 3220 saxa
570 3119 735 3190 eursuris.
788 3117 883 3208 Rex,
918 3115 1084 3206 Balacro,
1122 3117 1183 3213 qui
1210 3118 1464 3214 specularetur,
1483 3139 1516 3186 aa

176 3265 188 3288 ·
223 3233 436 3331 praemisso,
472 3231 668 3329 cognoscit·
687 3238 825 3327 petram
856 3230 942 3327 fuga
967 3226 1138 3300 Indorum
1170 3252 1249 3301 esse
1275 3226 1464 3303 desertam.

225 3344 317 3417 Turn
352 3343 438 3416 dato
474 3334 595 3441 signo',
639 3351 680 3413 ut
714 3341 873 3412 universi
907 3339 1190 3432 conclamarent,
1230 3340 1464 3439 incomposite

225 3457 442 3555 fugientibus
476 3465 613 3528 metum
646 3451 805 3524 incussit
865 3449 1058 3548 Multique,
1101 3461 1285 3550 tamquam
1319 3451 1464 3526 adesset
1482 3473 1516 3520 aa

224 3569 355 3658 hostis,
391 3592 455 3666 per
486 3565 623 3640 lubrica
656 3587 762 3653 saxa,
797 3587 932 3662 perque
963 3563 1078 3636 invias
1110 3575 1209 3637 cotes
1240 3563 1464 3663 praecipitati

225 3678 449 3770 oecidenu1t3
476 3677 597 3777 plures
624 3678 742 3774 aliqua
768 3675 1011 3749 membrorum
1036 3685 1139 3772 parte
1165 3675 1321 3768 mulcati,
1349 3675 1394 3749 ab
1412 3675 1463 3748 in·

259 3939 333 4004 §.14¹
355 3945 379 3988 et
397 3939 449 3990 iam
462 3941 596 4008 pappare]
620 3936 824 3992 Omittituriom
859 3933 951 3990 DFGI
968 3953 1024 3990 οιιιιι
1043 3955 1122 3992 unum
1139 3947 1175 3992 tot
1193 3939 1364 4005 incessermt,
1383 3945 1410 3990 et
1427 3935 1464 3990 sie

224 4004 251 4058 in
274 4003 346 4061 Flor.
362 4003 414 4058 ΕΗ
438 4005 517 4059 Bern.
536 4006 570 4074 B,
597 4007 662 4060 ordo
685 4007 827 4059 verborum
860 4003 924 4057 edit.
942 4003 1018 4059 Mod.

224 4081 342 4126 mutatur
358 4083 388 4126 ut
405 4072 440 4126 sit
456 4079 571 4130 cominus
585 4095 624 4145 pu
643 4073 826 4127 noreinFlor.
897 4071 964 4145 Cap.
981 4082 1029 4140 41,
1056 4078 1080 4144 ᾗ.
1098 4081 1140 4130 2³.
1176 4077 1267 4148 aliquo
1293 4075 1463 4128 aarum

224 4140 301 4208 DGl,
319 4143 400 4196 verba
438 4163 498 4196 uam
513 4095 684 4198 vulnerabant
698 4141 826 4197 omittun-
854 4151 934 4212 porte
951 4145 1069 4215 maleae]
1101 4141 1225 4216 Plerique
1242 4143 1303 4198 libri
1319 4160 1380 4196 mss.
1397 4143 1462 4195 mul·

224 4210 312 4266 turin
329 4211 401 4265 Flor.
420 4159 455 4266 b:
481 4212 617 4292 ediditque
638 4211 704 4264 item
720 4209 826 4264 Modius
860 4213 932 4277 crati,
950 4211 1051 4267 νοω
1070 4218 1098 4265 et
1115 4211 1188 4266 Flor.
1206 4211 1232 4266 G
1249 4229 1308 4266 eum
1326 4220 1393 4266 vett
1402 4211 1462 4264 edd.

223 4297 286 4332 com.
317 4298 440 4350 paquara
466 4289 494 4334 et
532 4279 619 4335 omisit
644 4297 722 4350 quom
756 4279 825 4332 culn.
860 4282 979 4350 mutilotr',
998 4281 1044 4334 sed
1059 4280 1151 4352 optimi
1161 4281 1257 4353 quique
1267 4279 1461 4334 Bern.AFlor.

224 4347 428 4420 sigebergenses
450 4349 629 4417 membranas,
658 4355 690 4401 ut
710 4345 757 4414 ait,
784 4363 825 4400 se·
859 4353 885 4401 A
898 4347 973 4406 leid.
985 4349 1085 4404 Vossl
1105 4352 1218 4404 mulceri.
1246 4349 1367 4404 Diximus
1384 4365 1463 4418 supra

226 4425 310 4473 cutus.
860 4417 893 4469 ad
910 4432 963 4482 vu,
980 4425 1012 4474 42
1031 4419 1065 4472 de
1082 4434 1145 4472 vera
1162 4417 1293 4474 scribendi
1314 4417 1370 4472 eius
1387 4415 1461 4472 verbi

17 4549 39 4586 h
259 4490 282 4562 ᾗ.
299 4491 339 4539 16.
374 4503 432 4540 cmo
455 4497 491 4540 tot
514 4503 591 4539 onum
615 4486 718 4556 inccta]
754 4483 825 4540 Flor.
859 4485 970 4542 ratione.
