3270 5290
234 367 306 439 ¹196
639 366 645 376 '
702 387 735 450 o.
763 383 887 437 curru
911 385 998 438 aum

230 572 421 671 petituros,
446 569 608 668 Iumenta,
634 572 758 668 inquit,
784 571 955 671 assignari
979 595 1064 672 quae
1087 597 1146 647 uos
1170 571 1327 664 veherent,
1348 582 1379 643 et
1401 569 1469 644 sin·

227 683 318 783 prdit
351 695 497 757 reatum
528 684 624 757 milio
657 683 833 758 dammum
867 685 954 783 dori¹
977 685 1070 760 cassi
1125 682 1212 762 Cum
1242 683 1407 757 redieritis
1432 682 1470 754 ia

234 794 431 888 Graeciam,
462 797 656 896 praestabo,
690 821 732 872 ae
757 796 816 896 qui
840 809 960 871 statura
985 823 1099 896 suam,
1134 797 1167 870 si
1191 797 1270 868 lucc
1295 795 1468 868 columitas

230 909 440 1002 uhsit‚cestro
465 909 578 984 credut
601 933 671 984 esse
695 910 871 984 meliorem,
911 908 966 982 Illi
991 908 1127 982 obortis
1153 907 1307 981 lacrimis
1335 918 1520 980 terrama

231 1021 478 1113 intuebantur,
516 1045 584 1094 nec
622 1032 686 1094 aut
718 1022 853 1120 erigere
885 1022 1007 1095 vultus
1039 1031 1103 1094 aut
1137 1021 1234 1117 loqui
1269 1017 1467 1092 audebant:

230 1133 377 1208 tandem
411 1155 495 1230 rege
530 1133 694 1207 tristitiae
730 1157 875 1208 causam
902 1133 1084 1231 exigente,
1117 1130 1316 1204 Euctemon
1343 1129 1469 1202 similia

229 1245 282 1336 iis,
309 1239 464 1342 quaein
490 1243 636 1319 consilio
663 1240 814 1337 dixerat,
840 1243 1034 1344 respondit.
1070 1247 1191 1342 Atque
1216 1245 1275 1316 ille
1301 1267 1374 1315 non
1399 1243 1468 1314 for·
1486 1259 1522 1308 rr

228 1368 338 1430 tunae
363 1357 479 1430 solum
505 1379 638 1449 eorum,
661 1356 730 1431 sed
756 1359 863 1431 etiam
888 1357 1128 1456 poenitentiae
1153 1357 1336 1446 misertus,
1364 1365 1470 1426 terna

229 1470 326 1542 milia
358 1467 543 1541 denarium
575 1469 721 1568 singulis
755 1469 832 1543 dari
863 1469 984 1543 iussit:
1018 1467 1131 1542 denae
1162 1478 1282 1544 vestes
1309 1466 1468 1573 adiectae

229 1591 330 1668 sunt;
358 1591 397 1652 et
422 1591 585 1654 armenta
609 1607 692 1655 cum
716 1583 905 1681 pecoribus
932 1607 975 1655 ao
999 1583 1179 1656 frumento
1206 1579 1306 1673 data,
1332 1591 1374 1654 ut
1400 1579 1469 1652 coli

229 1692 368 1791 serique
394 1691 587 1764 attributus
613 1693 655 1766 iis
682 1719 768 1791 ager
794 1704 926 1792 posset.

180 1807 228 1879 20
331 1803 484 1879 Postero
510 1802 567 1878 die
594 1816 810 1879 convocatos
836 1806 945 1880 duces
972 1805 1155 1904 copiarum
1182 1799 1305 1895 docet,
1332 1799 1522 1875 nullamve

227 1916 446 1990 infestiorem
472 1916 599 1990 urbem
625 1913 770 1992 Graecis
798 1941 886 2010 esse,
913 1943 1020 2015 quam
1046 1917 1181 2015 regiam
1207 1926 1372 1989 veterum
1385 1911 1469 1986 Per·

229 2028 315 2102 aidis
349 2053 485 2126 regum.
537 2025 631 2102 Hinc
665 2029 725 2102 illa
751 2029 924 2104 immensa
950 2029 1092 2128 agmina
1117 2025 1253 2101 iufirsa:
1288 2026 1371 2100 hinc
1396 2023 1468 2097 Da·

228 2165 329 2213 reum
355 2141 463 2238 prius,
490 2139 572 2214 dein
597 2139 756 2214 Xerxem
774 2139 940 2240 Europae
966 2140 1114 2239 impium
1138 2138 1298 2213 intulisse
1324 2135 1467 2211 bellurn.

227 2248 379 2323 Excidio
404 2253 497 2324 illius
524 2251 787 2351 parentandum
812 2278 891 2327 esse
916 2252 1121 2324 maioribus.
1154 2250 1300 2348 Iamque
1313 2249 1503 2340 barbarie

263 2452 377 2532 simpatia
392 2461 504 2505 vestram
518 2453 593 2505 milio
608 2441 832 2524 denarium'dorr]
868 2452 936 2508 GHI
953 2461 982 2506 et
1003 2453 1084 2506 Bern.
1106 2451 1130 2507 B
1152 2452 1217 2507 item
1239 2449 1470 2522 snakenburgtmi

228 2519 330 2589 Attigrt
352 2521 422 2573 huno
447 2519 533 2574 locum
556 2537 667 2590 magnus
685 2521 834 2578 Gronovius
869 2523 913 2592 qui
930 2521 1066 2575 exhibent.

229 2589 263 2642 ad
280 2588 338 2643 Liv.
357 2602 446 2656 xxm,
467 2596 512 2656 15,
532 2596 561 2656 9,
582 2589 629 2644 ubi
651 2591 729 2644 docet
747 2591 834 2662 plura·
903 2593 926 2660 ξ.
945 2598 987 2645 28.
1022 2592 1121 2644 similia
1139 2591 1174 2644 iis
1192 2593 1267 2661 quoe]
1290 2589 1335 2645 Sic
1352 2591 1400 2660 (iis
1416 2603 1470 2642 non

229 2658 282 2710 lem
298 2674 436 2712 numerum
454 2656 481 2710 in
498 2656 685 2713 distributione
706 2660 833 2728 adhiberi,
868 2661 922 2730 lis)
940 2660 1056 2713 Bermrl
1073 2659 1202 2714 uror-,AB
1220 2667 1249 2712 et
1266 2659 1347 2713 Snalc
1363 2666 1471 2730 praeter

229 2725 377 2850 bilbili?
393 2725 496 2866 lili
510 2728 835 2852 ttttttlttt·
869 2728 945 2868 ltt·
958 2728 1317 2868 tatttttttttffl
1333 2735 1375 2782 ⁶⁸²
1391 2727 1419 2779 ³¹²
1436 2743 1470 2780 ³⁰

231 2863 273 2918 bis
291 2873 349 2918 tum
366 2864 393 2918 in
410 2865 460 2918 hoc
477 2881 587 2919 numero
604 2865 750 2921 millenario
768 2885 835 2921 sem·
904 2869 927 2934 ξ.
945 2872 987 2920 24.
1025 2868 1147 2920 misertus
1170 2866 1204 2919 de
1230 2865 1380 2920 coniectura
1400 2861 1470 2916 lunii

230 2951 277 3015 per
294 2933 339 3000 fit,
366 2932 407 2986 uti
432 2931 508 2988 facile
530 2934 664 2988 docebunt
687 2935 737 2990 loci
754 2946 784 2990 et
800 2938 834 2990 ab
868 2933 974 3002 editur,
1001 2953 1060 2989 sum
1088 2934 1115 2987 in
1141 2933 1196 2988 anti
1216 2933 1335 2994 oloribus
1360 2933 1419 3002 add
1440 2939 1471 2985 et

228 3022 239 3057 ι
305 3001 440 3057 Gronovio
466 3010 494 3056 et
516 3019 533 3056 a
553 3002 772 3059 Drakemborchio
799 3007 833 3059 ad
867 3003 1004 3058 deterioris
1039 3003 1138 3057 ordinis
1169 2951 1301 3057 codicibus
1329 3003 1470 3055 miseratus

253 3071 287 3125 iv.
305 3087 351 3140 ιν,
372 3079 416 3138 15,
436 3079 450 3126 (ἰ
469 3071 550 3124 allati.
585 3071 717 3127 Nimirum
733 3076 833 3128 milleni
867 3073 1007 3143 legaretur.
1043 3072 1098 3126 Sed
1118 3071 1210 3143 optimi
1236 3070 1296 3125 libri
1313 3070 1375 3124 meti
1392 3071 1471 3123 mise·

229 3160 283 3195 vox
304 3149 346 3195 est
365 3139 472 3194 insolita
489 3139 614 3194 Romanis
635 3150 664 3194 et
680 3143 833 3212 grammati·
866 3151 939 3197 retur
954 3139 1090 3205 exhibent,
1108 3140 1195 3193 nullus
1211 3143 1341 3194 misertos.
1362 3139 1472 3192 Placet·

230 3227 321 3264 eorum
352 3209 441 3288 potius
471 3209 499 3262 iu
528 3208 602 3263 libris
624 3228 703 3280 quam
729 3211 757 3264 in
783 3230 832 3266 usu
866 3209 1001 3281 usigitur
1023 3209 1127 3263 restitui
1143 3211 1298 3262 miseretur!
1325 3207 1393 3262 Mihi
1411 3205 1470 3278 qui·

230 3296 360 3332 commum
377 3285 488 3331 versata.
519 3277 576 3330 Iam
592 3277 675 3348 igitur
692 3279 713 3332 si
730 3281 831 3334 codices
866 3281 926 3333 dem
943 3277 1077 3349 displicet,
1104 3278 1151 3331 aad
1172 3277 1193 3332 si
1218 3277 1277 3348 quis
1298 3275 1391 3331 fecerit
1408 3293 1470 3329 eum

230 3346 367 3412 consulas,
388 3361 461 3398 meos
482 3344 589 3414 quidem
609 3361 700 3400 ornnes
727 3346 832 3402 Grono-
865 3366 920 3401 non
937 3347 1135 3418 reprehendam.

228 3413 322 3467 vianae
338 3412 515 3467 emendationi
532 3413 692 3482 patrocinari
709 3415 758 3469 tibi
771 3433 831 3487 per-
900 3426 973 3468 terno
1000 3417 1074 3469 milio
1101 3415 1248 3482 denarium]
1291 3414 1378 3468 Miror
1399 3412 1424 3466 h.
1448 3412 1466 3466 l.

230 3484 324 3548 suade,
351 3489 382 3534 ut
407 3481 470 3534 satis
495 3480 583 3534 mirari
612 3498 740 3553 nequeam
785 3485 829 3538 uid
864 3484 891 3537 in
916 3483 997 3537 Bern.
1019 3486 1045 3538 A
1067 3491 1095 3538 et
1120 3483 1191 3538 Flor.
1219 3483 1320 3539 Anca
1344 3476 1472 3536 etheid.

229 3547 431 3630 snakenburgio
453 3549 578 3603 acciderit
640 3551 692 3604 uod
715 3552 741 3606 in
759 3503 830 3608 Elor.
866 3553 943 3606 Voss.
968 3561 980 3606 1
1011 3554 1178 3606 denariorum
1208 3551 1274 3623 legi,
1305 3567 1365 3606 cum
1390 3561 1471 3604 antea

229 3617 341 3686 Halmii,
360 3637 405 3690 qm
423 3627 464 3699 est
481 3589 611 3699 norberti,
668 3619 703 3673 id.
720 3621 798 3675 Voss.
817 3631 830 3676 1
867 3623 1004 3675 denariam
1020 3621 1049 3674 in
1066 3621 1158 3674 iisdem
1178 3620 1235 3675 sine
1252 3619 1397 3675 variatione
1413 3620 1470 3672 fira-

231 3687 299 3742 aicut
315 3687 396 3757 vulgo
414 3687 503 3740 editur
519 3689 589 3740 mdle
606 3686 659 3758 legi
684 3689 833 3745 tradiderit.
867 3689 912 3744 rit
959 3690 1025 3743 Trio
1051 3689 1078 3742 in
1103 3689 1185 3745 Bern.
1207 3693 1229 3742 Β
1253 3689 1324 3744 Flor.
1351 3685 1471 3742 DEFHI

231 3755 395 3827 Quamquam
413 3755 482 3809 idem
494 3757 522 3809 in
532 3757 703 3810 annotatione
713 3759 833 3814 subiecta
866 3759 943 3814 Voss.
966 3764 980 3812 2
1003 3757 1089 3812 minus
1111 3768 1184 3812 recte
1205 3756 1311 3829 legitur.
1349 3757 1405 3812 Pro
1435 3773 1469 3809 eo

230 3824 327 3878 habero
350 3833 433 3879 mstos
450 3841 510 3880 suos
527 3827 602 3879 milia
619 3823 754 3883 discedens
771 3847 787 3882 a
804 3846 832 3882 se
866 3827 937 3898 quod
958 3835 1000 3882 est
1025 3830 1108 3881 denae
1131 3826 1158 3880 in
1174 3827 1255 3881 Ber-n.
1280 3827 1303 3880 B
1326 3826 1398 3880 Flor.
1416 3821 1470 3878 ΕΗ

229 3891 288 3966 ipso
305 3893 402 3948 scribit.
866 3905 907 3950 est
925 3896 1031 3962 deinde,
1048 3895 1076 3948 in
1092 3895 1164 3950 Flor.
1182 3894 1247 3949 DEI
1265 3897 1334 3963 dein,
1352 3893 1380 3948 in
1397 3894 1470 3948 Flor.

263 3981 296 4016 ae
314 3964 358 4032 qai
375 3963 481 4030 statum]
516 3961 606 4033 Vulgo
632 3983 664 4018 ne
686 3967 761 4034 qais,
785 3965 832 4020 aad
866 3965 892 4019 G
910 3967 970 4018 dein
989 3967 1077 4018 dame.

230 4033 275 4101 qui
292 4031 456 4085 substantive
473 4031 588 4102 positum
606 4049 659 4086 non
680 4052 740 4088 raro
757 4033 831 4089 inva-
901 4033 940 4088 Ca
960 4073 966 4086 .
985 4041 1027 4101 20,
1048 4037 1071 4102 §.
1091 4035 1114 4087 1.
1150 4034 1210 4086 dein
1227 4033 1351 4100 Xerxem]
1379 4029 1469 4101 Vulgo

229 4099 281 4152 uiri
311 4099 381 4170 apud
411 4097 523 4170 optimos
558 4116 674 4171 quosque
702 4111 831 4171 retamim,
867 4104 1105 4168 (tetrametrum
1123 4099 1466 4156 exhibentLeid.Voss.1

380 4234 823 4294 a

229 4307 263 4358 aa
282 4305 337 4360 oa.
355 4255 382 4358 il
400 4305 477 4360 vsa.
494 4320 523 4372 v,
544 4276 585 4371 1'0,
604 4277 645 4358 rs.
674 4305 769 4378 raquo
787 4279 833 4364 002
864 4308 945 4362 aaa.
973 4309 1022 4362 aa
1046 4308 1120 4362 mu.
1143 4279 1216 4362 sai.
1238 4279 1293 4361 rr'
1309 4307 1376 4360 roa
1400 4303 1469 4359 acra

229 4374 300 4428 dices
321 4373 370 4428 soli
390 4373 515 4444 sequendi
541 4380 616 4438 sunt,
640 4374 724 4429 nostri
741 4385 831 4432 autem
866 4387 1001 4431 cancroma
1038 4393 1068 4431 ro
1087 4375 1159 4447 vulg.
1177 4379 1217 4430 nil
1232 4377 1314 4431 Bern.
1328 4375 1377 4429 AB
1395 4373 1468 4428 Flor.

229 4460 319 4497 omnes
342 4441 460 4514 exceptis
483 4440 567 4498 tribus
593 4439 665 4497 Elor.
692 4446 831 4517 postremis
864 4395 1045 4499 Aaliimulii
1063 4443 1347 4515 etSnalrsuburgiani‚
1366 4443 1470 4497 silicet

865 4531 899 4568 ex
916 4531 948 4569 eo
965 4513 1092 4570 coniicere
1109 4513 1180 4586 quod
1196 4513 1254 4586 ipsc
1271 4514 1308 4568 sic
1324 4512 1415 4568 edidit
