3270 5290
223 359 296 431 238
694 377 728 441 o.
756 376 881 430 cuarn
904 377 990 429 nun

222 588 314 636 orare
337 561 440 654 allud,
475 561 564 662 qaod
588 573 783 636 eaoeetaaas
809 560 870 634 iter
883 561 1043 659 flaarhrm
1068 572 1221 659 ocatpot,
1256 570 1367 632 ennae
1397 557 1460 633 nos

222 687 385 766 moratur,
422 699 490 749 aaa
531 670 668 749 Ciliciae
699 676 821 776 fauces
858 685 888 747 et
921 671 1094 773 aepactae
1128 665 1316 745 includam:
1349 669 1459 768 pirna

222 785 335 859 anaia
360 797 391 859 et
409 811 523 884 prorsa
547 797 633 860 eum.
685 786 730 861 In
755 785 828 885 ipso
856 785 967 860 limiae
991 782 1146 860 amante
1171 793 1307 856 samaa.
1348 781 1460 858 Pauci
1476 799 1511 848 17

221 897 314 971 nobis
334 897 476 998 sapitioi
506 910 537 970 et
560 896 689 971 domini
712 897 768 972 aui
792 898 1009 1001 imefeatores
1034 906 1221 994 mpamm.
1273 892 1458 994 Eyrepium

222 1007 401 1082 murae
433 1034 534 1107 opus,
568 1021 598 1082 et
631 1009 715 1082 inter
741 1009 862 1107 primo
892 1008 1020 1108 pieriae
1052 1018 1179 1080 cosroe
1203 1003 1458 1096 munerandum,

217 1117 404 1217 posteritati
417 1121 601 1220 famaeque
631 1120 781 1210 tradetis,
812 1120 926 1196 Darei
958 1141 1084 1219 qaoque
1110 1115 1228 1207 taetre,
1249 1114 1352 1212 finito
1380 1128 1460 1214 poet

220 1243 358 1303 mortem
383 1230 473 1304 illita
499 1229 590 1321 odio,
609 1231 807 1328 parratas
833 1255 902 1305 esse
926 1255 985 1306 uos
1009 1229 1103 1319 utos,
1128 1228 1292 1301 remittam
1316 1227 1459 1324 araphan

104 1365 107 1370 ¹
222 1341 375 1441 effapiam
407 1353 534 1415 nesrac
558 1365 689 1416 manus.
741 1341 816 1418 Hoc
835 1353 1044 1440 perpetrato,
1071 1353 1193 1440 quanto
1219 1336 1353 1420 aeota
1377 1336 1513 1413 Per-18

221 1477 279 1526 sos
306 1451 560 1551 obsequutores
575 1454 664 1553 fere,
691 1477 766 1527 arm
791 1452 1008 1536 tartareum.
1029 1475 1086 1526 voa
1104 1451 1171 1550 pia
1186 1450 1269 1524 bella
1283 1448 1459 1548 asemper,

222 1575 252 1634 et
276 1561 381 1636 Bessi
403 1563 525 1655 aarum,
551 1587 618 1638 aaa
642 1564 771 1638 nomini
794 1590 871 1657 nto,
897 1563 1023 1639 irasci!
1320 1651 1322 1660 y

176 1675 222 1746 10
328 1671 475 1747 Summa
500 1673 651 1748 militum
678 1675 878 1766 alacritate,
909 1673 1123 1764 iubentium,
1150 1697 1361 1770 quocunque
1388 1671 1513 1744 vel-rr.

222 1784 289 1875 let,
322 1784 467 1876 ducere,
500 1786 614 1859 oratio
655 1796 807 1885 excepta
842 1797 906 1860 est
967 1783 1042 1859 Nec
1072 1810 1145 1881 ren¹
1164 1795 1324 1858 moratus
1350 1784 1493 1880 imper

223 1906 321 1969 tum:
353 1898 530 1994 tertioque
561 1922 626 1994 per
651 1895 868 1971 Parthienen
903 1896 960 1971 die
986 1895 1147 1970 adfines
1173 1895 1376 1994 Hyrcaniae
1400 1919 1459 1993 pe·

223 2018 358 2100 netrat,
394 2007 543 2082 Cratero
574 2009 698 2082 relicto
730 2035 811 2082 cum
837 2010 879 2082 iis
906 2009 1031 2106 copiis,
1066 2008 1195 2105 quibus
1222 2015 1396 2105 praeerat,
1423 2015 1461 2079 et

224 2143 267 2192 ea
280 2117 411 2210 manu,
438 2145 545 2216 quam
570 2121 749 2220 Amyntas
777 2120 946 2211 ducebat,
974 2119 1105 2192 additis
1131 2119 1310 2192 sexcentis
1337 2116 1459 2214 equiti·

222 2229 290 2300 bus
329 2241 366 2303 et
403 2230 554 2304 totidem
591 2232 783 2330 sagittariis
790 2288 799 2322 ,
838 2243 879 2304 ut
911 2233 957 2304 ab
990 2231 1191 2304 incursione
1225 2228 1462 2304 barbarorum

222 2338 439 2415 Parthienen
466 2353 636 2416 tueretur.
688 2341 873 2442 Erigyium
904 2339 1166 2440 impedimenta,
1193 2338 1334 2414 modico
1359 2359 1495 2438 prae-a

224 2449 314 2522 sidio
342 2451 443 2543 dato,
475 2453 666 2551 campestri
691 2453 818 2527 itinere
843 2452 974 2526 ducere
999 2450 1108 2525 iubet.
1160 2451 1241 2549 Ipse
1268 2475 1350 2524 cum
1374 2450 1461 2548 pha·

259 2635 282 2702 ξ.
302 2641 342 2688 17.
379 2637 446 2688 inter
459 2636 564 2706 prima,
583 2636 600 2690 i,
619 2653 642 2692 e.
662 2637 733 2692 inter
749 2653 826 2709 prae-
860 2653 893 2691 eo
910 2637 1094 2709 nuncquidern
1111 2640 1188 2690 extat
1205 2636 1306 2701 ducere,
1324 2634 1370 2686 aed
1387 2649 1463 2686 erasa

224 2702 311 2773 cipue.
329 2704 401 2757 Ante
413 2703 533 2758 Medium
551 2706 681 2762 edebatur
691 2708 825 2776 poemia,
861 2704 1028 2777 litteraquae
1037 2705 1089 2760 fuit
1104 2714 1121 2758 t.
1141 2701 1319 2756 Nihilominus
1334 2710 1463 2771 quattuor

225 2771 296 2840 qaod
314 2771 399 2825 estin
417 2772 488 2826 Flor.
506 2772 624 2828 EFGHI
641 2775 722 2829 Bern.
741 2775 773 2828 B.
860 2773 965 2828 illorum
983 2775 1090 2828 testium
1107 2772 1147 2826 ris
1163 2778 1241 2832 tanta
1254 2778 1305 2836 est,
1326 2779 1464 2824 uteorum

257 2841 344 2893 Darei
440 2859 471 2894 ue
501 2843 583 2896 tortis
608 2876 644 2886 -
669 2845 826 2914 parricidas
861 2842 987 2913 suffragio
1004 2858 1097 2913 parare
1118 2855 1224 2894 necesse
1241 2837 1292 2906 ait,
1311 2855 1371 2892 cum
1388 2846 1463 2891 utra·

224 2925 279 2962 erse
296 2927 341 2963 voe
358 2859 426 2964 altos
457 2909 827 2983 daemonumque
861 2927 913 2982 qne
930 2910 1033 2966 ratione
1051 2925 1133 2980 aeque
1150 2915 1221 2962 recte
1238 2906 1349 2964 dicatur.

223 2976 251 3029 in
268 2977 339 3031 libn'a
357 2995 428 3032 omni
446 2996 486 3044 us,
504 2979 580 3034 bonis
598 2997 681 3052 aeque
699 2998 729 3035 ac
742 2981 826 3048 malis,
896 2983 919 3048 ξ.
946 2986 970 3033 2.
1011 2980 1171 3032 Parthienen
1228 2975 1318 3046 Vulgo
1354 2983 1464 3046 praeter

223 3044 437 3117 editionibusque
459 3048 571 3102 vetustis
592 3051 711 3102 Dareum
729 3067 749 3102 s.
767 3049 825 3102 Da-
860 3047 933 3101 Mod.
952 3055 980 3101 at
997 3047 1129 3102 Snakenb.
1183 3043 1212 3097 'ti
1230 3043 1397 3098 Parttimem
1423 3043 1463 3096 ri-

222 3115 292 3235 puar
310 3133 414 3196 qaoque
426 3118 524 3198 torrem
540 3117 708 3199 invenimus?
744 3116 826 3172 Certe
861 3116 941 3182 tiosc,
959 3116 1031 3236 ‹puod
1048 3113 1202 3184 coarguitur
1218 3112 1299 3166 Beru.
1315 3112 1340 3165 A
1355 3111 1464 3166 Flora

223 3185 827 3371 qldldliddrrssoeetplimssisirhhlrlrilseldihlleldilpuliffi
859 3183 966 3305 BIeltFeGa
978 3225 1075 3333 'mamad
1094 3249 1194 3330 Mirum
1210 3265 1292 3320 usque
1310 3248 1344 3302 ad
1357 3247 1463 3302 Freins-

224 3333 277 3386 quo
305 3318 397 3372 Frerns
416 3335 498 3372 emtus
511 3337 603 3374 rocem
613 3321 826 3390 pomereto-rde—
859 3319 973 3377 hamram
982 3331 1076 3374 utrum
1087 3319 1233 3373 obtinuisse
1246 3335 1278 3371 ee
1290 3334 1384 3370 uranu:
1401 3335 1463 3370 nam

223 3384 272 3438 leri
287 3385 368 3439 iussit.
389 3386 443 3440 Pro
452 3389 508 3441 etur
522 3388 613 3458 scripsi
631 3389 713 3454 iltius,
731 3389 827 3442 deinde
861 3388 980 3458 quamvis
997 3387 1033 3442 sit
1050 3387 1078 3442 iu
1095 3404 1156 3441 mes.
1174 3401 1259 3456 paene
1275 3384 1397 3440 omnibus
1416 3386 1463 3452 (de

224 3463 325 3506 vestroe
334 3472 427 3507 manue
437 3472 486 3525 pro
497 3455 568 3524 vulg.
577 3465 787 3522 maausoestror,
797 3455 827 3510 ti-
861 3456 956 3509 nostris
983 3475 1037 3511 non
1063 3455 1167 3525 excipio
1194 3453 1244 3508 uisi
1268 3453 1340 3508 Flor.
1366 3453 1390 3506 F
1416 3453 1462 3524 qui

224 3519 277 3575 bn‘s
287 3538 347 3574 mss.
359 3529 524 3576 tantumnon
538 3523 657 3577 omnibus
667 3523 825 3578 iubentibus.
860 3523 941 3578 habat
967 3535 990 3578 et
1016 3528 1108 3590 manu)
1133 3531 1222 3577 tamen
1245 3539 1346 3576 merum
1368 3521 1463 3576 vitium

259 3588 325 3659 Cap.
345 3596 393 3656 10,
433 3600 482 3643 .l.
516 3593 657 3646 iubentium
675 3609 825 3662 quocunque
860 3599 909 3645 eet.
922 3589 1464 3670 Amyntasenimagminiphalangitarum

224 3658 297 3712 veltet
315 3660 414 3712 deemet
448 3658 532 3713 Codd.
550 3676 640 3714 omnes
657 3669 686 3713 et
703 3661 762 3714 edd.
780 3677 825 3713 va-
858 3663 1058 3732 (πεζεταίρων)
1067 3677 1121 3715 non
1129 3658 1258 3730 equitatur
1267 3665 1400 3729 praeerat,
1410 3658 1462 3712 ud.

224 3733 295 3778 teres
312 3727 484 3793 subeuntium,
502 3729 573 3798 quod
589 3728 612 3782 1.
621 3729 665 3782 Fr.
675 3725 825 3783 Gronovius
860 3728 894 3780 ad
911 3743 954 3795 nv,
973 3735 1014 3784 to.

226 3793 292 3848 Oba.
309 3808 341 3862 11,
359 3797 376 3848 4
394 3795 530 3864 defendit,
568 3815 598 3851 ro
615 3799 826 3868 respondentium
894 3799 918 3862 5.
937 3805 961 3851 3.
996 3796 1149 3880 Empylum]
1184 3795 1245 3852 Hoc
1268 3811 1364 3850 nomen
1380 3793 1463 3849 mole·

224 3861 324 3942 dictum
350 3879 407 3917 esse
428 3873 508 3918 ratus.
548 3815 604 3920 ded
625 3865 652 3919 id
678 3881 771 3919 vereor
796 3873 827 3918 ut
860 3863 1001 3918 rtissimum
1018 3866 1068 3919 furt
1085 3863 1197 3920 librariis
1216 3863 1261 3934 qui
1279 3881 1339 3918 cum
1355 3862 1462 3916 minime

223 3946 347 4052 terra
371 3933 826 4056 remunerant
871 3935 1131 4056 mutter
1156 3931 1288 4054 tuta
1306 3933 1462 4054 tart:

225 4017 433 4148 emendnaopili
449 4040 600 4137 iubentium,
618 4078 650 4123 ut
667 4085 709 4138 rx,
722 4043 751 4122 1¹7
771 4073 826 4124 cto·
860 4069 960 4123 Verum
978 4019 1325 4148 rddidimeillnlano'e'i
1341 4019 1462 4122 niglam

224 4153 281 4188 mor
312 4137 452 4189 solertium
482 4139 585 4192 duceret
616 4140 669 4191 aliia
695 4139 825 4192 secundia.
858 4136 943 4192 Hadr.
960 4137 1058 4193 Iunius.
1076 4135 1199 4208 Erigyitn
1208 4137 1248 4190 Mt
1279 4135 1385 4188 lenaeus
1394 4144 1461 4202 arat,

225 4203 279 4258 Sed
304 4202 499 4257 similitudinem
524 4202 662 4276 utriusque
685 4205 736 4260 loci
767 4221 825 4258 rur-
858 4205 972 4277 Larychi
994 4206 1039 4274 fit,
1058 4206 1137 4278 paulo
1163 4211 1225 4258 ante
1275 4203 1368 4284 hilippi
1391 4203 1462 4274 regia

225 4289 268 4325 sus
286 4269 390 4326 elevare
407 4289 500 4342 cogor,
518 4274 589 4343 quod
607 4273 633 4326 h.
650 4271 668 4327 l
686 4291 756 4327 nunc
773 4273 825 4326 fide
858 4283 979 4356 mortem,
998 4276 1033 4328 ob
1050 4271 1192 4329 amicitiam
1199 4271 1356 4339 Alexander,
1370 4271 1462 4326 Mace-

224 4339 350 4395 librorum
367 4339 442 4393 Leid.
460 4340 537 4395 Voss.
555 4350 566 4394 1
587 4341 703 4396 Ber-uA
719 4341 823 4396 Flor.B
857 4342 936 4396 donia
952 4351 1064 4411 erectus,
1090 4350 1183 4414 postea
1205 4357 1325 4396 reversus
1342 4346 1372 4393 et
1388 4339 1461 4411 equi-

224 4407 312 4463 scribo
330 4410 423 4463 ducere
439 4425 490 4478 pro
508 4425 541 4463 eo
575 4409 631 4463 uod
646 4409 696 4464 luit
713 4412 823 4464 aanor.
857 4417 916 4464 tum
932 4409 1060 4466 sociorum
1085 4410 1235 4482 praefectae
1260 4407 1288 4462 in
1311 4407 1412 4479 proelio
1429 4409 1464 4462 ad

224 4477 296 4532 Flor.
315 4476 341 4529 A
363 4477 506 4532 auctoritas
530 4477 611 4532 daia
627 4485 685 4546 cot,
708 4478 778 4550 quod
796 4477 823 4532 in
857 4479 965 4534 Arbela.
