3158 5294
480 331 530 382 na
556 325 681 382 casus
708 327 816 380 arax.
843 334 880 399 x,
906 325 977 379 aes
1257 309 1329 381 519

76 539 177 588 eum
206 514 332 613 coepit,
360 539 407 589 an
432 511 640 588 Perdiccam
665 510 916 609 comprehendi
944 514 1019 612 ipse
1045 513 1216 588 iussisset.
1268 512 1331 586 Ille

78 623 267 724 Meleagri
299 626 469 700 instinctu
501 650 539 698 se
572 623 716 697 iussisse
747 622 948 722 respondit:
984 635 1142 700 ceterum
1173 650 1246 700 non
1273 622 1332 696 de-

77 735 181 810 bere
210 738 419 812 tumultuari
446 762 522 828 eos,
548 733 755 808 Perdiccam
782 735 876 808 enim
902 735 1034 808 vivere.

34 869 52 914 r
201 847 314 946 Igitur
339 848 505 922 contione
527 846 672 921 dimissa
690 843 878 942 Meleager,
906 847 1064 943 equitum
1090 848 1244 922 maxime
1272 846 1381 922 rte-26

77 959 249 1034 sectione
273 959 494 1058 perterritus,
519 959 693 1056 inopsque
719 956 869 1047 consilii,
896 956 1042 1056 (quippe
1067 957 1104 1029 in
1131 957 1247 1054 ipsum
1272 983 1331 1057 pe·

77 1071 246 1144 rioulum
270 1069 460 1161 reciderat,
488 1068 585 1166 quod
609 1067 750 1142 inimico
775 1067 881 1165 paulo
908 1077 992 1142 ante
1018 1065 1246 1166 intenderat)
1272 1069 1333 1141 tri·

80 1180 209 1254 duum
237 1183 311 1254 fere
343 1181 563 1278 consumpsit
592 1180 730 1254 incerta
765 1179 912 1252 consilia
942 1178 1133 1253 volvenda.
1185 1177 1234 1252 Et
1264 1181 1332 1278 pri·

27 1310 58 1358 ,a
82 1291 190 1366 stine
208 1292 351 1390 quidem
367 1292 486 1390 regiae
513 1291 647 1389 species
664 1289 847 1364 manebat:
873 1316 958 1364 nam
984 1300 1021 1363 et
1041 1290 1149 1388 legati
1171 1291 1332 1388 gentium

27 1463 28 1468 ,
82 1427 218 1502 regem
243 1403 407 1494 adibant,
439 1412 476 1476 et
508 1400 691 1499 copiarum
717 1399 826 1474 duces
853 1402 1019 1492 aderant,
1053 1387 1089 1474 et
1114 1401 1333 1475 vestibulum

27 1501 60 1581 ws
84 1517 266 1590 satellites
293 1515 490 1611 armatique
522 1513 797 1610 compleverant
850 1508 922 1584 Sed
953 1513 1078 1609 ingens
1105 1536 1170 1586 sua
1203 1524 1331 1611 sponte

27 1611 28 1706 J
84 1628 273 1702 maestitia
298 1626 444 1728 ultimae
462 1622 720 1725 desperationis
747 1623 857 1696 index
877 1634 965 1713 erat,
992 1624 1218 1721 suspectique
1244 1625 1331 1698 invi·

86 1741 171 1810 ceni
197 1764 271 1812 non
297 1735 395 1810 adire
414 1738 571 1836 propius,
597 1758 670 1807 non
697 1733 850 1830 colloqui
876 1733 1068 1823 audebant,
1094 1746 1249 1809 secretas
1277 1762 1332 1808 co·

27 1915 28 1918 ,
87 1849 284 1946 gitationes
316 1849 412 1922 intra
445 1875 486 1922 ee
518 1870 660 1945 quoque
690 1845 876 1935 volvente,
921 1855 958 1918 et
989 1869 1036 1916 ex
1068 1847 1335 1943 comparatione

27 1947 67 2030 [10
89 1949 189 2058 regis
222 1961 309 2034 novi
340 1958 557 2034 desiderium
588 1955 814 2030 excitabatur
848 1955 977 2028 amussi.
1034 1953 1105 2028 Ubi
1135 1957 1194 2030 ille
1227 1969 1331 2050 esset,

27 2061 29 2182 ᾧ
92 2070 197 2143 cuius
223 2070 410 2169 imperium
417 2125 426 2161 ‚
453 2067 774 2165 cuiusarispicium
802 2067 916 2140 secuti
941 2075 1059 2156 erant,
1090 2068 1328 2164 requirebant.

27 2253 28 2260 χ
89 2177 305 2254 Destitutos
325 2205 362 2254 se
387 2181 490 2254 inter·
513 2179 661 2274 infestas
693 2175 954 2274 indomitasque
978 2187 1121 2276 gentes,
1155 2181 1329 2279 expetitu-

27 2285 29 2296 ’
90 2313 153 2361 ras
180 2299 237 2364 tot
262 2316 407 2364 suarum
434 2289 586 2364 cladium
605 2313 750 2385 poenas,
777 2288 1061 2386 quandocunque
1088 2289 1209 2364 oblata
1236 2304 1331 2365 esset

27 2397 242 2494 ss11occasio.
282 2399 347 2474 His
375 2398 648 2500 cogitationibus
675 2400 813 2472 animos
843 2400 1061 2492 eredebant,
1089 2424 1170 2474 cum
1196 2427 1331 2476 annun·

27 2517 28 2522 ’
91 2511 219 2604 tiatur,
259 2513 412 2610 equites,
451 2510 511 2609 qui
543 2510 611 2584 sub
644 2508 816 2584 Perdicca
847 2522 968 2586 essent
975 2567 983 2603 ,
1023 2514 1205 2611 occupatis
1239 2514 1332 2588 circa

91 2621 279 2724 Babylona
314 2623 463 2721 campis,
497 2623 730 2713 frumentum,
764 2621 862 2718 quod
891 2623 929 2694 in
961 2623 1088 2696 urbem
1120 2626 1331 2718 vehebatur,

127 2857 166 2912 Ga
187 2897 193 2911 .
211 2863 259 2925 26,
283 2863 307 2926 s.
326 2865 349 2914 9.
384 2859 456 2910 intra
477 2875 506 2911 ee
523 2873 621 2929 quoque
644 2857 697 2910 ool-
730 2856 899 2912 iniuriarum.
928 2857 1010 2924 Quod
1073 2857 1145 2912 uitur
1163 2862 1331 2931 medecan-

27 2937 28 2966 ἓ
93 2875 185 3006 ventes
218 2925 319 2980 Locum
345 2925 416 2979 hunc
439 2933 586 3046 postquam
611 2922 696 2990 Aldus
731 2923 886 3002 quassat.
903 2923 931 2978 in
948 2925 1022 2980 Laid.
1067 2943 1117 2980 cas.
1137 2937 1160 2980 1.
1178 2935 1194 2982 2
1213 2936 1241 2981 et
1258 2927 1331 2983 Flor.

27 3007 28 3038 ³
93 2994 231 3076 consumit
255 2995 296 3077 sic.
318 2993 397 3064 vulgo
423 2995 549 3048 cebant:
582 3002 695 3046 secretae
731 2991 848 3071 {Hemsb
866 2994 948 3048 tradit
964 3009 1021 3048 esse
1035 2997 1196 3067 quandoque,
1214 2995 1331 3067 mihique

27 3149 28 3152 κ
94 3073 544 3202 tttttl‘ts'ttetttttt
560 3063 696 3210 ‘titt
729 3061 930 3210 tittfssttt
949 3062 1149 3186 tltata
1173 3066 1332 3203 {rarat

27 3213 28 3244 1
95 3198 210 3254 codicum
232 3199 404 3270 plurimorum
425 3209 539 3254 secretae
562 3197 695 3267 capitatae·
728 3196 1333 3269 ntumCF„etquandoF10r.1a,eoe-

95 3270 135 3320 nia
153 3268 280 3332 correxit,
299 3267 390 3332 laudo,
415 3266 609 3338 adstipulantur
625 3281 695 3318 nunc
729 3264 792 3318 teris
817 3265 883 3319 nihil
908 3284 925 3319 a
951 3266 1022 3337 vulg.
1054 3267 1186 3322 diversum
1213 3276 1331 3323 notatur.

27 3381 28 3388 ,
95 3334 173 3389 etiam
193 3345 247 3390 tres
269 3335 340 3390 Flor.
362 3333 443 3403 DGl,
477 3335 526 3389 reli
563 3333 584 3388 't
606 3341 695 3388 autem
728 3331 786 3388 Nec
802 3334 888 3389 variat
905 3335 1034 3389 Modiana
1051 3335 1141 3390 aditio.

27 3425 28 3432 ¹
96 3403 189 3474 aliquid
201 3403 316 3457 Acidalii
333 3403 479 3474 sagacitati.
534 3421 578 3458 am
595 3419 694 3474 quoque
763 3403 786 3482 ᾗ.
805 3409 845 3456 11.
881 3404 952 3458 circa
969 3405 1118 3473 Babylona]
1154 3403 1199 3459 Sic
1220 3405 1292 3460 Flor.
1305 3406 1332 3459 A

115 3490 197 3526 rursus
214 3471 307 3526 inutile
329 3481 385 3538 est,
409 3474 556 3528 nechabet
582 3489 635 3542 quo
652 3487 694 3525 re·
727 3469 816 3539 Led,
841 3471 922 3525 ceteri
939 3471 1054 3526 variant:
1072 3471 1144 3527 Flor.
1162 3472 1186 3526 B
1205 3475 1330 3542 babilone,

96 3491 200 3594 leretur.
235 3539 331 3610 Itaque
353 3539 486 3594 Acidaliae
513 3549 560 3595 aut
586 3543 644 3612 quie
662 3557 693 3594 ue
727 3537 827 3593 Vosal
848 3541 1012 3608 babillcniae,
1030 3541 1149 3621 plerique
1166 3551 1195 3595 et
1209 3542 1268 3596 edd.
1287 3559 1332 3596 ve-

99 3615 143 3660 aut
158 3609 267 3660 uoluente
289 3607 380 3686 cor-riu
411 3609 471 3662 dum
490 3607 599 3663 censuit
633 3558 693 3687 ligo
726 3615 796 3687 teres
812 3609 978 3677 babiloniam,
997 3625 1046 3663 nec
1059 3609 1108 3662 nisr
1120 3608 1191 3663 Flor.
1199 3609 1242 3664 DI
1259 3612 1332 3682 quod

98 3676 145 3728 hoc
172 3675 283 3728 alterum
312 3675 412 3728 sacrrus
441 3684 469 3729 et
503 3677 553 3732 toti
578 3676 693 3730 oratiom
727 3675 789 3729 rude
806 3692 823 3729 a
839 3676 932 3731 Medio
956 3677 1036 3747 vulgo
1054 3676 1144 3731 editur
1164 3679 1331 3748 Baepzonen.

99 3743 312 3798 accommodatius
331 3741 484 3796 existimavi.
728 3741 805 3806 Quae
830 3762 890 3798 cum
915 3744 954 3798 ita
978 3745 1032 3799 sint
1057 3753 1160 3799 secutus
1182 3764 1239 3800 sum
1260 3749 1331 3818 quod

100 3845 423 3980 fflgssfqssg‘rgfflg}
442 3847 693 3979 geogrgggg
727 3812 1332 3939 tdtttt‘ttttfpttuddsstt

100 3984 147 4038 ΜΘ
163 3982 293 4054 dignm
310 3990 400 4035 ment
417 3989 547 4036 mmm·
727 3948 803 4069 adid1
804 3955 1062 4087 lirddevelebatur]
1096 4018 1171 4074 Editi
1196 4020 1332 4076 inveheba-

133 4089 153 4154 ς.
163 4092 200 4140 10.
227 4088 383 4154 expetituras
401 4075 554 4140 rotenorum
568 4087 694 4208 elodiana
730 4095 785 4152 tur,
821 4086 867 4139 sed
903 4086 1074 4158 manuscripti
1101 4105 1193 4143 omnes
1219 4089 1331 4160 simplex

102 4154 150 4225 Ipsi
165 4153 325 4224 integerrimi
344 4152 421 4207 codd.
438 4153 670 4208 BernnFloas
729 4154 839 4222 habent,
856 4154 927 4210 Flor.
944 4154 1029 4210 nnoC
1048 4165 1167 4228 excepto.
1195 4157 1230 4212 Et
1238 4174 1331 4212 verum

101 4221 167 4276 leid
181 4221 257 4278 Voss.
279 4231 291 4277 1
311 4220 391 4276 solita
407 4221 602 4293 permutatione
619 4240 694 4292 expe·
729 4222 808 4278 etiam
829 4224 897 4278 hanc
923 4225 1088 4280 ob'causam
1113 4225 1233 4293 videtur,
1260 4227 1332 4298 quod

104 4301 205 4344 arcturos
232 4291 286 4345 aive
304 4301 494 4361 aspectatores.
530 4289 584 4345 sed
605 4307 694 4346 ornnes
728 4290 924 4347 numentumin
937 4295 1029 4348 urbem
1042 4293 1095 4348 iam
1110 4295 1194 4348 lavati
1207 4303 1332 4364 coeptum

105 4358 210 4412 ordinem
227 4360 319 4416 verbb.
337 4366 455 4428 mutant,
480 4359 526 4432 qui
541 4359 622 4431 vulgo
638 4359 694 4414 fue-
728 4359 774 4414 vix
791 4360 819 4414 in
835 4369 996 4434 potestatem
1017 4379 1033 4415 e
1052 4361 1137 4416 uitam
1155 4362 1329 4416 obsidentium

105 4433 142 4480 rat
164 4429 272 4502 clodian
297 4447 418 4498 auarum,
445 4427 561 4485 meaa
586 4447 695 4486 auarum
728 4429 819 4484 venire
848 4430 973 4504 potuerit.
1113 4429 1184 4502 vulg.
1214 4433 1329 4504 praciam
