3238 5296
506 387 555 439 nn
582 385 708 438 onsrrs
734 387 845 439 nnnx.
871 389 949 458 vm,
976 386 1019 442 sa.
1292 369 1364 440 401

128 569 293 644 omnibus
318 569 415 644 Indis
442 571 562 668 largus
589 582 644 646 est
670 597 766 646 usus.
809 571 945 671 Regem
965 597 1063 648 mero
1089 595 1286 669 somnoque
1313 595 1367 644 so·

128 681 243 779 pitum
273 682 310 754 in
352 683 556 759 cubiculum
587 683 729 781 pellices
755 685 932 777 referunt,
973 685 1089 783 patrio
1122 685 1277 757 carmine
1307 707 1369 756 no·

127 792 238 866 otium
263 793 473 868 invocantes
501 793 598 868 deos.

76 926 105 969 ³1
231 902 319 994 Quis
357 906 480 981 credat
517 908 611 981 inter
647 908 736 982 haec
767 909 856 983 vitia
890 932 1012 983 curam
1045 933 1123 982 esse
1149 905 1417 1005 sapientiaeid3

127 1014 247 1090 Unum
273 1028 414 1116 agreste
449 1029 486 1092 et
510 1019 694 1092 horridum
720 1045 833 1120 genus
866 1031 937 1111 est,
972 1020 1069 1118 quod
1104 1019 1282 1117 sapientes
1308 1041 1369 1092 vo·

77 1147 109 1195 82
128 1139 220 1200 cent.
272 1127 383 1227 Apud
408 1131 474 1204 hos
501 1155 675 1230 occupare
700 1133 765 1205 fati
791 1131 886 1205 diem
911 1132 1109 1229 pulchrum,
1126 1141 1174 1204 et
1199 1131 1303 1205 vivos
1330 1155 1369 1204 se

128 1239 277 1313 cremari
302 1241 436 1333 iubent,
463 1243 591 1339 quibus
618 1256 683 1318 aut
708 1244 826 1342 segnis
844 1253 944 1316 setas
970 1253 1034 1316 aut
1058 1241 1285 1316 incommoda
1309 1266 1369 1314 va·

127 1348 251 1424 letudo
278 1361 347 1424 est:
374 1364 601 1451 expectatam
628 1366 781 1430 mortem
807 1381 872 1455 pro
899 1353 1075 1428 dedecore
1100 1355 1196 1428 vitae
1222 1354 1367 1428 habent.

129 1460 203 1536 Nec
228 1464 322 1538 ullus
349 1467 574 1563 corporibus,
600 1493 691 1566 quae
718 1478 883 1542 senectus
909 1466 1026 1556 solvit,
1052 1467 1167 1540 honos
1193 1463 1371 1539 redditur:

79 1595 112 1639 ³³
129 1573 306 1672 inquinari
331 1586 461 1674 putant
487 1577 620 1676 ignem,
647 1581 715 1652 nisi
741 1580 800 1677 qui
828 1579 1004 1677 spirantes
1029 1579 1164 1677 recipit.
1218 1577 1283 1668 Illi,
1310 1577 1371 1674 qui

129 1686 167 1758 in
200 1687 350 1761 urbibus
376 1689 524 1786 publicis
560 1691 720 1764 moribus
754 1690 908 1788 degunt,
940 1687 1097 1762 siderum
1130 1699 1250 1762 motus
1284 1689 1373 1763 scite

131 1807 292 1895 spectare
319 1797 485 1873 dicuntur
511 1811 549 1874 et
573 1803 695 1875 futura
720 1801 934 1901 praedicere
974 1798 1050 1874 Nec
1073 1825 1287 1898 quemquam
1312 1799 1372 1874 ad·

131 1933 277 1982 movere
307 1910 370 1984 leti
401 1910 496 1985 diem
530 1911 695 2004 credunt,
739 1914 796 1986 cui
828 1923 1021 2012 expectare
1051 1913 1215 1986 interrito
1255 1914 1370 1986 liceat.

80 2043 113 2086 ci
131 2019 228 2094 Deos
260 2031 391 2119 putant
422 2023 589 2120 quicquid
627 2025 742 2098 colere
774 2035 987 2123 coeperunt,
1026 2024 1172 2097 arbores
1204 2025 1370 2114 maxime,

82 2151 115 2200 as
134 2157 222 2230 quas
248 2132 385 2206 violare
410 2135 541 2232 capital
568 2145 632 2208 est.
689 2133 832 2209 Menses
871 2137 908 2209 in
940 2136 1067 2232 quinos
1094 2135 1207 2210 denos
1246 2135 1375 2210 descri-

82 2253 284 2344 sepserunt
309 2242 395 2335 dics,
422 2246 506 2318 anni
530 2247 638 2345 plena
663 2248 779 2346 spatia
804 2257 1003 2321 servantur.
1042 2245 1165 2321 Lunae
1183 2271 1289 2320 cursu
1314 2272 1376 2320 no-

133 2366 214 2430 tant
239 2366 420 2454 tempora,
447 2383 529 2450 non,
554 2371 598 2433 ut
622 2360 796 2458 plerique,
823 2384 904 2434 cum
931 2359 1055 2433 orbem
1080 2357 1179 2432 sidus
1206 2361 1377 2460 implevit,

134 2467 200 2544 sed
226 2493 308 2544 cum
334 2495 373 2543 se
399 2495 549 2544 curvare
575 2472 693 2570 coepit
722 2471 760 2544 m
787 2495 937 2561 comus,
969 2469 1163 2544 etidcirco
1191 2472 1374 2546 breviores

79 2653 81 2658 .
134 2584 270 2658 habent
295 2596 451 2675 menses,
484 2583 544 2680 qui
571 2583 726 2682 spatium
752 2608 876 2658 eorum
902 2581 950 2656 ad
975 2583 1070 2655 hunc
1095 2583 1202 2657 lunae
1229 2583 1375 2657 modum

84 2717 115 2765 ar
135 2695 303 2794 dirigrmt.
355 2693 470 2769 Multa
496 2707 533 2768 et
558 2695 627 2768 alia
651 2693 860 2786 traduntur,
895 2694 1024 2791 quibus
1057 2696 1189 2768 morari
1215 2694 1378 2768 ordinem

136 2832 256 2882 rerum
281 2805 384 2879 haud·
405 2831 492 2880 sane
518 2831 648 2905 operae
673 2806 874 2880 videbatur.

171 2989 237 3062 Cap.
255 2997 302 3058 83,
330 2993 414 3112 831.
447 2999 470 3042 et
496 2991 630 3044 hom-idum
654 3007 738 3058 penus
772 2989 857 3041 Pleno
874 2989 951 3041 abest
964 3005 1018 3042 non
1030 2986 1114 3040 solum
1128 2988 1379 3042 adoterrimssecta

137 3069 188 3126 est,
215 3059 295 3130 quod]
357 3075 431 3111 mnes
456 3065 485 3111 et
503 3057 583 3111 Snek.
606 3064 635 3112 et
656 3056 738 3111 noso-i
773 3055 902 3110 librorum
924 3055 997 3110 Flor.
1016 3053 1092 3110 GEH
1115 3055 1197 3110 Bern.
1216 3057 1239 3109 B
1256 3055 1334 3111 Voss.
1352 3062 1378 3122 2,

136 3129 213 3184 codd.
231 3131 307 3198 quod,
325 3137 433 3208 practer
448 3145 530 3180 unum
543 3126 614 3182 Flor.
631 3124 653 3180 Ι.
679 3125 738 3180 Pri-
774 3125 822 3178 scd
847 3124 926 3178 etism
952 3141 969 3178 a
991 3123 1115 3178 BernA
1141 3132 1170 3178 ct
1190 3123 1261 3180 Flor.
1284 3125 1324 3191 Β,
1351 3131 1380 3178 ct

137 3215 195 3251 mus
229 3214 276 3250 uos
293 3196 375 3250 edidit
385 3195 478 3248 Aldus.
506 3194 560 3249 Sed
578 3195 652 3249 estin
670 3193 739 3266 opti-
773 3209 850 3276 possa
876 3193 967 3247 abesse
997 3191 1056 3264 quis
1081 3201 1175 3264 neget,
1220 3212 1279 3248 cum
1314 3191 1380 3246 iliud

138 3265 187 3319 mis
251 3264 287 3318 ris
312 3264 452 3319 omittitur.
496 3263 613 3335 »Duplex
648 3263 739 3335 utique
773 3279 867 3334 ipsum,
886 3263 958 3332 quod
973 3261 1057 3316 iustos
1074 3279 1157 3317 annos
1175 3261 1273 3316 solares
1287 3261 1380 3315 distin-

138 3334 267 3404 scriptura
284 3332 402 3388 codicum
418 3342 474 3400 est,
501 3341 548 3386 aut
569 3332 639 3386 euim
655 3333 740 3386 borri-
774 3339 873 3412 gaunt,
898 3331 966 3386 sicut
987 3331 1163 3386 occidentales
1180 3331 1288 3403 populi,
1316 3328 1381 3384 insit

138 3407 200 3460 dum
223 3421 306 3474 penus
373 3405 404 3468 d,
430 3410 479 3455 eut
503 3404 637 3456 sordidum
655 3419 740 3470 penus
774 3419 803 3456 m
820 3401 902 3454 verbo
920 3417 1032 3455 servare

139 3483 177 3526 est
190 3475 268 3596 (paud
293 3471 433 3538 exibent,
460 3470 510 3526 hoc
536 3471 648 3552 altemm
668 3469 740 3550 Flor.
809 3471 832 3538 ξ.
851 3475 894 3524 tt.
929 3471 1000 3524 saud
1025 3486 1089 3553 eoae
1115 3486 1210 3539 operae
1232 3467 1379 3538 uidebatur]

139 3539 340 3662 dirimi?
365 3547 454 3594 “¹⁰⁰⁰
480 3541 561 3594 aa
590 3539 637 3594 ¹¹¹⁰
664 3539 741 3594 ΜΘ
774 3537 1215 3687 ffitiffidd'iid‘ieffl
1232 3555 1382 3660 &iiii

175 3704 199 3770 §-
217 3705 258 3755 83.
287 3700 334 3752 Illi
351 3701 396 3769 put
422 3703 451 3752 in
467 3701 583 3769 urbibus]
619 3701 742 3755 Alterum
776 3683 846 3729 esset
860 3675 1015 3742 editoribus,
1033 3674 1118 3728 Aldus
1131 3675 1216 3729 edidit
1228 3678 1301 3728 tauri
1316 3691 1381 3728 roae

141 3787 224 3840 genus
246 3768 394 3838 sapientum
415 3767 493 3834 dicit,
521 3785 537 3820 0
575 3769 673 3822 mitum
690 3769 741 3823 iffi,
776 3761 871 3822 operae
893 3746 1009 3823 pretium
1035 3745 1178 3798 videbatur.
1214 3745 1306 3823 gitque
1332 3743 1382 3824 boc

159 3838 186 3892 ui
203 3838 231 3892 in
247 3835 318 3890 silvi,
335 3851 363 3888 ,θ
384 3834 452 3888 mei
478 3785 617 3890 affinis
641 3838 742 3892 vivunt
777 3819 858 3890 oeten
873 3819 955 3891 secuti
968 3818 1040 3877 sunt,
1058 3811 1141 3891 donec
1149 3811 1256 3891 Modrus
1266 3821 1382 3882 pretium

141 3857 160 3910 q
341 3853 385 3982 Pl
490 3926 517 3982 S,
549 3855 614 3984 [ileu
777 3879 860 3932 deleri
882 3886 968 3945 iussit,
1000 3887 1111 3932 servatis
1138 3880 1254 3961 rehquis.
1288 3879 1380 3934 Recta

141 3937 262 4056 sau
278 3930 567 4066 sutirum
584 3931 744 4071 uuus
778 3947 849 4070 ur
866 3949 1382 4084 castamserram

141 4071 241 4125 Aldum
258 4068 347 4122 editur
364 4069 476 4136 capitale
493 4076 539 4121 est.
571 4067 611 4124 Cf.
629 4069 663 4122 ad
678 4083 744 4136 vm,
778 4083 913 4152 dixerunt,
930 4092 1012 4156 „tque
1029 4085 1148 4156 jdgemm
1166 4085 1290 4157 loquendi
1306 4085 1383 4139 Livio

144 4145 250 4208 15‚1r.
778 4170 844 4276 prae
856 4153 951 4208 ceteris
960 4153 1072 4226 placuit:
1091 4153 1149 4225 lega
1162 4171 1230 4226 quae
1247 4155 1281 4208 sd
1295 4154 1383 4208 locum

177 4228 200 4294 5.
218 4231 260 4282 35.
286 4225 351 4279 uani
367 4223 450 4292 pleno
476 4223 566 4302 spotia
583 4223 742 4293 sementum]
790 4221 919 4290 'b.1V‚8
987 4240 1018 4276 ue
1036 4225 1140 4293 ἀφανῆ
1162 4241 1254 4278 censis
1266 4231 1382 4292 poterat,

142 4293 275 4349 Revocsvi
300 4302 415 4348 veterem
431 4287 573 4344 lectionem
598 4301 744 4358 runcatur,
779 4308 861 4413 nepae
886 4240 1050 4360 copadium,
1082 4310 1138 4346 aun
1168 4301 1204 4346 tot
1224 4293 1384 4372 populorum

144 4363 206 4484 pois
222 4361 337 4417 omnium
358 4360 487 4416 librorum
510 4358 679 4430 antiquorum
695 4367 744 4414 est
779 4361 846 4413 bela
864 4361 1041 4428 imminerent,
1068 4379 1162 4430 operae
1180 4371 1237 4414 erat
1259 4363 1290 4414 td
1307 4377 1383 4429 aepo-

113 4485 119 4494 ,
167 4435 246 4486 rimus
263 4431 369 4487 Modius
386 4427 501 4482 correxit
516 4438 630 4498 servam,
647 4445 745 4500 sequa·
780 4431 843 4484 tium
904 4447 959 4498 ere,
986 4427 1151 4500 collegerunt
1177 4427 1333 4482 Gebhardus
1355 4435 1384 4479 et

144 4499 226 4554 litatis
242 4518 328 4569 miss,
347 4502 393 4554 sed
410 4495 512 4551 iuvabit
529 4497 609 4552 etism
626 4497 744 4554 consuo.
780 4495 889 4552 Draken
907 4497 1023 4554 orchius.

1094 4590 1127 4638 26
