<?xml version="1.0" encoding="UTF-8"?>
<!DOCTYPE html PUBLIC "-//W3C//DTD XHTML 1.0 Transitional//EN"
    "http://www.w3.org/TR/xhtml1/DTD/xhtml1-transitional.dtd">
<html xmlns="http://www.w3.org/1999/xhtml" xml:lang="en" lang="en">
 <head>
  <title>
</title>
<meta http-equiv="Content-Type" content="text/html;charset=utf-8" />
  <meta name='ocr-system' content='tesseract 3.04.00' />
  <meta name='ocr-capabilities' content='ocr_page ocr_carea ocr_par ocr_line ocrx_word'/>
</head>
<body>
  <div class='ocr_page' id='page_1' title='image "./qcurtiirufidege00zumpgoog_0499.png"; bbox 0 0 3158 5294; ppageno 0'>
   <div class='ocr_carea' id='block_1_1' title="bbox 261 285 1032 380">
    <p class='ocr_par' dir='ltr' id='par_1_1' title="bbox 261 285 1032 380">
     <span class='ocr_line' id='line_1_1' title="bbox 261 285 1032 380; baseline 0.003 -12"><span class='ocrx_word' id='word_1_1' title='bbox 261 285 336 369; x_wconf 76' lang='lat'>4⁷0</span> <span class='ocrx_word' id='word_1_2' title='bbox 733 318 767 380; x_wconf 89' lang='lat' dir='ltr'>o.</span> <span class='ocrx_word' id='word_1_3' title='bbox 795 315 920 370; x_wconf 80' lang='lat' dir='ltr'>cnam</span> <span class='ocrx_word' id='word_1_4' title='bbox 944 317 1032 370; x_wconf 83' lang='lat' dir='ltr'>nuru</span> 
     </span>
    </p>
   </div>
   <div class='ocr_carea' id='block_1_2' title="bbox 211 500 1508 3715">
    <p class='ocr_par' dir='ltr' id='par_1_2' title="bbox 258 500 1485 1021">
     <span class='ocr_line' id='line_1_2' title="bbox 259 500 1484 601; baseline 0.001 -27"><span class='ocrx_word' id='word_1_5' title='bbox 259 501 351 576; x_wconf 88' lang='lat' dir='ltr'>sicut</span> <span class='ocrx_word' id='word_1_6' title='bbox 374 500 589 600; x_wconf 89' lang='lat' dir='ltr'>imperatum</span> <span class='ocrx_word' id='word_1_7' title='bbox 616 509 710 593; x_wconf 88' lang='lat' dir='ltr'>erat,</span> <span class='ocrx_word' id='word_1_8' title='bbox 735 501 900 575; x_wconf 89' lang='lat' dir='ltr'>lacessito</span> <span class='ocrx_word' id='word_1_9' title='bbox 926 502 1041 594; x_wconf 89' lang='lat' dir='ltr'>hoste,</span> <span class='ocrx_word' id='word_1_10' title='bbox 1069 502 1188 577; x_wconf 90' lang='lat' dir='ltr'>subito</span> <span class='ocrx_word' id='word_1_11' title='bbox 1214 511 1323 601; x_wconf 83' lang='lat' dir='ltr'>terga</span> <span class='ocrx_word' id='word_1_12' title='bbox 1349 511 1484 588; x_wconf 71' lang='lat' dir='ltr'>vertum</span> 
     </span>
     <span class='ocr_line' id='line_1_3' title="bbox 259 611 1485 712; baseline -0.004 -27"><span class='ocrx_word' id='word_1_13' title='bbox 259 637 348 710; x_wconf 91' lang='lat' dir='ltr'>quos</span> <span class='ocrx_word' id='word_1_14' title='bbox 375 611 519 684; x_wconf 85' lang='lat' dir='ltr'>barbari</span> <span class='ocrx_word' id='word_1_15' title='bbox 546 611 658 685; x_wconf 84' lang='lat' dir='ltr'>effuse</span> <span class='ocrx_word' id='word_1_16' title='bbox 684 621 875 710; x_wconf 80' lang='lat' dir='ltr'>sequentes</span> <span class='ocrx_word' id='word_1_17' title='bbox 901 612 938 686; x_wconf 91' lang='lat' dir='ltr'>iu</span> <span class='ocrx_word' id='word_1_18' title='bbox 965 613 1070 705; x_wconf 88' lang='lat' dir='ltr'>alios,</span> <span class='ocrx_word' id='word_1_19' title='bbox 1096 614 1190 686; x_wconf 90' lang='lat' dir='ltr'>inter</span> <span class='ocrx_word' id='word_1_20' title='bbox 1216 638 1308 711; x_wconf 88' lang='lat' dir='ltr'>quos</span> <span class='ocrx_word' id='word_1_21' title='bbox 1338 615 1416 712; x_wconf 90' lang='lat' dir='ltr'>ipse</span> <span class='ocrx_word' id='word_1_22' title='bbox 1438 635 1485 682; x_wconf 82' lang='lat' dir='ltr'>rer</span> 
     </span>
     <span class='ocr_line' id='line_1_4' title="bbox 260 721 1485 822; baseline -0.002 -25"><span class='ocrx_word' id='word_1_23' title='bbox 260 733 353 813; x_wconf 83' lang='lat' dir='ltr'>erat,</span> <span class='ocrx_word' id='word_1_24' title='bbox 392 721 562 796; x_wconf 90' lang='lat' dir='ltr'>incidunt.</span> <span class='ocrx_word' id='word_1_25' title='bbox 621 721 810 797; x_wconf 78' lang='lat' dir='ltr'>Renovato</span> <span class='ocrx_word' id='word_1_26' title='bbox 837 749 923 822; x_wconf 87' lang='lat' dir='ltr'>ergo</span> <span class='ocrx_word' id='word_1_27' title='bbox 950 725 1102 821; x_wconf 91' lang='lat' dir='ltr'>proelio,</span> <span class='ocrx_word' id='word_1_28' title='bbox 1142 749 1190 798; x_wconf 87' lang='lat' dir='ltr'>ex</span> <span class='ocrx_word' id='word_1_29' title='bbox 1215 724 1338 800; x_wconf 83' lang='lat' dir='ltr'>tu&#39;bus</span> <span class='ocrx_word' id='word_1_30' title='bbox 1366 723 1485 797; x_wconf 82' lang='lat' dir='ltr'>milibus</span> 
     </span>
     <span class='ocr_line' id='line_1_5' title="bbox 258 835 1485 934; baseline -0.002 -24"><span class='ocrx_word' id='word_1_31' title='bbox 258 835 494 910; x_wconf 86' lang='lat' dir='ltr'>barbarorum</span> <span class='ocrx_word' id='word_1_32' title='bbox 521 835 681 908; x_wconf 81' lang='lat' dir='ltr'>sexcenti</span> <span class='ocrx_word' id='word_1_33' title='bbox 713 835 807 908; x_wconf 89' lang='lat' dir='ltr'>caesi</span> <span class='ocrx_word' id='word_1_34' title='bbox 833 846 932 925; x_wconf 89' lang='lat' dir='ltr'>sunt,</span> <span class='ocrx_word' id='word_1_35' title='bbox 965 837 1061 909; x_wconf 92' lang='lat' dir='ltr'>mille</span> <span class='ocrx_word' id='word_1_36' title='bbox 1087 837 1199 934; x_wconf 89' lang='lat' dir='ltr'>capti,</span> <span class='ocrx_word' id='word_1_37' title='bbox 1234 838 1352 912; x_wconf 87' lang='lat' dir='ltr'>ceteri</span> <span class='ocrx_word' id='word_1_38' title='bbox 1377 836 1485 908; x_wconf 92' lang='lat' dir='ltr'>moeni·</span> 
     </span>
     <span class='ocr_line' id='line_1_6' title="bbox 259 944 615 1021; baseline -0.008 -1"><span class='ocrx_word' id='word_1_39' title='bbox 259 948 328 1021; x_wconf 88' lang='lat' dir='ltr'>bus</span> <span class='ocrx_word' id='word_1_40' title='bbox 354 947 453 1020; x_wconf 91' lang='lat' dir='ltr'>urbis</span> <span class='ocrx_word' id='word_1_41' title='bbox 479 944 615 1018; x_wconf 89' lang='lat' dir='ltr'>inclusi.</span> 
     </span>
    </p>

    <p class='ocr_par' dir='ltr' id='par_1_3' title="bbox 211 1053 1508 3715">
     <span class='ocr_line' id='line_1_7' title="bbox 211 1053 1508 1156; baseline -0.002 -24"><span class='ocrx_word' id='word_1_42' title='bbox 211 1061 258 1132; x_wconf 83' lang='lat'>33</span> <span class='ocrx_word' id='word_1_43' title='bbox 365 1053 437 1132; x_wconf 89' lang='lat' dir='ltr'>Sed</span> <span class='ocrx_word' id='word_1_44' title='bbox 467 1081 541 1130; x_wconf 91' lang='lat' dir='ltr'>non</span> <span class='ocrx_word' id='word_1_45' title='bbox 579 1067 621 1130; x_wconf 93' lang='lat' dir='ltr'>ut</span> <span class='ocrx_word' id='word_1_46' title='bbox 651 1055 768 1154; x_wconf 92' lang='lat' dir='ltr'>prima</span> <span class='ocrx_word' id='word_1_47' title='bbox 804 1057 922 1156; x_wconf 90' lang='lat' dir='ltr'>specie</span> <span class='ocrx_word' id='word_1_48' title='bbox 960 1059 1056 1132; x_wconf 86' lang='lat' dir='ltr'>laeta</span> <span class='ocrx_word' id='word_1_49' title='bbox 1086 1059 1252 1150; x_wconf 85' lang='lat' dir='ltr'>victoria,</span> <span class='ocrx_word' id='word_1_50' title='bbox 1291 1059 1350 1133; x_wconf 84' lang='lat' dir='ltr'>ita</span> <span class='ocrx_word' id='word_1_51' title='bbox 1377 1071 1508 1134; x_wconf 66' lang='lat' dir='ltr'>evenus</span> 
     </span>
     <span class='ocr_line' id='line_1_8' title="bbox 262 1169 1487 1269; baseline 0 -27"><span class='ocrx_word' id='word_1_52' title='bbox 262 1193 402 1268; x_wconf 92' lang='lat' dir='ltr'>quoque</span> <span class='ocrx_word' id='word_1_53' title='bbox 428 1169 517 1243; x_wconf 75' lang='lat' dir='ltr'>fuit:</span> <span class='ocrx_word' id='word_1_54' title='bbox 537 1170 668 1267; x_wconf 91' lang='lat' dir='ltr'>quippe</span> <span class='ocrx_word' id='word_1_55' title='bbox 694 1169 837 1243; x_wconf 84' lang='lat' dir='ltr'>barbari</span> <span class='ocrx_word' id='word_1_56' title='bbox 862 1193 1003 1244; x_wconf 89' lang='lat' dir='ltr'>veneno</span> <span class='ocrx_word' id='word_1_57' title='bbox 1029 1171 1213 1244; x_wconf 85' lang='lat' dir='ltr'>tinxerant</span> <span class='ocrx_word' id='word_1_58' title='bbox 1238 1170 1397 1269; x_wconf 80' lang='lat' dir='ltr'><strong>gladios.</strong></span> <span class='ocrx_word' id='word_1_59' title='bbox 1438 1169 1487 1242; x_wconf 84' lang='lat' dir='ltr'>Ita·</span> 
     </span>
     <span class='ocr_line' id='line_1_9' title="bbox 264 1277 1486 1380; baseline -0.002 -25"><span class='ocrx_word' id='word_1_60' title='bbox 264 1305 332 1380; x_wconf 92' lang='lat' dir='ltr'>que</span> <span class='ocrx_word' id='word_1_61' title='bbox 365 1279 475 1354; x_wconf 81' lang='lat' dir='ltr'>saucii</span> <span class='ocrx_word' id='word_1_62' title='bbox 515 1277 667 1353; x_wconf 82' lang='lat' dir='ltr'>subinde</span> <span class='ocrx_word' id='word_1_63' title='bbox 706 1281 934 1379; x_wconf 87' lang='lat' dir='ltr'>expirabant,</span> <span class='ocrx_word' id='word_1_64' title='bbox 974 1305 1041 1354; x_wconf 86' lang='lat' dir='ltr'>nec</span> <span class='ocrx_word' id='word_1_65' title='bbox 1080 1305 1188 1355; x_wconf 87' lang='lat' dir='ltr'>causa</span> <span class='ocrx_word' id='word_1_66' title='bbox 1226 1293 1304 1356; x_wconf 85' lang='lat' dir='ltr'>tam</span> <span class='ocrx_word' id='word_1_67' title='bbox 1341 1293 1486 1356; x_wconf 78' lang='lat' dir='ltr'>strenuae</span> 
     </span>
     <span class='ocr_line' id='line_1_10' title="bbox 260 1390 1487 1492; baseline 0 -26"><span class='ocrx_word' id='word_1_68' title='bbox 260 1392 386 1466; x_wconf 89' lang='lat' dir='ltr'>mortis</span> <span class='ocrx_word' id='word_1_69' title='bbox 412 1391 608 1490; x_wconf 80' lang='lat' dir='ltr'>excogitari</span> <span class='ocrx_word' id='word_1_70' title='bbox 626 1401 769 1489; x_wconf 88' lang='lat' dir='ltr'>poterat</span> <span class='ocrx_word' id='word_1_71' title='bbox 794 1390 990 1482; x_wconf 73' lang='lat' dir='ltr'>amedicia</span> <span class='ocrx_word' id='word_1_72' title='bbox 1018 1417 1099 1466; x_wconf 90' lang='lat' dir='ltr'>cum</span> <span class='ocrx_word' id='word_1_73' title='bbox 1120 1394 1227 1466; x_wconf 89' lang='lat' dir='ltr'>etiam</span> <span class='ocrx_word' id='word_1_74' title='bbox 1252 1394 1359 1467; x_wconf 84' lang='lat' dir='ltr'>loves</span> <span class='ocrx_word' id='word_1_75' title='bbox 1385 1395 1487 1492; x_wconf 78' lang='lat' dir='ltr'>plagae</span> 
     </span>
     <span class='ocr_line' id='line_1_11' title="bbox 261 1501 1508 1603; baseline -0.002 -25"><span class='ocrx_word' id='word_1_76' title='bbox 261 1501 477 1578; x_wconf 89' lang='lat' dir='ltr'>insanabiles</span> <span class='ocrx_word' id='word_1_77' title='bbox 517 1513 647 1576; x_wconf 86' lang='lat' dir='ltr'>essent</span> <span class='ocrx_word' id='word_1_78' title='bbox 712 1501 861 1576; x_wconf 85' lang='lat' dir='ltr'>Barbari</span> <span class='ocrx_word' id='word_1_79' title='bbox 901 1513 1021 1577; x_wconf 83' lang='lat' dir='ltr'>autem</span> <span class='ocrx_word' id='word_1_80' title='bbox 1052 1515 1285 1603; x_wconf 85' lang='lat' dir='ltr'>speraverant</span> <span class='ocrx_word' id='word_1_81' title='bbox 1325 1507 1508 1579; x_wconf 76' lang='lat' dir='ltr'>incautunt</span> 
     </span>
     <span class='ocr_line' id='line_1_12' title="bbox 263 1613 1487 1714; baseline -0.002 -26"><span class='ocrx_word' id='word_1_82' title='bbox 263 1624 300 1689; x_wconf 91' lang='lat' dir='ltr'>et</span> <span class='ocrx_word' id='word_1_83' title='bbox 326 1613 554 1687; x_wconf 84' lang='lat' dir='ltr'>temerarium</span> <span class='ocrx_word' id='word_1_84' title='bbox 588 1637 710 1712; x_wconf 82' lang='lat' dir='ltr'>regem</span> <span class='ocrx_word' id='word_1_85' title='bbox 743 1615 859 1713; x_wconf 83' lang='lat' dir='ltr'>excipi</span> <span class='ocrx_word' id='word_1_86' title='bbox 884 1637 1000 1712; x_wconf 89' lang='lat' dir='ltr'>posse.</span> <span class='ocrx_word' id='word_1_87' title='bbox 1062 1613 1112 1688; x_wconf 89' lang='lat' dir='ltr'>Et</span> <span class='ocrx_word' id='word_1_88' title='bbox 1136 1617 1228 1691; x_wconf 89' lang='lat' dir='ltr'>forte</span> <span class='ocrx_word' id='word_1_89' title='bbox 1259 1617 1363 1692; x_wconf 90' lang='lat' dir='ltr'>inter</span> <span class='ocrx_word' id='word_1_90' title='bbox 1395 1638 1487 1714; x_wconf 90' lang='lat' dir='ltr'>prou·</span> 
     </span>
     <span class='ocr_line' id='line_1_13' title="bbox 262 1724 1508 1827; baseline 0.005 -27"><span class='ocrx_word' id='word_1_91' title='bbox 262 1727 443 1827; x_wconf 90' lang='lat' dir='ltr'>ptissimos</span> <span class='ocrx_word' id='word_1_92' title='bbox 471 1724 642 1799; x_wconf 83' lang='lat' dir='ltr'>dimicans</span> <span class='ocrx_word' id='word_1_93' title='bbox 668 1726 823 1800; x_wconf 88' lang='lat' dir='ltr'>intactus</span> <span class='ocrx_word' id='word_1_94' title='bbox 842 1736 1016 1800; x_wconf 86' lang='lat' dir='ltr'>evaserat.</span> <span class='ocrx_word' id='word_1_95' title='bbox 1056 1725 1250 1826; x_wconf 77' lang='lat' dir='ltr'>Praecipue</span> <span class='ocrx_word' id='word_1_96' title='bbox 1264 1726 1508 1806; x_wconf 67' lang='lat' dir='ltr'>Ptolemaeus</span> 
     </span>
     <span class='ocr_line' id='line_1_14' title="bbox 262 1837 1487 1938; baseline -0.006 -26"><span class='ocrx_word' id='word_1_97' title='bbox 262 1840 366 1912; x_wconf 90' lang='lat' dir='ltr'>laevo</span> <span class='ocrx_word' id='word_1_98' title='bbox 391 1838 541 1911; x_wconf 87' lang='lat' dir='ltr'>humero</span> <span class='ocrx_word' id='word_1_99' title='bbox 573 1838 700 1911; x_wconf 88' lang='lat' dir='ltr'>leviter</span> <span class='ocrx_word' id='word_1_100' title='bbox 726 1837 870 1935; x_wconf 92' lang='lat' dir='ltr'>quidem</span> <span class='ocrx_word' id='word_1_101' title='bbox 902 1839 1059 1930; x_wconf 87' lang='lat' dir='ltr'>saucius,</span> <span class='ocrx_word' id='word_1_102' title='bbox 1095 1839 1160 1913; x_wconf 90' lang='lat' dir='ltr'>sed</span> <span class='ocrx_word' id='word_1_103' title='bbox 1185 1839 1323 1913; x_wconf 89' lang='lat' dir='ltr'>maiore</span> <span class='ocrx_word' id='word_1_104' title='bbox 1352 1837 1487 1938; x_wconf 88' lang='lat' dir='ltr'>periculo</span> 
     </span>
     <span class='ocr_line' id='line_1_15' title="bbox 263 1947 1485 2048; baseline -0.004 -25"><span class='ocrx_word' id='word_1_105' title='bbox 263 1975 370 2048; x_wconf 90' lang='lat' dir='ltr'>quam</span> <span class='ocrx_word' id='word_1_106' title='bbox 395 1949 543 2022; x_wconf 90' lang='lat' dir='ltr'>vulnere</span> <span class='ocrx_word' id='word_1_107' title='bbox 570 1947 735 2040; x_wconf 89' lang='lat' dir='ltr'>affectus,</span> <span class='ocrx_word' id='word_1_108' title='bbox 767 1948 862 2047; x_wconf 82' lang='lat' dir='ltr'>regis</span> <span class='ocrx_word' id='word_1_109' title='bbox 889 1950 1161 2024; x_wconf 89' lang='lat' dir='ltr'>sollicitudinem</span> <span class='ocrx_word' id='word_1_110' title='bbox 1188 1952 1226 2023; x_wconf 92' lang='lat' dir='ltr'>in</span> <span class='ocrx_word' id='word_1_111' title='bbox 1252 1975 1291 2024; x_wconf 90' lang='lat' dir='ltr'>sc</span> <span class='ocrx_word' id='word_1_112' title='bbox 1320 1960 1485 2024; x_wconf 85' lang='lat' dir='ltr'>converte·</span> 
     </span>
     <span class='ocr_line' id='line_1_16' title="bbox 263 2057 1486 2161; baseline -0.003 -27"><span class='ocrx_word' id='word_1_113' title='bbox 263 2071 330 2134; x_wconf 88' lang='lat' dir='ltr'>rat.</span> <span class='ocrx_word' id='word_1_114' title='bbox 370 2057 549 2158; x_wconf 82' lang='lat' dir='ltr'>Sanguine</span> <span class='ocrx_word' id='word_1_115' title='bbox 576 2059 785 2132; x_wconf 89' lang='lat' dir='ltr'>coniunctus</span> <span class='ocrx_word' id='word_1_116' title='bbox 812 2071 900 2152; x_wconf 88' lang='lat' dir='ltr'>erat,</span> <span class='ocrx_word' id='word_1_117' title='bbox 926 2072 963 2134; x_wconf 89' lang='lat' dir='ltr'>et</span> <span class='ocrx_word' id='word_1_118' title='bbox 990 2060 1135 2159; x_wconf 88' lang='lat' dir='ltr'>quidam</span> <span class='ocrx_word' id='word_1_119' title='bbox 1151 2061 1319 2160; x_wconf 93' lang='lat' dir='ltr'>Philippo</span> <span class='ocrx_word' id='word_1_120' title='bbox 1348 2063 1486 2161; x_wconf 81' lang='lat' dir='ltr'>genitum</span> 
     </span>
     <span class='ocr_line' id='line_1_17' title="bbox 264 2171 1508 2269; baseline -0.005 -22"><span class='ocrx_word' id='word_1_121' title='bbox 264 2199 343 2247; x_wconf 87' lang='lat' dir='ltr'>esse</span> <span class='ocrx_word' id='word_1_122' title='bbox 369 2171 580 2262; x_wconf 86' lang='lat' dir='ltr'>credebant,</span> <span class='ocrx_word' id='word_1_123' title='bbox 615 2180 712 2244; x_wconf 84' lang='lat' dir='ltr'>certe</span> <span class='ocrx_word' id='word_1_124' title='bbox 738 2171 862 2269; x_wconf 90' lang='lat' dir='ltr'>pellice</span> <span class='ocrx_word' id='word_1_125' title='bbox 897 2173 973 2246; x_wconf 92' lang='lat' dir='ltr'>eius</span> <span class='ocrx_word' id='word_1_126' title='bbox 1000 2183 1120 2247; x_wconf 84' lang='lat' dir='ltr'>ortum</span> <span class='ocrx_word' id='word_1_127' title='bbox 1151 2172 1357 2247; x_wconf 81' lang='lat' dir='ltr'>constabat.</span> <span class='ocrx_word' id='word_1_128' title='bbox 1411 2171 1508 2244; x_wconf 74' lang='lat' dir='ltr'>luens</span> 
     </span>
     <span class='ocr_line' id='line_1_18' title="bbox 264 2281 1486 2382; baseline -0.008 -23"><span class='ocrx_word' id='word_1_129' title='bbox 264 2283 423 2381; x_wconf 84' lang='lat' dir='ltr'>corporis</span> <span class='ocrx_word' id='word_1_130' title='bbox 449 2291 581 2373; x_wconf 88' lang='lat' dir='ltr'>eustos,</span> <span class='ocrx_word' id='word_1_131' title='bbox 607 2281 964 2380; x_wconf 84' lang='lat' dir='ltr'>promptissimusque</span> <span class='ocrx_word' id='word_1_132' title='bbox 989 2283 1151 2376; x_wconf 87' lang='lat' dir='ltr'>bellator,</span> <span class='ocrx_word' id='word_1_133' title='bbox 1182 2283 1219 2378; x_wconf 88' lang='lat' dir='ltr'>et</span> <span class='ocrx_word' id='word_1_134' title='bbox 1243 2285 1347 2382; x_wconf 84' lang='lat' dir='ltr'>pacis</span> <span class='ocrx_word' id='word_1_135' title='bbox 1375 2283 1486 2358; x_wconf 85' lang='lat' dir='ltr'>artibus</span> 
     </span>
     <span class='ocr_line' id='line_1_19' title="bbox 265 2392 1486 2494; baseline -0.002 -26"><span class='ocrx_word' id='word_1_136' title='bbox 265 2419 372 2494; x_wconf 91' lang='lat' dir='ltr'>quam</span> <span class='ocrx_word' id='word_1_137' title='bbox 398 2392 542 2466; x_wconf 85' lang='lat' dir='ltr'>militiae</span> <span class='ocrx_word' id='word_1_138' title='bbox 561 2392 676 2467; x_wconf 91' lang='lat' dir='ltr'>maior</span> <span class='ocrx_word' id='word_1_139' title='bbox 702 2401 739 2465; x_wconf 90' lang='lat' dir='ltr'>et</span> <span class='ocrx_word' id='word_1_140' title='bbox 764 2393 902 2486; x_wconf 87' lang='lat' dir='ltr'>clarior,</span> <span class='ocrx_word' id='word_1_141' title='bbox 928 2395 1068 2468; x_wconf 89' lang='lat' dir='ltr'>modico</span> <span class='ocrx_word' id='word_1_142' title='bbox 1095 2397 1259 2494; x_wconf 88' lang='lat' dir='ltr'>civilique</span> <span class='ocrx_word' id='word_1_143' title='bbox 1285 2397 1402 2488; x_wconf 84' lang='lat' dir='ltr'>cultu,</span> <span class='ocrx_word' id='word_1_144' title='bbox 1425 2395 1486 2466; x_wconf 81' lang='lat' dir='ltr'>libe</span> 
     </span>
     <span class='ocr_line' id='line_1_20' title="bbox 263 2502 1485 2606; baseline -0.003 -25"><span class='ocrx_word' id='word_1_145' title='bbox 263 2505 347 2582; x_wconf 88' lang='lat' dir='ltr'>ralis</span> <span class='ocrx_word' id='word_1_146' title='bbox 365 2503 409 2578; x_wconf 81' lang='lat' dir='ltr'>&#39;in</span> <span class='ocrx_word' id='word_1_147' title='bbox 436 2503 568 2602; x_wconf 89' lang='lat' dir='ltr'>primis,</span> <span class='ocrx_word' id='word_1_148' title='bbox 596 2502 766 2602; x_wconf 89' lang='lat' dir='ltr'>adituque</span> <span class='ocrx_word' id='word_1_149' title='bbox 790 2506 893 2595; x_wconf 87' lang='lat' dir='ltr'>facili,</span> <span class='ocrx_word' id='word_1_150' title='bbox 919 2506 1008 2579; x_wconf 93' lang='lat' dir='ltr'>nihil</span> <span class='ocrx_word' id='word_1_151' title='bbox 1034 2533 1080 2580; x_wconf 86' lang='lat' dir='ltr'>ex</span> <span class='ocrx_word' id='word_1_152' title='bbox 1106 2510 1201 2582; x_wconf 87' lang='lat' dir='ltr'>fastu</span> <span class='ocrx_word' id='word_1_153' title='bbox 1225 2507 1350 2606; x_wconf 83' lang='lat' dir='ltr'>regiae</span> <span class='ocrx_word' id='word_1_154' title='bbox 1377 2529 1485 2580; x_wconf 86' lang='lat' dir='ltr'>assun·</span> 
     </span>
     <span class='ocr_line' id='line_1_21' title="bbox 264 2612 1508 2720; baseline -0.002 -28"><span class='ocrx_word' id='word_1_155' title='bbox 264 2627 397 2720; x_wconf 88' lang='lat' dir='ltr'>pserat.</span> <span class='ocrx_word' id='word_1_156' title='bbox 438 2612 496 2689; x_wconf 94' lang='lat' dir='ltr'>Ob</span> <span class='ocrx_word' id='word_1_157' title='bbox 522 2614 610 2688; x_wconf 91' lang='lat' dir='ltr'>haec</span> <span class='ocrx_word' id='word_1_158' title='bbox 637 2616 712 2714; x_wconf 84' lang='lat' dir='ltr'>regi</span> <span class='ocrx_word' id='word_1_159' title='bbox 738 2641 784 2689; x_wconf 87' lang='lat' dir='ltr'>an</span> <span class='ocrx_word' id='word_1_160' title='bbox 810 2617 1042 2716; x_wconf 85' lang='lat' dir='ltr'>popularibus</span> <span class='ocrx_word' id='word_1_161' title='bbox 1069 2619 1184 2692; x_wconf 78' lang='lat' dir='ltr'>carior</span> <span class='ocrx_word' id='word_1_162' title='bbox 1210 2627 1323 2709; x_wconf 88' lang='lat' dir='ltr'>esset,</span> <span class='ocrx_word' id='word_1_163' title='bbox 1354 2614 1485 2692; x_wconf 79' lang='lat' dir='ltr'>dubitari</span> <span class='ocrx_word' id='word_1_164' title='bbox 1495 2627 1508 2674; x_wconf 67' lang='lat' dir='ltr'>t</span> 
     </span>
     <span class='ocr_line' id='line_1_22' title="bbox 264 2727 1485 2832; baseline -0.005 -28"><span class='ocrx_word' id='word_1_165' title='bbox 264 2739 422 2832; x_wconf 88' lang='lat' dir='ltr'>poterat,</span> <span class='ocrx_word' id='word_1_166' title='bbox 449 2735 527 2800; x_wconf 90' lang='lat' dir='ltr'>tum</span> <span class='ocrx_word' id='word_1_167' title='bbox 554 2736 650 2800; x_wconf 88' lang='lat' dir='ltr'>certe</span> <span class='ocrx_word' id='word_1_168' title='bbox 675 2727 829 2825; x_wconf 87' lang='lat' dir='ltr'>primum</span> <span class='ocrx_word' id='word_1_169' title='bbox 855 2738 1026 2826; x_wconf 88' lang='lat' dir='ltr'>expertus</span> <span class='ocrx_word' id='word_1_170' title='bbox 1053 2755 1201 2804; x_wconf 88' lang='lat' dir='ltr'>suorum</span> <span class='ocrx_word' id='word_1_171' title='bbox 1227 2730 1389 2822; x_wconf 87' lang='lat' dir='ltr'>animos,</span> <span class='ocrx_word' id='word_1_172' title='bbox 1420 2727 1485 2802; x_wconf 84' lang='lat' dir='ltr'>adeo</span> 
     </span>
     <span class='ocr_line' id='line_1_23' title="bbox 264 2837 1486 2938; baseline -0.007 -22"><span class='ocrx_word' id='word_1_173' title='bbox 264 2853 306 2916; x_wconf 94' lang='lat' dir='ltr'>ut</span> <span class='ocrx_word' id='word_1_174' title='bbox 330 2842 522 2932; x_wconf 84' lang='lat' dir='ltr'>fortunam,</span> <span class='ocrx_word' id='word_1_175' title='bbox 548 2838 585 2910; x_wconf 92' lang='lat' dir='ltr'>in</span> <span class='ocrx_word' id='word_1_176' title='bbox 612 2863 720 2936; x_wconf 93' lang='lat' dir='ltr'>quam</span> <span class='ocrx_word' id='word_1_177' title='bbox 744 2849 871 2938; x_wconf 89' lang='lat' dir='ltr'>postea</span> <span class='ocrx_word' id='word_1_178' title='bbox 897 2840 1074 2932; x_wconf 90' lang='lat' dir='ltr'>ascendit,</span> <span class='ocrx_word' id='word_1_179' title='bbox 1100 2842 1137 2914; x_wconf 92' lang='lat' dir='ltr'>in</span> <span class='ocrx_word' id='word_1_180' title='bbox 1163 2841 1223 2914; x_wconf 93' lang='lat' dir='ltr'>illo</span> <span class='ocrx_word' id='word_1_181' title='bbox 1250 2841 1413 2938; x_wconf 86' lang='lat' dir='ltr'>periculo</span> <span class='ocrx_word' id='word_1_182' title='bbox 1435 2837 1486 2912; x_wconf 87' lang='lat' dir='ltr'>lla·</span> 
     </span>
     <span class='ocr_line' id='line_1_24' title="bbox 265 2948 1508 3052; baseline -0.01 -24"><span class='ocrx_word' id='word_1_183' title='bbox 265 2953 418 3029; x_wconf 86' lang='lat' dir='ltr'>cedones</span> <span class='ocrx_word' id='word_1_184' title='bbox 451 2951 599 3026; x_wconf 89' lang='lat' dir='ltr'>ominati</span> <span class='ocrx_word' id='word_1_185' title='bbox 638 2975 717 3024; x_wconf 90' lang='lat' dir='ltr'>esse</span> <span class='ocrx_word' id='word_1_186' title='bbox 748 2949 948 3026; x_wconf 88' lang='lat' dir='ltr'>videantur.</span> <span class='ocrx_word' id='word_1_187' title='bbox 1008 2948 1148 3052; x_wconf 86' lang='lat' dir='ltr'>Quippe</span> <span class='ocrx_word' id='word_1_188' title='bbox 1186 2977 1259 3025; x_wconf 93' lang='lat' dir='ltr'>non</span> <span class='ocrx_word' id='word_1_189' title='bbox 1293 2953 1413 3028; x_wconf 88' lang='lat' dir='ltr'>levior</span> <span class='ocrx_word' id='word_1_190' title='bbox 1440 2949 1508 3023; x_wconf 70' lang='lat' dir='ltr'>ilisa</span> 
     </span>
     <span class='ocr_line' id='line_1_25' title="bbox 262 3062 1485 3163; baseline -0.009 -23"><span class='ocrx_word' id='word_1_191' title='bbox 262 3063 459 3140; x_wconf 88' lang='lat' dir='ltr'>Ptolemaei</span> <span class='ocrx_word' id='word_1_192' title='bbox 484 3064 552 3136; x_wconf 85' lang='lat' dir='ltr'>fuit</span> <span class='ocrx_word' id='word_1_193' title='bbox 577 3086 672 3152; x_wconf 85' lang='lat' dir='ltr'>cura,</span> <span class='ocrx_word' id='word_1_194' title='bbox 689 3086 806 3159; x_wconf 54' lang='lat' dir='ltr'>,quam</span> <span class='ocrx_word' id='word_1_195' title='bbox 832 3063 943 3163; x_wconf 85' lang='lat' dir='ltr'>regis:</span> <span class='ocrx_word' id='word_1_196' title='bbox 972 3064 1032 3160; x_wconf 91' lang='lat' dir='ltr'>qui</span> <span class='ocrx_word' id='word_1_197' title='bbox 1058 3073 1095 3137; x_wconf 91' lang='lat' dir='ltr'>et</span> <span class='ocrx_word' id='word_1_198' title='bbox 1120 3062 1255 3163; x_wconf 89' lang='lat' dir='ltr'>proelio</span> <span class='ocrx_word' id='word_1_199' title='bbox 1282 3073 1321 3136; x_wconf 91' lang='lat' dir='ltr'>e&#39;t</span> <span class='ocrx_word' id='word_1_200' title='bbox 1343 3063 1485 3140; x_wconf 82' lang='lat' dir='ltr'>sollicitu-</span> 
     </span>
     <span class='ocr_line' id='line_1_26' title="bbox 266 3172 1486 3274; baseline -0.003 -23"><span class='ocrx_word' id='word_1_201' title='bbox 266 3177 349 3251; x_wconf 91' lang='lat' dir='ltr'>dine</span> <span class='ocrx_word' id='word_1_202' title='bbox 374 3175 545 3274; x_wconf 82' lang='lat' dir='ltr'>fatigatus</span> <span class='ocrx_word' id='word_1_203' title='bbox 572 3199 654 3247; x_wconf 91' lang='lat' dir='ltr'>eum</span> <span class='ocrx_word' id='word_1_204' title='bbox 666 3172 874 3248; x_wconf 86' lang='lat' dir='ltr'>Ptolemaeo</span> <span class='ocrx_word' id='word_1_205' title='bbox 901 3173 1084 3265; x_wconf 88' lang='lat' dir='ltr'>assideret,</span> <span class='ocrx_word' id='word_1_206' title='bbox 1109 3177 1242 3264; x_wconf 90' lang='lat' dir='ltr'>lectum</span> <span class='ocrx_word' id='word_1_207' title='bbox 1268 3174 1306 3246; x_wconf 91' lang='lat' dir='ltr'>in</span> <span class='ocrx_word' id='word_1_208' title='bbox 1335 3201 1409 3273; x_wconf 93' lang='lat' dir='ltr'>quo</span> <span class='ocrx_word' id='word_1_209' title='bbox 1433 3177 1486 3270; x_wconf 78' lang='lat' dir='ltr'>ipa</span> 
     </span>
     <span class='ocr_line' id='line_1_27' title="bbox 268 3273 1508 3384; baseline -0.009 -23"><span class='ocrx_word' id='word_1_210' title='bbox 268 3287 523 3384; x_wconf 87' lang='lat' dir='ltr'>acquiesceret,</span> <span class='ocrx_word' id='word_1_211' title='bbox 556 3283 659 3358; x_wconf 89' lang='lat' dir='ltr'>iussit</span> <span class='ocrx_word' id='word_1_212' title='bbox 684 3284 813 3358; x_wconf 83' lang='lat' dir='ltr'>inferri.</span> <span class='ocrx_word' id='word_1_213' title='bbox 866 3283 906 3358; x_wconf 91' lang='lat' dir='ltr'>In</span> <span class='ocrx_word' id='word_1_214' title='bbox 942 3309 1049 3381; x_wconf 90' lang='lat' dir='ltr'>quem</span> <span class='ocrx_word' id='word_1_215' title='bbox 1080 3296 1122 3358; x_wconf 92' lang='lat' dir='ltr'>ut</span> <span class='ocrx_word' id='word_1_216' title='bbox 1148 3309 1187 3358; x_wconf 89' lang='lat' dir='ltr'>se</span> <span class='ocrx_word' id='word_1_217' title='bbox 1213 3285 1368 3382; x_wconf 87' lang='lat' dir='ltr'>recepit,</span> <span class='ocrx_word' id='word_1_218' title='bbox 1403 3273 1508 3379; x_wconf 71' lang='lat' dir='ltr'>proli·l</span> 
     </span>
     <span class='ocr_line' id='line_1_28' title="bbox 269 3395 1487 3496; baseline -0.002 -24"><span class='ocrx_word' id='word_1_219' title='bbox 269 3423 338 3472; x_wconf 88' lang='lat' dir='ltr'>nus</span> <span class='ocrx_word' id='word_1_220' title='bbox 366 3396 472 3470; x_wconf 92' lang='lat' dir='ltr'>altior</span> <span class='ocrx_word' id='word_1_221' title='bbox 509 3395 691 3468; x_wconf 88' lang='lat' dir='ltr'>insecutus</span> <span class='ocrx_word' id='word_1_222' title='bbox 732 3406 788 3468; x_wconf 91' lang='lat' dir='ltr'>est</span> <span class='ocrx_word' id='word_1_223' title='bbox 819 3420 976 3470; x_wconf 90' lang='lat' dir='ltr'>somnus.</span> <span class='ocrx_word' id='word_1_224' title='bbox 1028 3395 1087 3470; x_wconf 89' lang='lat' dir='ltr'>Ex</span> <span class='ocrx_word' id='word_1_225' title='bbox 1113 3423 1184 3496; x_wconf 93' lang='lat' dir='ltr'>quo</span> <span class='ocrx_word' id='word_1_226' title='bbox 1212 3395 1410 3485; x_wconf 88' lang='lat' dir='ltr'>excitatus,</span> <span class='ocrx_word' id='word_1_227' title='bbox 1444 3407 1487 3485; x_wconf 58' lang='lat' dir='ltr'>pes</span> 
     </span>
     <span class='ocr_line' id='line_1_29' title="bbox 270 3501 1485 3607; baseline -0.002 -25"><span class='ocrx_word' id='word_1_228' title='bbox 270 3507 425 3607; x_wconf 87' lang='lat' dir='ltr'>quietem</span> <span class='ocrx_word' id='word_1_229' title='bbox 450 3504 582 3579; x_wconf 77' lang='lat' dir='ltr'>vidisse</span> <span class='ocrx_word' id='word_1_230' title='bbox 609 3529 647 3579; x_wconf 93' lang='lat' dir='ltr'>se</span> <span class='ocrx_word' id='word_1_231' title='bbox 673 3505 822 3602; x_wconf 87' lang='lat' dir='ltr'>exponit</span> <span class='ocrx_word' id='word_1_232' title='bbox 847 3507 1002 3604; x_wconf 86' lang='lat' dir='ltr'>speciem</span> <span class='ocrx_word' id='word_1_233' title='bbox 1028 3507 1193 3583; x_wconf 86' lang='lat' dir='ltr'>draconis</span> <span class='ocrx_word' id='word_1_234' title='bbox 1220 3508 1400 3596; x_wconf 85' lang='lat' dir='ltr'>oblatam,</span> <span class='ocrx_word' id='word_1_235' title='bbox 1431 3501 1485 3572; x_wconf 66' lang='lat' dir='ltr'>hes·</span> 
     </span>
     <span class='ocr_line' id='line_1_30' title="bbox 266 3617 1485 3715; baseline -0.012 -21"><span class='ocrx_word' id='word_1_236' title='bbox 266 3621 350 3694; x_wconf 90' lang='lat' dir='ltr'>bam</span> <span class='ocrx_word' id='word_1_237' title='bbox 376 3619 520 3696; x_wconf 87' lang='lat' dir='ltr'>ferentis</span> <span class='ocrx_word' id='word_1_238' title='bbox 545 3642 617 3710; x_wconf 90' lang='lat' dir='ltr'>ore,</span> <span class='ocrx_word' id='word_1_239' title='bbox 643 3641 750 3715; x_wconf 86' lang='lat' dir='ltr'>quam</span> <span class='ocrx_word' id='word_1_240' title='bbox 776 3619 904 3692; x_wconf 84' lang='lat' dir='ltr'>veneni</span> <span class='ocrx_word' id='word_1_241' title='bbox 930 3617 1127 3694; x_wconf 88' lang='lat' dir='ltr'>remedium</span> <span class='ocrx_word' id='word_1_242' title='bbox 1145 3643 1224 3694; x_wconf 86' lang='lat' dir='ltr'>esse</span> <span class='ocrx_word' id='word_1_243' title='bbox 1249 3622 1485 3693; x_wconf 78' lang='lat' dir='ltr'>monstrasset:</span> 
     </span>
    </p>
   </div>
   <div class='ocr_carea' id='block_1_3' title="bbox 259 3821 1486 4503">
    <p class='ocr_par' dir='ltr' id='par_1_4' title="bbox 259 3821 1486 4382">
     <span class='ocr_line' id='line_1_31' title="bbox 301 3821 1486 3900; baseline -0.004 -17"><span class='ocrx_word' id='word_1_244' title='bbox 301 3827 365 3899; x_wconf 84' lang='lat' dir='ltr'>Cap.</span> <span class='ocrx_word' id='word_1_245' title='bbox 385 3835 428 3896; x_wconf 75' lang='lat' dir='ltr'>tt,</span> <span class='ocrx_word' id='word_1_246' title='bbox 447 3832 472 3896; x_wconf 67' lang='lat' dir='ltr'>s.</span> <span class='ocrx_word' id='word_1_247' title='bbox 490 3834 533 3883; x_wconf 78' lang='lat'>28.</span> <span class='ocrx_word' id='word_1_248' title='bbox 559 3829 683 3900; x_wconf 75' lang='lat' dir='ltr'>adituque</span> <span class='ocrx_word' id='word_1_249' title='bbox 693 3829 789 3900; x_wconf 73' lang='lat' dir='ltr'>sociis]</span> <span class='ocrx_word' id='word_1_250' title='bbox 824 3826 869 3882; x_wconf 85' lang='lat' dir='ltr'>Sic</span> <span class='ocrx_word' id='word_1_251' title='bbox 897 3847 950 3899; x_wconf 82' lang='lat' dir='ltr'>per</span> <span class='ocrx_word' id='word_1_252' title='bbox 967 3831 1076 3900; x_wconf 79' lang='lat' dir='ltr'>quietem</span> <span class='ocrx_word' id='word_1_253' title='bbox 1094 3831 1190 3884; x_wconf 77' lang='lat' dir='ltr'>vidisse</span> <span class='ocrx_word' id='word_1_254' title='bbox 1206 3847 1234 3884; x_wconf 78' lang='lat' dir='ltr'>sa</span> <span class='ocrx_word' id='word_1_255' title='bbox 1251 3847 1265 3884; x_wconf 80' lang='lat' dir='ltr'>a</span> <span class='ocrx_word' id='word_1_256' title='bbox 1284 3821 1486 3884; x_wconf 70' lang='lat' dir='ltr'>eciemsmcoat.</span> 
     </span>
     <span class='ocr_line' id='line_1_32' title="bbox 265 3895 1486 3970; baseline -0.004 -17"><span class='ocrx_word' id='word_1_257' title='bbox 265 3897 403 3963; x_wconf 86' lang='lat' dir='ltr'>meliores,</span> <span class='ocrx_word' id='word_1_258' title='bbox 428 3900 505 3951; x_wconf 85' lang='lat' dir='ltr'>Voss.</span> <span class='ocrx_word' id='word_1_259' title='bbox 526 3905 536 3949; x_wconf 87' lang='grc'>1</span> <span class='ocrx_word' id='word_1_260' title='bbox 561 3895 641 3950; x_wconf 85' lang='lat' dir='ltr'>Bam.</span> <span class='ocrx_word' id='word_1_261' title='bbox 660 3895 685 3950; x_wconf 77' lang='lat' dir='ltr'>A</span> <span class='ocrx_word' id='word_1_262' title='bbox 702 3897 774 3952; x_wconf 81' lang='lat' dir='ltr'>Flor‚</span> <span class='ocrx_word' id='word_1_263' title='bbox 794 3895 867 3950; x_wconf 77' lang='lat' dir='ltr'>ABG</span> <span class='ocrx_word' id='word_1_264' title='bbox 903 3906 949 3952; x_wconf 88' lang='lat' dir='ltr'>aut</span> <span class='ocrx_word' id='word_1_265' title='bbox 962 3916 1012 3968; x_wconf 83' lang='lat' dir='ltr'>per</span> <span class='ocrx_word' id='word_1_266' title='bbox 1029 3901 1138 3970; x_wconf 81' lang='lat' dir='ltr'>quietem</span> <span class='ocrx_word' id='word_1_267' title='bbox 1163 3898 1215 3952; x_wconf 78' lang='lat' dir='ltr'>ribi</span> <span class='ocrx_word' id='word_1_268' title='bbox 1240 3900 1357 3952; x_wconf 71' lang='lat' dir='ltr'>ortorum</span> <span class='ocrx_word' id='word_1_269' title='bbox 1375 3912 1427 3952; x_wconf 77' lang='lat' dir='ltr'>ease</span> <span class='ocrx_word' id='word_1_270' title='bbox 1446 3903 1486 3958; x_wconf 59' lang='lat' dir='ltr'>aff·-</span> 
     </span>
     <span class='ocr_line' id='line_1_33' title="bbox 265 3959 1485 4086; baseline -0.002 -64"><span class='ocrx_word' id='word_1_271' title='bbox 265 3966 341 4022; x_wconf 88' lang='lat' dir='ltr'>Mod.</span> <span class='ocrx_word' id='word_1_272' title='bbox 359 3965 539 4048; x_wconf 69' lang='lat' dir='ltr'>membranae,</span> <span class='ocrx_word' id='word_1_273' title='bbox 563 3965 644 4086; x_wconf 46' lang='lat' dir='ltr'>vulfio</span> <span class='ocrx_word' id='word_1_274' title='bbox 655 3967 761 4046; x_wconf 66' lang='lat' dir='ltr'>facilia.</span> <span class='ocrx_word' id='word_1_275' title='bbox 798 3964 869 4052; x_wconf 56' lang='lat' dir='ltr'>OEJum</span> <span class='ocrx_word' id='word_1_276' title='bbox 903 3969 974 4048; x_wconf 43' lang='lat' dir='ltr'>ciam·</span> <span class='ocrx_word' id='word_1_277' title='bbox 985 3968 1123 4034; x_wconf 76' lang='lat' dir='ltr'>droconis,</span> <span class='ocrx_word' id='word_1_278' title='bbox 1149 3965 1217 4022; x_wconf 86' lang='lat' dir='ltr'>sicut</span> <span class='ocrx_word' id='word_1_279' title='bbox 1233 3965 1297 4020; x_wconf 87' lang='lat' dir='ltr'>alibi</span> <span class='ocrx_word' id='word_1_280' title='bbox 1314 3965 1401 4034; x_wconf 82' lang='lat' dir='ltr'>dixit,</span> <span class='ocrx_word' id='word_1_281' title='bbox 1425 3959 1485 4014; x_wconf 66' lang='lat' dir='ltr'>lul</span> 
     </span>
     <span class='ocr_line' id='line_1_34' title="bbox 266 4032 1485 4116; baseline -0.002 -26"><span class='ocrx_word' id='word_1_282' title='bbox 266 4053 297 4090; x_wconf 79' lang='lat' dir='ltr'>ea</span> <span class='ocrx_word' id='word_1_283' title='bbox 330 4045 390 4088; x_wconf 81' lang='lat' dir='ltr'>astu</span> <span class='ocrx_word' id='word_1_284' title='bbox 406 4051 435 4086; x_wconf 89' lang='lat' dir='ltr'>re</span> <span class='ocrx_word' id='word_1_285' title='bbox 453 4052 494 4088; x_wconf 71' lang='lat' dir='ltr'>aaa</span> <span class='ocrx_word' id='word_1_286' title='bbox 512 4032 590 4086; x_wconf 86' lang='lat' dir='ltr'>ambo</span> <span class='ocrx_word' id='word_1_287' title='bbox 634 4050 689 4114; x_wconf 75' lang='lat' dir='ltr'>ern.</span> <span class='ocrx_word' id='word_1_288' title='bbox 704 4035 779 4087; x_wconf 72' lang='lat' dir='ltr'>leid.</span> <span class='ocrx_word' id='word_1_289' title='bbox 796 4033 868 4086; x_wconf 76' lang='lat' dir='ltr'>blot.</span> <span class='ocrx_word' id='word_1_290' title='bbox 902 4053 996 4105; x_wconf 69' lang='lat' dir='ltr'>specte,</span> <span class='ocrx_word' id='word_1_291' title='bbox 1014 4053 1138 4116; x_wconf 80' lang='lat' dir='ltr'>quoepcr</span> <span class='ocrx_word' id='word_1_292' title='bbox 1151 4052 1268 4115; x_wconf 70' lang='lat' dir='ltr'>somnum</span> <span class='ocrx_word' id='word_1_293' title='bbox 1281 4035 1372 4090; x_wconf 78' lang='lat' dir='ltr'>obluta</span> <span class='ocrx_word' id='word_1_294' title='bbox 1387 4041 1446 4094; x_wconf 77' lang='lat' dir='ltr'>erut,</span> <span class='ocrx_word' id='word_1_295' title='bbox 1460 4037 1485 4076; x_wconf 76' lang='lat' dir='ltr'>u.</span> 
     </span>
     <span class='ocr_line' id='line_1_35' title="bbox 265 4097 1485 4182; baseline 0.001 -27"><span class='ocrx_word' id='word_1_296' title='bbox 265 4109 291 4158; x_wconf 83' lang='grc' dir='ltr'><strong>Δ</strong></span> <span class='ocrx_word' id='word_1_297' title='bbox 317 4103 350 4170; x_wconf 83' lang='grc' dir='ltr'>Ε,</span> <span class='ocrx_word' id='word_1_298' title='bbox 369 4119 421 4172; x_wconf 92' lang='lat' dir='ltr'>quo</span> <span class='ocrx_word' id='word_1_299' title='bbox 466 4119 536 4182; x_wconf 78' lang='lat' dir='ltr'>nunc</span> <span class='ocrx_word' id='word_1_300' title='bbox 561 4117 648 4182; x_wconf 78' lang='lat' dir='ltr'>recepi</span> <span class='ocrx_word' id='word_1_301' title='bbox 674 4119 725 4173; x_wconf 90' lang='lat' dir='ltr'>pro</span> <span class='ocrx_word' id='word_1_302' title='bbox 747 4101 818 4174; x_wconf 77' lang='lat' dir='ltr'>vulg.</span> <span class='ocrx_word' id='word_1_303' title='bbox 837 4119 868 4155; x_wconf 74' lang='lat' dir='ltr'>ax</span> <span class='ocrx_word' id='word_1_304' title='bbox 905 4111 937 4158; x_wconf 85' lang='lat'>10</span> <span class='ocrx_word' id='word_1_305' title='bbox 954 4121 1065 4174; x_wconf 77' lang='lat' dir='ltr'>spectem</span> <span class='ocrx_word' id='word_1_306' title='bbox 1082 4105 1134 4158; x_wconf 76' lang='lat' dir='ltr'>siti</span> <span class='ocrx_word' id='word_1_307' title='bbox 1147 4103 1271 4157; x_wconf 70' lang='lat' dir='ltr'>Haase</span> <span class='ocrx_word' id='word_1_308' title='bbox 1288 4105 1315 4156; x_wconf 81' lang='lat' dir='ltr'>iu</span> <span class='ocrx_word' id='word_1_309' title='bbox 1329 4120 1419 4157; x_wconf 78' lang='lat' dir='ltr'>somno</span> <span class='ocrx_word' id='word_1_310' title='bbox 1435 4097 1485 4150; x_wconf 74' lang='lat' dir='ltr'>ara·</span> 
     </span>
     <span class='ocr_line' id='line_1_36' title="bbox 259 4165 1485 4303; baseline -0.007 -9"><span class='ocrx_word' id='word_1_311' title='bbox 259 4174 284 4244; x_wconf 79' lang='lat' dir='ltr'><em>f</em></span> <span class='ocrx_word' id='word_1_312' title='bbox 280 4182 341 4294; x_wconf 74' lang='lat'><strong>“1⁸²“</strong></span> <span class='ocrx_word' id='word_1_313' title='bbox 357 4173 447 4292; x_wconf 69' lang='lat' dir='ltr'>tlt</span> <span class='ocrx_word' id='word_1_314' title='bbox 462 4171 547 4292; x_wconf 56' lang='lat' dir='ltr'>llll</span> <span class='ocrx_word' id='word_1_315' title='bbox 572 4177 710 4291; x_wconf 66' lang='lat' dir='ltr'>all&#39;ll‘l‘</span> <span class='ocrx_word' id='word_1_316' title='bbox 727 4171 867 4293; x_wconf 41' lang='lat' dir='ltr'>tet:</span> <span class='ocrx_word' id='word_1_317' title='bbox 902 4182 957 4294; x_wconf 69' lang='lat' dir='ltr'>tl:</span> <span class='ocrx_word' id='word_1_318' title='bbox 972 4189 1031 4294; x_wconf 70' lang='grc' dir='ltr'>ἓξὲξ</span> <span class='ocrx_word' id='word_1_319' title='bbox 1044 4171 1418 4294; x_wconf 58' lang='lat' dir='ltr'>ttttttttttat</span> <span class='ocrx_word' id='word_1_320' title='bbox 1433 4165 1485 4303; x_wconf 75' lang='lat' dir='ltr'>llll</span> 
     </span>
     <span class='ocr_line' id='line_1_37' title="bbox 265 4247 1484 4382; baseline -0.005 -18"><span class='ocrx_word' id='word_1_321' title='bbox 265 4247 391 4382; x_wconf 39' lang='lat' dir='ltr'>{labiim</span> <span class='ocrx_word' id='word_1_322' title='bbox 407 4306 507 4362; x_wconf 87' lang='lat' dir='ltr'>crimen</span> <span class='ocrx_word' id='word_1_323' title='bbox 524 4255 662 4376; x_wconf 67' lang='lat' dir='ltr'>superbiis</span> <span class='ocrx_word' id='word_1_324' title='bbox 680 4277 732 4361; x_wconf 77' lang='lat' dir='ltr'>ndu</span> <span class='ocrx_word' id='word_1_325' title='bbox 749 4257 828 4362; x_wconf 73' lang='lat' dir='ltr'>oadil</span> <span class='ocrx_word' id='word_1_326' title='bbox 902 4311 974 4364; x_wconf 76' lang='lat' dir='ltr'>linis.</span> <span class='ocrx_word' id='word_1_327' title='bbox 1000 4258 1063 4364; x_wconf 68' lang='lat' dir='ltr'>noli</span> <span class='ocrx_word' id='word_1_328' title='bbox 1079 4308 1161 4380; x_wconf 86' lang='lat' dir='ltr'>igitur</span> <span class='ocrx_word' id='word_1_329' title='bbox 1177 4258 1389 4380; x_wconf 76' lang='lat' dir='ltr'>loooutranique</span> <span class='ocrx_word' id='word_1_330' title='bbox 1405 4273 1484 4360; x_wconf 61' lang='lat' dir='ltr'>dicendi</span> 
     </span>
    </p>

    <p class='ocr_par' dir='ltr' id='par_1_5' title="bbox 267 4375 1196 4503">
     <span class='ocr_line' id='line_1_38' title="bbox 301 4375 1196 4448; baseline 0.001 -17"><span class='ocrx_word' id='word_1_331' title='bbox 301 4381 323 4448; x_wconf 77' lang='lat'>§-</span> <span class='ocrx_word' id='word_1_332' title='bbox 342 4384 383 4432; x_wconf 79' lang='lat'>26.</span> <span class='ocrx_word' id='word_1_333' title='bbox 400 4379 510 4447; x_wconf 77' lang='lat' dir='ltr'>speciem</span> <span class='ocrx_word' id='word_1_334' title='bbox 527 4376 651 4430; x_wconf 79' lang='lat' dir='ltr'>droconis</span> <span class='ocrx_word' id='word_1_335' title='bbox 669 4377 791 4445; x_wconf 78' lang='lat' dir='ltr'>obtutum]</span> <span class='ocrx_word' id='word_1_336' title='bbox 813 4375 867 4429; x_wconf 88' lang='lat' dir='ltr'>Re·</span> <span class='ocrx_word' id='word_1_337' title='bbox 901 4379 1035 4434; x_wconf 81' lang='lat' dir='ltr'>rationem</span> <span class='ocrx_word' id='word_1_338' title='bbox 1052 4376 1196 4432; x_wconf 81' lang='lat' dir='ltr'>coniunxit</span> 
     </span>
     <span class='ocr_line' id='line_1_39' title="bbox 267 4443 868 4503; baseline -0.005 -1"><span class='ocrx_word' id='word_1_339' title='bbox 267 4444 428 4503; x_wconf 81' lang='lat' dir='ltr'>dundantius</span> <span class='ocrx_word' id='word_1_340' title='bbox 452 4445 533 4501; x_wconf 82' lang='lat' dir='ltr'>dixit:</span> <span class='ocrx_word' id='word_1_341' title='bbox 560 4443 623 4500; x_wconf 84' lang='lat' dir='ltr'>satis</span> <span class='ocrx_word' id='word_1_342' title='bbox 649 4443 720 4500; x_wconf 89' lang='lat' dir='ltr'>enim</span> <span class='ocrx_word' id='word_1_343' title='bbox 744 4444 796 4500; x_wconf 85' lang='lat' dir='ltr'>luit</span> <span class='ocrx_word' id='word_1_344' title='bbox 821 4453 868 4499; x_wconf 84' lang='lat' dir='ltr'>aut</span> 
     </span>
    </p>
   </div>
   <div class='ocr_carea' id='block_1_4' title="bbox 0 0 1588 5294">
    <p class='ocr_par' dir='ltr' id='par_1_6' title="bbox 0 0 1588 5294">
     <span class='ocr_line' id='line_1_40' title="bbox 0 0 1588 5294; baseline 0 0"><span class='ocrx_word' id='word_1_345' title='bbox 0 0 1588 5294; x_wconf 95' lang='lat' dir='ltr'> </span> 
     </span>
    </p>
   </div>
  </div>
 </body>
</html>
