3238 5296
241 329 315 400 428
708 350 742 414 o.
770 348 894 400 cunrn
919 349 1004 402 num

166 589 172 597 ,
240 530 360 583 Acesiois
378 539 403 584 et
414 531 484 584 dadi
500 531 665 601 confluentes,
683 547 734 585 sec.
744 532 910 595 Arrianae).
945 529 1076 586 Musicani
1090 533 1235 602 (sinapeos,
1254 549 1319 603 qstce
1330 531 1484 586 Mmeoew

239 609 328 676 regalo
340 609 477 676 parebat)
495 607 523 660 in
540 607 673 662 dicionem
690 607 853 679 rediguntur,
872 608 964 663 relicto
982 609 1010 663 in
1027 626 1119 662 eorum
1136 610 1204 662 urbe
1221 607 1362 680 praesidio.
1389 606 1485 661 Prae·

239 691 338 738 storum
355 701 403 738 rex
419 684 592 753 Porticanus,
621 695 774 757 expugnata
791 688 870 754 urbe,
893 685 921 738 in
939 703 1038 756 quase
1057 685 1216 754 incluserat,
1241 683 1377 740 occiditur.
1415 685 1484 755 (32)

239 760 330 816 Sambi
346 779 457 832 regnum
475 760 609 832 ingressus
625 763 795 830 Alexander,
812 765 907 817 multas
925 764 1004 816 urbes
1026 763 1124 833 partim
1141 763 1245 817 deditas
1263 761 1292 815 in
1309 762 1389 816 fidem
1406 761 1484 815 scei-

221 837 223 844 '
238 837 286 909 pit,
304 837 401 908 partim
418 848 564 910 expugnat,
582 839 745 910 Musicanos,
764 840 809 912 qui
828 842 991 906 defecerant,
1008 858 1057 911 per
1074 839 1218 894 Pithonem
1235 839 1340 910 subigit.
1372 837 1483 910 Oppidi

239 914 358 983 alicuius,
377 917 450 987 quod
467 916 502 968 ad
519 933 630 986 regnum
647 916 737 970 Sambi
754 918 913 989 pertinebat,
931 917 1040 985 incolae,
1059 934 1118 972 cum
1135 915 1319 970 excursionem
1336 915 1482 983 fecissent,

238 992 316 1046 facilc
334 992 439 1063 quidem
457 993 634 1062 repelluntur,
662 995 721 1063 (33)
740 995 789 1048 sed
807 995 869 1067 quia
885 992 987 1064 gladios
1005 1011 1109 1049 veneno
1126 992 1274 1060 tinxerant,
1297 994 1485 1048 Macedonum

237 1068 314 1122 multi
332 1069 466 1140 inpugna
483 1069 615 1123 vulnerati
632 1070 794 1140 moriuntur,
818 1072 892 1142 quod
908 1070 980 1124 idem
998 1089 1056 1124 etun
1074 1078 1236 1124 metueretur
1253 1087 1287 1123 ue
1304 1070 1481 1137 Ptolemaeo,

237 1145 305 1216 Lagi
322 1146 388 1209 filio,
406 1145 476 1217 regis
493 1145 709 1214 familiarissim0,
728 1147 872 1217 accideret,
890 1155 919 1202 et
936 1146 994 1218 ipse
1011 1165 1058 1201 rex
1072 1156 1100 1202 et
1112 1148 1287 1212 Macedones,
1305 1154 1482 1218 quantopere

238 1221 360 1276 omnibns
378 1240 453 1276 carus
472 1232 550 1286 esset
568 1224 701 1278 luculenta
719 1225 850 1280 dederunt
867 1233 1036 1296 argumenta,
1062 1226 1149 1279 donec
1165 1224 1320 1277 Alexander
1337 1223 1481 1291 divinitis,

237 1308 268 1352 ut
284 1299 430 1367 ferebatur,
457 1301 601 1354 remedium
619 1302 706 1356 morbi
723 1302 846 1373 repperit
883 1306 942 1370 (34)
964 1302 1084 1355 Indead
1107 1309 1213 1372 gentem
1230 1299 1364 1354 Pataliam
1384 1307 1415 1354 et
1434 1299 1482 1352 in-

238 1377 321 1430 sulam
338 1375 427 1430 medio
448 1393 525 1430 amne
549 1377 628 1432 sitam
650 1382 703 1444 (abi
725 1398 793 1433 nanc
815 1382 877 1434 urbs
895 1381 1071 1448 Hydrabodt)
1095 1379 1212 1432 delatum
1235 1395 1345 1448 agmen,
1374 1376 1481 1430 diutius

237 1453 276 1507 ibi
294 1453 420 1507 substitit
456 1454 574 1508 Ducibus
592 1458 698 1511 tandem
716 1458 837 1527 repertis,
859 1475 909 1529 per
926 1455 1044 1511 triduum
1060 1457 1112 1510 iam
1131 1456 1241 1509 Oceano
1259 1453 1482 1526 appropinquan-

237 1539 279 1584 tes
297 1540 404 1584 strenue
421 1530 556 1602 navigant,
574 1542 603 1588 et
620 1535 653 1588 ad
672 1533 872 1588 aliaminsulam
889 1532 1136 1606 propeostlnminis
1154 1530 1297 1602 applicant
1324 1536 1382 1600 (35)
1401 1531 1480 1585 Inci-

238 1607 304 1661 dunt
321 1606 358 1661 ibi
376 1608 403 1661 in
421 1609 510 1662 casum
526 1610 690 1681 incognitum
708 1619 736 1664 et
752 1610 933 1682 improvisum,
952 1619 1053 1666 aestum
1070 1609 1159 1676 maris,
1177 1609 1257 1679 longa
1273 1607 1348 1662 illum
1363 1607 1479 1679 quidem

237 1685 462 1740 vehementiorem
474 1685 502 1740 in
516 1687 634 1757 Oceano,
654 1687 774 1759 quanin
789 1690 855 1742 mari
872 1688 959 1744 medio
976 1689 1031 1742 sive
1047 1687 1252 1751 mediterraneo3
1275 1687 1333 1754 (36)
1351 1684 1481 1756 graviore

236 1762 316 1816 etiam
325 1764 422 1816 damno
431 1761 538 1834 navigia
545 1763 702 1832 alliciuntur,
713 1784 772 1820 cum
780 1784 853 1820 marc
862 1765 1020 1836 reciprocari
1030 1765 1126 1836 coepit
1144 1765 1204 1834 (st)
1223 1762 1315 1818 Sedet
1327 1760 1398 1832 regis
1412 1779 1481 1816 curs

237 1847 265 1893 et
281 1839 378 1894 iterato
397 1851 473 1895 aestu
490 1841 579 1896 omnis
597 1842 780 1912 restituuntur,
799 1851 826 1897 et
835 1844 998 1912 Alexander,
1016 1841 1125 1914 cognita
1133 1839 1212 1894 maris
1228 1847 1331 1906 natura,
1350 1837 1480 1909 inipsum

172 1913 177 1924 ’
238 1917 373 1972 Oceanum
394 1917 527 1986 evehitur,
553 1920 660 1974 tandem
685 1919 743 1973 voti
772 1937 886 1992 compos.
921 1925 980 1989 (38)
1004 1921 1137 1974 Reverstn
1160 1918 1196 1971 ad
1216 1915 1330 1970 insulam
1352 1915 1479 1986 (Patala)

236 1996 328 2048 urbem
350 2003 378 2049 et
399 1995 504 2049 navalia
530 1996 635 2064 condit,
661 1997 827 2051 Leonnatum
853 2015 912 2052 oum
937 2007 1016 2068 parte
1039 1996 1172 2068 copiamm
1192 1992 1339 2066 praemittit
1361 1994 1396 2047 sd
1422 1992 1479 2046 iter

236 2078 362 2126 terrestre
383 2075 608 2144 praeparandum,
631 2074 781 2128 Nearchum
798 2082 826 2128 et
844 2073 1023 2129 Onesicritum
1040 2074 1136 2129 idoneo
1154 2081 1275 2143 tempore
1291 2070 1375 2126 classe
1393 2070 1478 2124 litora

236 2147 403 2216 circmnvelsi,
422 2158 450 2204 et
466 2167 514 2221 per
530 2168 560 2205 os
578 2149 722 2220 Euphratis
741 2151 776 2202 ad
793 2167 822 2203 se
838 2151 927 2205 redire
943 2151 1025 2205 iubet.

305 2228 365 2297 (39)
383 2227 444 2298 Ipse
464 2228 543 2293 (Iulio
552 2229 615 2297 fere
632 2243 717 2280 mersas
735 2246 761 2280 o.
770 2246 795 2281 α.
808 2229 870 2282 Otr.
888 2239 942 2282 nat.
960 2233 1032 2296 335.)
1050 2246 1110 2282 oum
1127 2225 1220 2282 ceteris
1238 2222 1321 2296 copiis
1337 2223 1476 2290 profectus

236 2320 285 2374 per
301 2301 437 2372 regionem
454 2303 624 2357 arabitarum
646 2304 680 2357 ad
697 2303 807 2358 Horitas
825 2304 907 2359 venit.
942 2304 1057 2360 Gentem
1080 2303 1164 2358 diviso
1187 2302 1306 2357 exercitu
1327 2299 1476 2372 populatus

236 2381 328 2432 urbem
345 2379 476 2448 condidit,
500 2398 579 2451 quam
596 2379 747 2434 Arachosiis
765 2381 933 2436 incolendam
950 2381 1032 2436 dedit.
1069 2386 1126 2449 (40)
1149 2380 1216 2434 Inde
1233 2377 1369 2432 exercitus
1385 2376 1477 2446 regio-

236 2471 297 2508 nem
318 2455 443 2510 Indorum
468 2456 660 2512 maritimorum
687 2464 761 2528 (qaos
788 2461 837 2512 olii
862 2461 1061 2530 ichthyopllcqos
1088 2459 1230 2528 appellent)
1258 2455 1314 2510 sive
1338 2455 1477 2509 desertam

238 2531 383 2587 Cedrosiae
401 2541 515 2603 partem,
533 2534 592 2589 loca
609 2533 681 2588 omni
700 2535 773 2588 cultu
789 2536 916 2605 carentia,
937 2537 983 2605 (30
1002 2538 1104 2605 dacus)
1121 2550 1280 2604 peragrans,
1298 2532 1328 2586 in
1344 2549 1476 2586 summam

237 2609 353 2662 omnium
370 2627 459 2664 rerum
475 2609 593 2682 inopiam
610 2610 710 2678 incidit,
729 2619 886 2684 tantamque
904 2614 1007 2667 cladem
1021 2619 1148 2684 quantam
1156 2627 1285 2681 nusquam
1294 2607 1357 2663 alibi
1367 2607 1475 2679 accipit.

237 2690 294 2752 (41)
318 2685 440 2740 Tandem
460 2687 488 2740 in
510 2688 575 2742 fines
593 2687 736 2743 Cedrosiae
759 2689 877 2744 cultioris
898 2691 1066 2761 perveniunt
1100 2687 1143 2741 lbi
1165 2686 1270 2740 litteras
1291 2704 1308 2740 a
1329 2684 1473 2740 Leonnato

235 2765 305 2834 apud
323 2762 434 2818 Horitas
452 2763 558 2834 relicto,
581 2774 610 2818 et
631 2783 648 2818 a
666 2767 777 2821 Cratero
799 2783 847 2838 per
868 2768 1041 2822 Arachosiam
1062 2774 1090 2821 et
1107 2763 1290 2835 Drangianam
1312 2781 1372 2818 cum
1394 2772 1475 2833 parte

237 2840 369 2894 exercitus
386 2841 572 2912 proficiscente
589 2843 690 2912 accipit.
725 2844 786 2915 Ipse
803 2843 831 2897 in
850 2843 1016 2898 Carmaniam
1032 2842 1171 2916 processit,
1189 2841 1262 2896 attins
1280 2838 1369 2912 gentis
1379 2838 1474 2893 Satra-

236 2936 298 2988 pam
314 2919 463 2989 Aspssten,
487 2920 550 2973 dum
572 2921 647 2974 audit
669 2921 818 2988 delatores,
844 2920 871 2973 in
894 2921 994 2974 honore
1015 2920 1114 2976 habuit.
1151 2921 1210 2989 (42)
1227 2915 1372 2972 Restitutis
1390 2915 1474 2969 detri-

235 2995 346 3064 mentis,
373 3012 441 3068 quac
462 2997 595 3051 exereitus
617 2997 781 3070 improspere
803 3013 852 3068 per
873 2997 1028 3051 Oedrosiam
1047 2997 1143 3051 itinere
1165 2996 1277 3061 iecerat,
1304 2992 1473 3047 Carmaniam

235 3080 361 3144 peragrat
383 3073 517 3128 luxurioso
538 3075 655 3146 agmine,
682 3075 780 3129 Bacchi
802 3073 965 3144 triumphum
989 3073 1065 3130 victis
1087 3073 1180 3129 Indiae
1206 3070 1332 3144 gentibus
1354 3068 1474 3124 imitans.

235 3147 345 3203 Interim
362 3157 451 3206 tamen
468 3152 597 3222 Aspestes
615 3150 744 3224 supplicio
761 3151 881 3207 afficitttr.

187 3452 203 3522 1
337 3393 594 3545 Alexander,
627 3463 702 3526 tam
727 3455 949 3527 memorabili
973 3455 1124 3528 victoria
1147 3455 1280 3543 laetae,
1307 3476 1379 3549 qua
1404 3450 1510 3522 sibit.

236 3559 392 3636 Orientis
424 3564 513 3638 fines
546 3575 690 3663 apertos
723 3590 800 3640 esse
832 3566 1016 3657 censebat,
1058 3563 1132 3639 Soli
1162 3564 1314 3638 victimis
1348 3562 1470 3649 eaesis,

234 3675 364 3748 milites
390 3699 547 3773 quoque,
586 3702 656 3773 quo
682 3677 960 3775 promptioribus
986 3677 1112 3750 animis
1138 3677 1274 3774 reliqua
1299 3675 1383 3748 belli
1409 3673 1470 3744 ob·

233 3785 341 3876 irent,
376 3813 442 3884 pro
470 3788 635 3862 contione
661 3788 825 3862 laudatos
853 3787 990 3878 docuit,
1026 3786 1193 3886 quicquid
1218 3783 1315 3858 Indis
1340 3783 1470 3858 virium

267 3985 325 4040 Lib.
344 4001 385 4051 tx,
405 3985 469 4058 Cap.
487 3996 509 4052 t,
529 3991 551 4058 ξ.
564 3997 586 4042 1.
625 3989 739 4044 Orionis
748 3990 833 4061 fines]
868 4007 918 4112 pro
937 3988 1053 4044 ablativo
1074 3987 1129 4042 sive
1151 4005 1200 4058 pro
1217 3983 1381 4041 nominativo
1403 3983 1469 4056 plur.

232 4054 313 4109 Bern.
330 4057 357 4108 A
374 4054 445 4110 Flor.
463 4057 512 4110 AB
525 4058 602 4125 fiais.
887 4060 973 4112 abeat.

903 4130 1005 4198 reliquo
1032 4128 1092 4180 belli
1118 4126 1225 4191 obirent]
1263 4122 1347 4177 Omisi
1370 4123 1468 4186 manin,

266 4192 476 4264 aethiopasque,
495 4211 544 4263 qao
557 4197 761 4266 promptioribus
773 4196 835 4263 oet]
870 4197 943 4266 quod
960 4196 1040 4266 vulgo
1062 4201 1250 4266 praeterquam
1271 4191 1299 4244 in
1316 4191 1378 4244 edit
1396 4189 1470 4242 Mod.

232 4259 338 4314 modius
373 4264 401 4314 ui
439 4281 469 4315 ro
491 4262 536 4314 vul
557 4302 563 4315 .
581 4283 630 4334 quo
648 4264 730 4317 edidit
772 4281 835 4318 oon·
869 4264 975 4317 additur
1017 4263 1111 4335 quiae
1135 4260 1230 4316 nostris
1252 4260 1373 4314 omnibus
1397 4259 1470 4311 abest

233 4279 405 4383 sentientiius
421 4281 492 4385 ltlor.
506 4281 578 4412 Dii.
613 4305 744 4403 Equideni
761 4331 835 4386 Lati·
869 4303 1057 4404 praetereaque
1075 4349 1091 4384 a
1108 4331 1186 4385 Voss.
1206 4337 1229 4382 l.
1247 4331 1371 4410 tabesse
1389 4325 1469 4380 tradi-

234 4415 296 4451 num
313 4413 369 4451 esse
387 4417 438 4452 non
456 4407 523 4470 puto
542 4401 629 4472 siquis
647 4417 757 4472 proquo
775 4419 834 4455 cmn
868 4410 921 4470 tur,
940 4409 967 4455 et
984 4402 1057 4473 quod
1074 4417 1126 4453 non
1144 4400 1177 4452 de
1196 4405 1291 4452 ceteris
1308 4395 1371 4449 belh
1388 4411 1469 4466 nego-

234 4467 415 4539 comparativo
437 4484 537 4540 ponere
560 4469 625 4523 velit
648 4472 708 4540 qui,
732 4469 787 4524 sive
807 4470 835 4523 id
870 4469 921 4541 tiis,
939 4471 986 4524 sed
1000 4471 1034 4524 de
1046 4468 1149 4540 reliqua
1163 4475 1240 4540 parte
1253 4465 1469 4520 bellissimoest
