3072 5300
628 407 823 460 mmmm.
852 496 857 503 .
1270 385 1342 458 533

191 597 215 668 s.
234 594 284 652 22.
319 595 471 668 intervallo]
491 595 582 652 omitt.
598 593 663 652 Pal.
684 591 699 652 1
726 594 805 652 Flor.
824 595 852 651 D
878 601 907 650 et
930 612 948 650 e
973 612 1015 668 pr.
1033 611 1072 652 m.
1091 591 1169 650 Flor.
1187 591 1223 650 E.
1261 590 1343 667 Sisy-

103 681 232 755 pamhim]
255 681 420 751 ιίιιζιιαιιιὸίιη
443 680 520 737 Flor.
540 677 651 738 CEFG
668 677 755 737 Bern.
775 681 820 750 A,
847 679 1006 754 eieinyabim
1030 678 1115 734 ch.
1134 677 1170 736 B.
1211 680 1341 754 comune]

5 789 8 822 :
106 763 156 824 Sic
173 785 272 824 omnes
289 767 368 823 Flor.
386 775 498 841 praeter
515 785 603 823 unum
622 766 650 822 D
669 765 698 822 in
716 784 772 840 qno
795 776 839 822 eet
857 766 963 822 conice.
998 763 1166 838 vectabatur]
1193 764 1343 821 pectebatur

4 879 6 886 ’
104 853 130 910 F
132 851 183 910 lor.
203 848 242 923 C,
259 851 433 909 vectabantur
451 852 529 910 Flor.
548 851 585 922 E,
602 850 765 908 vehebantur
782 851 861 908 Flor.
880 848 920 908 G.

190 937 216 1010 ς.
235 936 285 994 23.
319 940 508 1013 amnemamae]
526 955 695 994 ammcmaeae
712 935 793 994 Leid.
806 936 894 994 Voss.
910 937 924 992 1
945 934 1009 992 Pel.
1024 933 1041 990 2
1061 933 1147 991 Bern.
1166 935 1249 991 ambo
1264 934 1342 991 Flor.

104 1020 247 1094 BCFHI,
271 1041 435 1080 emunctae
458 1022 522 1080 Pel.
549 1026 563 1079 l
586 1022 663 1080 Flor.
680 1022 720 1094 D,
737 1041 899 1078 arnmmacac
917 1021 996 1078 Fler.
1012 1018 1053 1090 G,
1070 1037 1235 1078 ammaeeae
1252 1019 1341 1078 Voce.

4 1139 9 1172 ι
106 1109 143 1174 2,
162 1126 309 1165 eneceonae
327 1108 510 1184 superscript.
527 1110 564 1166 eb
582 1107 631 1167 eit.
654 1126 729 1164 men.
748 1126 915 1164 arenammce
933 1105 1011 1164 Flor.
1029 1105 1066 1164 E.

191 1194 217 1267 s.
235 1193 286 1250 24.
321 1201 346 1250 et
362 1194 453 1268 ipsae]
471 1203 496 1251 et
513 1197 569 1268 ipsi
584 1193 671 1250 Bern.
683 1197 724 1262 A,
742 1202 767 1249 et
783 1197 842 1265 ipse
858 1192 944 1249 Bern.
962 1191 998 1248 B.
1033 1191 1251 1267 capitaneorum]
1269 1193 1343 1266 eapi-

105 1280 252 1336 ctariorum
269 1277 349 1336 Flor.
367 1275 445 1350 01²1,
463 1281 675 1355 eayiptariomem
693 1279 772 1336 Flor.
792 1275 850 1335 EG
867 1277 932 1337 Pal.
954 1279 982 1335 1.
1431 1274 1435 1283 “

191 1364 217 1437 ς.
235 1363 286 1421 25.
319 1366 474 1439 proximae]
498 1367 623 1439 proxime
639 1363 765 1422 BermA
783 1363 899 1422 Flor.D
912 1361 1001 1420 Voss.
1018 1364 1046 1434 1,
1063 1361 1204 1420 omittitur
1220 1361 1249 1418 in
1261 1361 1341 1419 Flor.

106 1447 140 1508 C.
175 1449 347 1523 lixarumque
364 1457 389 1506 et
406 1451 543 1525 calenum]
563 1446 657 1525 Supra
674 1449 777 1508 lineam
795 1467 814 1506 e
830 1466 906 1506 men.
924 1447 1078 1506 recentiore
1096 1447 1233 1522 scriptum
1250 1455 1296 1505 est
1313 1447 1342 1505 in

3 1575 7 1608 5
104 1534 191 1593 Bern.
209 1535 240 1592 A
256 1537 418 1608 portitorum
436 1553 582 1609 aquarum,
598 1545 660 1592 tum
673 1537 839 1611 portitemm
860 1535 995 1609 lipporum
1011 1541 1038 1590 et
1060 1532 1253 1592 huizlecemodi.
1275 1535 1342 1592 levi·

3 1687 4 1692 ἵ
104 1621 158 1696 ter]
177 1621 272 1677 leniter
289 1619 367 1678 Flor.
386 1619 417 1676 H
435 1620 521 1678 Bern.
539 1620 576 1678 B.

189 1706 214 1779 5.
232 1707 282 1764 26.
317 1707 400 1782 aure]
418 1725 487 1763 auro
505 1706 687 1783 euperemipt.
705 1708 741 1765 eb
760 1705 809 1763 elt.
827 1723 904 1762 men.
922 1721 1009 1762 auree
1025 1703 1105 1763 Flor.
1116 1703 1154 1776 E,
1171 1721 1258 1762 aurea
1275 1704 1342 1762 edit.

1 1834 6 1874 t
104 1810 147 1866 pr.
164 1809 248 1848 auree
265 1790 354 1848 Voss.
373 1791 401 1848 2.

189 1877 214 1950 s.
233 1875 284 1936 28.
319 1879 349 1934 im
371 1877 442 1952 acie]
472 1877 558 1937 Bern.
579 1879 621 1950 B,
645 1880 674 1935 in
697 1865 776 1935 aciae
797 1885 831 1935 ut
855 1876 928 1934 solet
951 1895 966 1934 e
990 1883 1019 1933 et
1045 1893 1078 1931 ae
1102 1874 1288 1947 confundere,
1312 1878 1341 1934 in

2 1951 7 1996 ss
103 1965 188 2019 aciem
213 1959 289 2036 q'ucd
318 1962 362 2019 ed.
391 1962 460 2020 Ald.
491 1964 592 2036 habet,
623 1962 720 2020 nullus
745 1963 806 2022 cod.
836 1971 941 2020 notter.
990 1961 1103 2018 Darem
1133 1969 1225 2018 mntce
1251 1961 1340 2037 mult]

2 2078 4 2114 ;
103 2047 213 2104 Derim
236 2055 326 2104 cutem
349 2048 424 2105 mult.
448 2048 580 2106 Bem.B
604 2049 683 2106 Flor.
701 2049 731 2106 H
756 2045 867 2106 itemC
893 2048 944 2106 sed
967 2045 1159 2122 superscripto
1183 2065 1202 2104 e
1223 2066 1262 2104 m.
1286 2065 1341 2106 rec.

104 2141 265 2292 ίαηιαθὸιιρ.
287 2218 320 2288 9,
339 2219 364 2290 s.
386 2220 412 2274 1.
447 2217 632 2295 Abielamene]
665 2220 699 2276 ab
723 2219 869 2278 imtcmem
893 2219 1016 2278 Flcr.B
1040 2220 1126 2278 Bern.
1145 2219 1192 2290 A,
1222 2219 1257 2275 ab
1275 2221 1342 2276 ecta-

1 2337 4 2345 ·
105 2321 180 2360 mm
203 2302 306 2376 reliqui
322 2303 401 2361 mor.
424 2311 454 2361 c
470 2303 557 2364 nem.
576 2304 602 2362 Β
620 2304 709 2364 voss.
728 2305 765 2378 ι,
787 2305 977 2364 mmmmm
999 2305 1089 2363 voss.
1110 2308 1137 2377 1,
1154 2303 1341 2362 eceteram

1 2446 5 2474 Ρ
104 2387 186 2446 Leid.
225 2387 362 2464 Ciliciam]
381 2391 464 2446 eciem
481 2389 567 2446 Bem.
585 2390 633 2462 A,
651 2393 732 2448 etiem
748 2390 879 2448 Bern.B
903 2390 981 2448 Flor.
1000 2389 1059 2450 CH
1083 2390 1173 2449 Voss.
1193 2393 1229 2463 l,
1251 2391 1343 2447 liciam

105 2473 185 2532 Flor.
204 2472 280 2530 DEI
302 2473 367 2532 Pel.
388 2476 415 2532 1.
434 2475 470 2547 2,
493 2477 580 2532 liliam
598 2476 677 2534 Flor.
696 2477 738 2550 F,
761 2479 854 2552 lytiam
871 2476 938 2534 edit.
961 2496 1004 2553 pr.
1035 2478 1212 2553 pervenerat]
1238 2495 1294 2534 om.
1312 2476 1343 2534 in

1 2619 3 2628 ,
104 2559 183 2618 Flor.
200 2559 229 2616 D
247 2557 310 2616 Pel.
330 2561 358 2616 1.
377 2560 405 2616 2.

190 2646 217 2719 ς.
236 2645 265 2702 2.
301 2647 406 2722 stadie]
434 2647 532 2704 eladiie
549 2645 630 2705 Leid.
664 2647 699 2704 ab
716 2648 807 2723 adim]
833 2649 868 2706 ai
885 2667 915 2706 eo
932 2650 1010 2706 aditu
1028 2649 1118 2707 Vcee.
1138 2649 1156 2705 2
1175 2649 1272 2706 nullus
1290 2667 1341 2705 no-

1 2793 2 2804 ,
106 2739 237 2788 etmrum.
276 2729 413 2808 Ciliciam]
435 2729 567 2806 Cyliciam
583 2734 668 2790 ambo
685 2731 771 2790 Bern.
789 2732 879 2791 Voes.
901 2735 929 2804 l,
947 2735 1059 2791 cilitium
1075 2734 1155 2791 Fiet.
1174 2731 1207 2791 C.
1239 2734 1340 2809 Pylae]

1 2807 3 2894 J
101 2815 180 2890 pilei
193 2815 283 2874 Voss.
303 2817 331 2874 1.
351 2815 368 2874 2
388 2825 417 2874 et
440 2835 540 2876 omnes
562 2818 654 2876 nostri
678 2818 757 2876 codd.
779 2831 892 2893 praeter
914 2819 994 2876 Flcr.
1013 2818 1048 2875 B.
1089 2820 1255 2895 amicimus]
1293 2817 1343 2877 Sic

1 2899 2 2910 ¹
108 2902 186 2958 Flor.
205 2899 229 2959 C
248 2898 278 2958 G
296 2901 383 2959 Bern.
403 2903 451 2975 A,
468 2902 570 2976 reliqui
585 2905 762 2962 arctissimae.

194 2988 218 3061 s.
238 2987 267 3044 3.
307 2983 431 3062 Ciliciae]
454 2987 573 3062 Cyliciae
590 2986 720 3060 BermB,
738 2989 837 3046 cilitiae
855 2989 934 3046 Flor.
948 2987 981 3062 C,
1001 2991 1081 3047 cilitie
1094 2990 1216 3048 Flore.
1241 2989 1341 3064 Atque

108 3072 149 3130 sic
166 3080 338 3130 constanter.
374 3075 451 3130 initio
467 3073 540 3148 belle]
559 3076 588 3130 in
605 3075 682 3130 initio
699 3073 761 3130 belli
776 3073 858 3131 Leid.
877 3072 968 3136 Voss.
990 3075 1004 3132 1
1031 3074 1097 3132 Pel.
1119 3076 1145 3132 1.
1165 3076 1196 3134 2.
1230 3075 1339 3150 eeeqm]

108 3155 156 3215 Sic
173 3175 271 3216 omnes
288 3159 379 3216 nestri
396 3160 475 3231 (non
492 3157 624 3234 eccequi)
649 3158 729 3216 eclue
746 3158 824 3216 Flor.
842 3157 869 3215 B
892 3163 978 3234 eequi.
1013 3159 1088 3218 Item
1106 3169 1242 3218 annotare
1259 3160 1342 3217 iuvet

107 3245 238 3318 quicquid
262 3245 333 3317 (non
351 3245 500 3318 quidquid)
525 3261 590 3302 esee
610 3244 641 3302 in
659 3243 745 3302 Bern.
762 3251 883 3322 utroque
901 3245 980 3304 Flcr.
1000 3243 1152 3304 CDEFG.
1193 3246 1262 3322 iqui]
1281 3248 1342 3321 ipne

104 3345 179 3387 unus
196 3330 275 3388 Flor.
291 3329 332 3386 H.

190 3416 216 3489 ς.
238 3417 267 3472 4.
303 3417 445 3489 enpuetiae
461 3416 567 3491 adime]
593 3425 739 3491 aequatum
763 3417 870 3474 aditum
888 3417 974 3476 Bern.
992 3417 1019 3475 B
1038 3418 1117 3476 Flor.
1136 3417 1168 3476 H
1186 3416 1250 3475 Pei
1269 3417 1298 3474 2.

191 3503 216 3575 s.
240 3501 268 3558 5.
307 3501 433 3578 callibus]
453 3501 563 3559 collibus
586 3501 666 3560 Flor.
683 3501 710 3559 E
728 3501 792 3560 Pel.
814 3504 841 3560 1.
875 3522 909 3560 me
933 3506 1116 3581 conspectum]
1149 3501 1198 3562 Sic
1215 3503 1342 3576 Modiue,

105 3605 153 3643 nec
171 3593 339 3659 conspectum
363 3588 471 3660 quidem
490 3587 569 3645 Leid.
594 3586 681 3646 Bern.
699 3587 757 3647 AB
783 3589 861 3646 Flor.
879 3588 984 3646 EFHI
1002 3587 1066 3646 Pel.
1087 3591 1113 3647 1.
1133 3589 1170 3660 2,
1196 3607 1244 3647 mec
1262 3608 1341 3664 aepe·

105 3678 177 3726 ctum
195 3671 271 3742 quid.
288 3669 354 3725 edit.
372 3671 460 3745 princ.
478 3673 549 3730 Ald.
573 3673 610 3730 eL
633 3692 666 3730 me
683 3683 821 3748 aepectum
840 3675 949 3748 quidem
965 3673 1031 3732 Iun.
1068 3673 1198 3749 obtinere]
1216 3675 1296 3733 Flor.
1315 3675 1341 3732 B

106 3752 193 3810 Bem.
212 3754 242 3810 A
260 3755 388 3826 optinere.

192 3835 265 3914 Cep.
285 3839 341 3909 10,
366 3841 391 3912 ς.
411 3841 440 3896 6.
475 3839 540 3898 tien
557 3843 691 3918 eccum't]
717 3843 792 3900 littus
811 3845 929 3902 occurrit
945 3844 1033 3902 Bern.
1051 3844 1077 3901 B
1095 3845 1175 3906 Flet.
1194 3847 1242 3921 H,
1267 3847 1342 3906 litem

106 3923 238 3982 scribitur
254 3924 339 3980 etiem
358 3924 387 3982 in
405 3923 483 3982 Flor.
502 3923 612 3987 CDFI.

190 4010 216 4083 ς.
240 4009 269 4067 7.
303 4027 359 4083 que
376 4012 463 4087 mam]
483 4029 565 4084 quam
581 4030 655 4070 mae.
672 4012 751 4071 Flcr.
768 4012 880 4072 BDEI.

189 4099 215 4166 §a
234 4095 262 4152 8.
296 4096 448 4171 planitiem]
464 4097 611 4169 planiciem
622 4098 709 4155 Bern.
722 4099 780 4157 AB
795 4099 874 4157 Flor.
884 4099 982 4159 BDH.
1017 4104 1157 4178 Pprcmme
1174 4113 1199 4162 et
1214 4104 1341 4183 Cydnus]

105 4179 154 4240 sic
169 4179 256 4238 Bern.
274 4180 306 4238 A
322 4177 402 4240 Flor.
419 4179 508 4240 ΒΕΘ
525 4183 605 4240 Leid.
623 4183 712 4242 Voss.
733 4187 766 4257 1,
784 4184 886 4260 ntiqui
903 4188 1036 4246 Piremuc
1053 4197 1078 4245 et
1098 4188 1220 4260 Oidnue,
1238 4190 1302 4248 Pal.
1321 4191 1339 4248 2

104 4266 146 4323 ed.
164 4285 206 4340 pr.
228 4265 353 4342 Cypreeee,
378 4266 445 4324 item
464 4277 537 4343 poet.
571 4270 674 4345 spatio]
700 4272 793 4344 specio
810 4271 896 4332 Bern.
916 4272 942 4332 B
960 4273 1039 4332 Flor.
1057 4275 1155 4333 BDH.
1189 4278 1339 4353 manantis]

104 4361 255 4410 temnentem
279 4349 366 4408 Bern.
383 4351 443 4410 BH
460 4352 526 4411 Pel.
547 4356 574 4411 1.
593 4355 610 4410 2
638 4355 682 4412 ed.
699 4375 743 4431 pr.
761 4366 909 4415 manentem
934 4377 1022 4436 cupra
1040 4361 1146 4436 scripto
1169 4379 1188 4417 a
1206 4361 1284 4418 Flor.
1302 4360 1339 4418 E.

105 4433 247 4494 Manantie
264 4436 321 4494 iem
339 4437 457 4497 Aldine.

189 4519 214 4593 §-
234 4522 261 4579 9.
294 4525 469 4602 ivecorruptue
490 4526 614 4602 idemque
629 4527 846 4606 fripe'eliseimue]
864 4531 1030 4606 incorruptile
1047 4533 1170 4607 idemque
1184 4532 1339 4607 sripidieei·
