3254 5292
505 407 554 456 nu
582 405 709 457 ossrrs
735 403 846 460 Anax.
874 405 924 474 ιν,
951 403 993 452 rs.
1183 409 1187 416 ·
1328 389 1400 460 123

157 589 332 667 matrab
357 587 546 665 maesse?
571 595 730 664 mutereo
755 589 826 664 iura
850 588 904 664 lu‘c
928 601 1040 662 eruut:
1065 589 1127 664 secl
1149 613 1191 663 ru
1216 604 1403 689 repedave-

157 703 209 778 ris
228 727 297 804 per
322 702 409 792 deos,
435 699 468 775 ei
492 700 576 800 quid
600 701 658 774 att
682 701 733 774 tui
756 697 1069 800 repararentur
1095 712 1161 774 est:
1195 725 1287 793 uum,
1313 703 1403 802 quod

158 827 189 888 et
213 814 299 889 seire
323 824 437 911 apro
463 823 494 884 et
518 836 675 910 quaerere
694 811 816 910 perdet,
842 835 947 885 ousta
972 824 1021 885 est
1045 823 1075 885 et
1099 811 1272 922 domiuus,
1298 825 1329 886 et
1352 813 1403 887 iu

106 945 139 994 ss
158 923 278 999 scarb?
314 922 380 996 llle
411 921 613 1019 quaestioni
640 945 770 1019 corpus
797 921 943 1012 offerre,
970 919 1058 995 deos
1084 931 1196 994 testes
1222 922 1401 1015 invocare,

105 1056 140 1104 ae
158 1047 258 1110 caste
290 1043 485 1130 sancteque
517 1032 678 1104 habitam
711 1057 789 1106 esse
820 1032 990 1130 reginam.
1050 1031 1212 1108 Tandem
1244 1043 1287 1106 ut
1311 1032 1401 1108 fides

157 1147 255 1219 facta
289 1155 360 1236 est,
392 1169 480 1217 vera
514 1168 593 1217 esse
626 1137 717 1240 quae
752 1143 949 1216 affirmaret
974 1142 1113 1242 spado,
1137 1143 1253 1242 capite
1280 1146 1401 1218 velato

161 1255 224 1330 diu
249 1257 359 1344 flevit,
386 1254 687 1350 manantibusque
713 1253 832 1327 adhuc
857 1253 1029 1345 lacrimis,
1056 1265 1159 1328 veste
1185 1257 1232 1329 ab
1259 1281 1322 1329 ore
1346 1283 1400 1330 re·

158 1367 267 1458 iecta,
288 1365 336 1439 ed
362 1367 501 1439 coelum
526 1390 654 1438 manus
680 1364 843 1456 tendens,
868 1363 938 1440 Du·
954 1364 1074 1465 putrui,
1099 1364 1225 1462 inquit,
1246 1368 1402 1466 primum

156 1478 241 1552 mitt
274 1477 412 1552 achilde
445 1501 604 1576 reguum:
640 1477 776 1570 duodo,
810 1478 842 1551 si
875 1477 918 1551 de
942 1503 995 1552 rue
1020 1477 1091 1551 tuoe
1116 1489 1321 1553 eumaeum
1346 1492 1402 1572 est,

151 1613 284 1686 precor,
310 1613 351 1661 ne
378 1588 453 1688 quis
472 1588 588 1687 potius
613 1587 720 1662 Asiae
744 1613 805 1663 reu
829 1589 881 1681 sit,
908 1613 1010 1689 ptum
1035 1589 1095 1663 tate
1121 1601 1191 1662 turn
1215 1588 1322 1664 iustu
1347 1591 1402 1666 lto-

155 1699 225 1790 stis,
251 1710 320 1772 tuot
344 1698 668 1773 memoraretur.

102 1827 149 1874 xl.
261 1807 389 1904 Itaque
421 1833 654 1906 quamquam,
689 1808 823 1881 frustm
857 1833 945 1907 pace
976 1809 1032 1883 bis
1059 1810 1190 1908 petita,
1218 1812 1339 1883 omnia
1363 1812 1451 1885 inte

155 1919 291 1992 bellum
316 1919 464 1992 consilia
489 1928 727 2008 converterat,
749 1920 866 1993 victus
893 1930 1015 1992 tamen
1028 1919 1249 1991 continentia
1274 1920 1400 2012 hostis,

155 2028 204 2102 ad
230 2055 346 2104 novas
372 2030 470 2128 pacis
498 2029 724 2103 condiciones
750 2029 917 2103 serendas
944 2028 1068 2102 decem
1093 2029 1243 2126 legatos,
1270 2055 1400 2128 cogna-

155 2151 278 2212 torum
302 2141 490 2238 principes,
516 2141 633 2244 misit:
670 2164 760 2236 quos
786 2137 1010 2231 Alexander,
1037 2139 1184 2212 oonsilio
1211 2139 1399 2234 advocato,

120 2269 138 2316 a
159 2249 337 2324 introduci
360 2252 474 2324 iussit
526 2249 558 2322 E
584 2251 713 2348 quibus
738 2250 917 2324 maximus
942 2260 1049 2341 natu,
1075 2248 1248 2344 Dareum,
1274 2253 1399 2351 inquit,

158 2363 683 2460 utpoceruutet'umboo
727 2363 818 2437 tortio
858 2375 1000 2460 paura,
1044 2361 1400 2464 nommetur,

191 2527 241 2580 uti
257 2529 306 2596 tur]
324 2527 369 2582 Sic
387 2535 416 2581 et
433 2528 493 2581 edd.
510 2535 576 2580 vett.
596 2536 625 2582 et
641 2527 762 2599 plerique
796 2527 851 2582 lum
869 2543 893 2580 11
910 2529 944 2582 ad
962 2527 1114 2583 Corinthios
1134 2535 1179 2598 13,
1205 2536 1217 2582 1
1238 2535 1324 2582 τοῦτο
1343 2535 1401 2602 τρί-

155 2595 232 2650 codd.
250 2595 342 2650 nostri.
377 2595 410 2650 In
426 2595 618 2650 recentioribus
641 2597 762 2651 editioni-
795 2609 849 2650 ros
873 2603 937 2670 ἔρχο
960 2618 989 2648 αι
1011 2596 1082 2669 πρὸς
1106 2595 1186 2666 ὑμᾶς.
1221 2597 1334 2668 Legitur
1350 2599 1402 2653 hoc

155 2666 205 2717 bus
225 2669 298 2745 (post
314 2663 449 2718 deerum
460 2664 571 2745 opinor)
590 2667 629 2718 tui
646 2667 695 2719 uti
711 2673 761 2733 est,
797 2665 904 2735 quidem
921 2619 978 2719 aliis
995 2682 1102 2737 quoque
1127 2665 1192 2720 locis
1217 2675 1297 2738 supue
1320 2666 1401 2720 etism

156 2733 229 2803 quod
246 2741 385 2788 inventum
401 2743 442 2787 est
458 2753 487 2786 m
504 2733 574 2786 Flor.
592 2733 625 2786 Ε.
795 2733 900 2788 inverso
922 2733 1014 2788 ordine
1040 2739 1138 2787 rotrou
1161 2741 1248 2787 τοῦτο
1279 2735 1307 2787 in
1329 2751 1402 2789 sacru

191 2804 214 2869 §-
233 2808 275 2855 34.
311 2819 344 2854 ne
361 2803 420 2882 quie
434 2803 524 2872 potius
544 2803 628 2856 Asiae
645 2819 691 2856 ree
715 2803 762 2873 sit]
797 2802 937 2884 scriptura,
956 2810 987 2854 ut
1004 2783 1104 2856 videbis
1121 2801 1149 2855 in
1167 2801 1265 2856 Lexico
1276 2803 1401 2856 Schleus-

155 2869 239 2924 Deest
265 2869 294 2923 in
326 2869 405 2924 editis
436 2870 629 2940 exemplaribus
657 2879 764 2991 praeter
797 2887 914 2924 ueneno.
949 2870 1039 2923 Livius
1057 2871 1085 2936 1,
1110 2877 1157 2938 29,
1185 2877 1200 2925 ³
1226 2873 1314 2924 domos
1336 2889 1400 2924 suus

155 2937 310 2992 Modianum
322 2939 422 3008 potius,
441 2939 511 3020 quod
530 2938 581 2991 ium
595 2938 655 2992 addi
675 2939 760 2992 iBer-
793 2939 912 2992 ultimum
930 2941 999 2992 illud
1015 2941 1107 3004 uisuri,
1126 2955 1226 3010 nosque
1243 2939 1314 3009 apud
1332 2937 1400 2992 Cur-

156 3006 278 3060 nensibus
295 3015 324 3059 et
341 3007 501 3061 Florentinis
523 3008 556 3060 ad
578 3025 659 3060 unum
676 3006 759 3061 omni·
794 3007 860 3060 tium
869 3021 899 3072 x,
911 3013 980 3072 lt,8
1000 3009 1079 3060 donec
1097 3025 1114 3058 u
1133 3016 1183 3058 toto
1201 3009 1315 3059 euacua
1333 3009 1402 3060 illud

156 3076 207 3128 bus
224 3075 427 3145 posttulsntibus,
445 3093 494 3129 nec
511 3075 651 3146 quicquam
668 3083 759 3146 potest
792 3077 911 3128 ultiururu
933 3076 1116 3145 persalutatus
1154 3083 1193 3128 est
1227 3073 1400 3128 restituimus.

157 3159 214 3196 esse
232 3142 324 3214 aptius.
353 3143 435 3198 Snak.
453 3161 535 3196 unum
544 3143 647 3198 Vosst
667 3153 758 3197 aucto-
793 3143 879 3207 Quem
896 3143 985 3196 locum
995 3140 1128 3196 Ciceronis
1143 3142 1171 3194 in
1188 3147 1264 3213 epist.
1282 3142 1401 3196 adAtti-

157 3227 213 3264 rem
231 3211 377 3282 scripturae
395 3213 471 3266 huius
489 3211 570 3278 citat,
594 3229 645 3265 nec
668 3221 758 3265 umen
793 3227 854 3264 cum
871 3225 941 3278 xm,
960 3217 993 3264 tt
1013 3209 1163 3264 Gronovius
1180 3211 1208 3264 in
1225 3210 1295 3264 notis
1312 3209 1401 3264 Liris·

156 3279 758 3335 mihifidemaoirateiu.avoss.1sbesse
792 3280 832 3334 uis
850 3280 941 3333 laudm
960 3283 1033 3348 (eaeo
1051 3282 1098 3333 lroc
1109 3281 1250 3350 primum),
1269 3295 1330 3332 eum
1346 3297 1401 3334 non

151 3351 250 3418 potius.
795 3356 868 3403 reete
885 3349 936 3402 huc
953 3347 1059 3414 referri,
1078 3355 1182 3402 mutata
1199 3348 1342 3418 scriptura,
1361 3348 1402 3401 in·

191 3417 258 3488 Cup.
276 3424 321 3486 43,
340 3421 364 3487 ξ.
384 3426 407 3471 1.
433 3419 544 3488 frustra
563 3435 632 3487 poce
655 3419 695 3472 bis
712 3435 761 3487 pe·
796 3417 911 3488 quirenti
929 3417 1083 3488 apparebit,
1111 3425 1235 3488 erratque
1253 3415 1402 3470 Gronovius

157 3487 215 3552 tito]
251 3485 313 3539 Hoc
336 3487 477 3540 verborum
503 3485 595 3540 ordine
613 3503 666 3540 non
682 3487 762 3539 modo
796 3485 877 3539 etism
894 3485 922 3539 in
940 3485 1050 3556 eoquod
1058 3484 1162 3538 Livium
1171 3485 1305 3556 explicans
1322 3486 1401 3552 hunc,

156 3553 231 3607 Leid.
250 3569 329 3624 quem
346 3573 428 3608 unum
446 3553 611 3620 citatSnak,
626 3555 762 3607 sedBern.
798 3571 877 3625 quem
894 3562 1052 3618 tractemus,
1071 3553 1158 3608 Curtii
1176 3553 1262 3608 locum
1280 3555 1319 3607 its
1336 3553 1402 3608 citat

157 3629 187 3674 et
210 3639 300 3676 omnes
323 3622 395 3677 Flor.
422 3622 472 3677 nisi
499 3623 570 3703 quod
596 3623 624 3675 in
649 3621 762 3677 Floro
797 3621 872 3694 qussi
889 3623 925 3676 sit
942 3625 989 3676 too
1007 3623 1117 3676 tertium.
1138 3621 1254 3676 Omnino
1267 3623 1402 3676 luctatio

149 3691 261 3760 sursera
288 3690 432 3759 omittitur3
469 3691 535 3744 editi
558 3699 666 3761 praeter
688 3689 762 3745 Mod.
797 3692 826 3744 in
852 3699 943 3745 nostro
969 3691 1029 3746 loco
1055 3689 1189 3760 singulare
1213 3690 1305 3744 estin
1330 3689 1402 3744 omui

152 3759 342 3828 pucefruura
360 3761 400 3814 bis
412 3762 506 3830 petitu.
794 3758 956 3827 Latinitate,
988 3760 1034 3812 sed
1067 3775 1127 3811 cum
1159 3758 1345 3813 adverbialiter
1373 3765 1402 3812 et

194 3829 216 3894 ς.
235 3833 260 3878 2.
279 3828 332 3880 ium
348 3829 395 3882 loc
412 3831 487 3882 tertio
499 3831 609 3898 peteret]
628 3827 762 3883 Omiserut
796 3829 899 3882 toruum
924 3835 953 3880 et
979 3830 1053 3881 tertio
1089 3827 1238 3897 promiscue
1270 3827 1403 3881 diceretur

156 3893 265 3948 Medius
282 3897 337 3962 loc,
356 3905 437 3968 utque
454 3897 530 3950 abest
547 3914 611 3950 sane
628 3913 644 3950 a
659 3897 760 3950 Vossu
795 3914 846 3968 pro
862 3912 895 3950 eo
912 3896 982 3966 quod
1001 3895 1104 3950 Graece
1121 3903 1163 3949 est
1180 3903 1278 3966 τρίτον
1296 3895 1350 3949 eive
1367 3895 1402 3948 τὸ

155 3961 237 4018 Bern.
255 3963 279 4016 B
297 3972 326 4018 et
343 3964 414 4019 Flor.
434 3964 523 4032 cEH,
542 3964 570 4018 in
587 3965 681 4036 quibus
698 3965 763 4018 item
796 3970 895 4036 τρίτον
911 3973 941 4017 et
959 3963 1116 4018 Gemanica
1141 3979 1194 4034 putu
1213 3967 1301 4020 trllttu
1319 3965 1399 4024 utute,

156 4032 209 4084 s'um
233 4031 398 4087 desideratur
421 4034 447 4086 le
467 4033 572 4104 'turquc
601 4051 618 4086 u
641 4043 665 4087 te
676 4037 762 4094 ‚tertio
796 4041 904 4106 poterat
921 4031 1035 4104 scriptor
1052 4040 1112 4086 tuto
1129 4031 1209 4085 etiam
1227 4035 1274 4086 loo
1291 4040 1338 4086 aut
1356 4033 1402 4086 r'llo
1601 4067 1602 4079 η

156 4101 436 4224 werefi‘ffoeoeiitilss
454 4102 586 4225 &gaunt
596 4117 640 4224 δῖ)
651 4102 764 4224 deterri&
798 4103 883 4224 pertiob
891 4101 1000 4223 dicere&
1020 4100 1211 4223 Nffludufflim
1228 4100 1313 4223 intbis
1331 4101 1403 4182 locu·
1600 4111 1601 4173 l

156 4185 213 4221 mis.
292 4186 306 4222 c
510 4188 571 4224 nov.
642 4187 675 4226 ss.
696 4185 728 4237 11,
812 4187 914 4225 tomus
951 4187 1016 4224 ero
1082 4187 1096 4222 e
1135 4187 1197 4224 vum
1231 4187 1259 4223 es
1307 4187 1403 4223 omlsso

200 4243 250 4291 212
269 4239 310 4290 ed.
329 4189 402 4310 ngi.
428 4236 482 4292 ium
504 4242 551 4292 loe
574 4240 663 4306 tertio,
693 4239 765 4309 quod
799 4241 853 4292 loco
876 4249 923 4293 aut
944 4255 1050 4292 numero
1074 4245 1117 4305 (ut
1138 4237 1255 4292 Gronov.
1278 4237 1306 4291 in
1324 4237 1402 4292 Obss.
1599 4185 1600 4269 l

155 4253 256 4358 &ctum
273 4314 343 4360 essct
360 4325 409 4379 pro
427 4307 476 4362 hsc
493 4307 655 4374 tertiariae,
674 4307 765 4360 defen·
798 4306 943 4378 significat)
966 4309 1012 4360 sed
1034 4323 1128 4361 nomen
1149 4307 1240 4388 potius
1258 4305 1402 4360 substanti-

156 4372 205 4438 dit,
224 4373 371 4446 laudatque
380 4375 516 4430 Valerium
525 4375 648 4429 Flaccmn
663 4378 764 4445 Argon.
798 4393 860 4428 vum
878 4375 996 4429 neutrius
1014 4375 1130 4445 generis,
1152 4377 1180 4428 rd
1197 4377 1266 4446 quod
1285 4373 1402 4428 declara·

157 4447 269 4506 1v‚253
294 4455 435 4497 extrenum
453 4447 499 4498 loc
525 4446 618 4498 uinclis
637 4446 764 4497 inuertere
799 4453 844 4497 tur
869 4445 954 4498 ultera
981 4443 1114 4499 locutione
1136 4447 1183 4498 loc
1201 4451 1248 4496 aut
1266 4445 1334 4497 illud
1350 4452 1402 4495 ter·

151 4509 259 4577 polmus
277 4514 325 4565 dot
333 4513 461 4582 famulis,
480 4521 508 4566 et
525 4512 638 4566 Paulum
648 4512 765 4583 Aposto·
799 4514 862 4566 tium
881 4515 1033 4583 (ulturum).
