3214 5288
584 813 632 917 Q.
671 812 901 899 CURTII
939 815 1096 900 RUFI

816 1023 866 1075 os
899 1015 902 1020 ·

719 1179 972 1248 GESTIS

334 1396 948 1517 lnnxlunar
1004 1394 1337 1515 Maeni

623 1638 752 1696 REGIS
778 1639 1064 1696 MAGEDONUM

741 1827 884 1894 LIBER
901 1828 962 1895 IV.

682 2301 1005 2362 ARGUMENTUM.

294 2547 336 2616 (l)
353 2518 457 2599 Dareus
474 2545 508 2598 ad
526 2544 611 2598 Issum
628 2543 723 2611 vietus,
742 2543 859 2598 collectis
876 2535 1010 2615 copiarum
1027 2543 1152 2616 reliquiis,
1169 2544 1327 2616 Euphraten
1345 2553 1465 2618 superat:

222 2623 375 2677 Alexander
391 2621 566 2676 Parmenione
583 2620 749 2692 coelesyriae
767 2619 915 2692 praesidere
933 2620 1014 2686 iusso,
1031 2619 1194 2675 Phoenicum
1209 2623 1289 2676 urbes
1301 2623 1420 2676 Aradum
1437 2633 1467 2676 et

221 2699 374 2754 Marathum
391 2699 419 2752 in
436 2699 597 2754 deditionem
618 2697 720 2770 accipit.
765 2699 808 2768 (2)
834 2699 878 2752 Ad
896 2697 1049 2752 Marathum
1075 2707 1162 2754 castra
1187 2699 1296 2754 habenti
1318 2700 1467 2754 afferuntur

220 2775 302 2830 Darei
319 2775 425 2830 litterae
442 2777 474 2830 de
491 2775 632 2830 reddendis
649 2775 758 2846 captivis
776 2772 953 2846 societatesque
969 2773 1104 2846 jungenda
1123 2778 1235 2847 superbe
1245 2777 1370 2849 scriptae.
1395 2775 1465 2842 Qui-

221 2855 271 2908 bus
288 2855 429 2925 respondet
443 2852 597 2906 Alexander
610 2849 757 2923 magnifiee,
784 2849 883 2905 crimen
900 2850 963 2906 belli
981 2851 1078 2906 iniuste
1095 2851 1183 2924 coepti
1201 2853 1229 2907 in
1246 2853 1320 2906 illum
1337 2851 1464 2906 reiiciens.

223 2935 264 2998 (3)
282 2929 441 2985 Procedenti
459 2929 553 2984 deinde
571 2930 672 3000 Byblos
685 2936 714 2982 et
723 2928 806 2982 Sidon
823 2929 973 2982 traduntur.
992 2928 1078 2982 Huius
1094 2929 1201 3000 quidem
1218 2930 1290 2985 urbis
1307 2945 1355 2983 rex
1372 2928 1465 2982 Strato

222 3006 354 3078 dignitate
371 3025 400 3062 se
417 3006 539 3062 abdicare
556 3007 671 3075 iubetur,
689 3023 742 3078 qua
758 3023 835 3059 nemo
854 3005 915 3076 ipsis
933 3004 1047 3060 Sidoniis
1064 3005 1169 3076 dignior
1184 3007 1299 3073 videtur,
1317 3023 1395 3077 quam
1408 3005 1465 3058 Ab·

135 3107 143 3116 ·
195 3091 198 3102 '
223 3084 370 3139 dalonimus
387 3085 502 3156 quidam,
520 3102 621 3156 pauper
638 3084 684 3138 sed
702 3099 717 3136 e
734 3081 808 3153 regio
825 3099 930 3152 genere.
957 3086 997 3150 (4)
1015 3082 1052 3149 Is,
1070 3083 1116 3135 diu
1133 3091 1281 3150 cunctatus,
1299 3099 1389 3153 regem
1406 3089 1466 3134 tan·

223 3162 284 3215 dem
301 3179 329 3215 se
346 3161 492 3215 renuntiari
509 3161 623 3232 patitur,
640 3169 670 3214 et
686 3161 720 3214 ab
738 3159 795 3232 ipso
812 3158 966 3214 Alexandro
983 3159 1127 3214 modoetiae
1145 3167 1174 3212 et
1191 3160 1371 3214 continentiae
1388 3175 1467 3213 causa

223 3247 341 3292 ornatur.

293 3317 333 3380 (5)
351 3311 459 3365 Interea
474 3313 604 3382 Amyntas
622 3313 761 3382 transfuga
778 3309 954 3365 cumGraecis
972 3312 1137 3367 mercenariis
1155 3321 1216 3386 post
1233 3329 1349 3383 pugnam
1358 3309 1465 3363 Issicum

224 3387 328 3460 Tripoli
346 3387 472 3458 Cyprum
490 3388 551 3442 inde
568 3388 595 3440 in
612 3391 765 3459 Aegyptum
782 3387 973 3456 transmiserat,
990 3405 1048 3442 eam
1066 3398 1165 3444 terram
1175 3389 1230 3444 sibi
1247 3404 1374 3458 occupare
1390 3386 1464 3439 lesti-

222 3483 296 3519 nans.
332 3463 386 3518 Sed
403 3482 463 3518 cum
480 3463 556 3520 initio
572 3481 615 3519 res
633 3481 757 3536 prospere
773 3463 936 3534 cecidissent,
955 3484 1017 3520 mox
1034 3466 1179 3538 Memphim
1195 3465 1317 3521 obsidens
1334 3480 1387 3516 una
1404 3479 1465 3516 cum

223 3541 276 3594 mis
294 3558 311 3594 a
327 3541 459 3610 praesecto
477 3540 559 3595 Darei
577 3558 666 3596 caesus
683 3549 732 3594 est.
764 3544 806 3612 (6)
824 3541 878 3596 Res
895 3542 923 3596 in
940 3542 1004 3596 Asia
1021 3542 1121 3596 minore
1137 3561 1154 3597 a
1170 3542 1334 3615 praetoribus
1351 3539 1465 3594 Persicis

222 3616 362 3670 inteliciter
379 3617 495 3688 geritur,
518 3617 605 3672 classis
622 3636 686 3672 vero
702 3617 844 3672 Persarum
861 3619 983 3674 Andrum
1000 3619 1182 3691 Siphnumque
1198 3620 1295 3674 insulas
1312 3625 1402 3686 tenet,
1421 3635 1465 3670 m-

223 3691 323 3764 spensis
341 3691 502 3748 Graecorum
519 3703 548 3748 et
565 3693 732 3749 Cretensium
749 3695 841 3749 animis
859 3696 893 3748 ad
910 3704 1035 3749 eventum
1052 3696 1156 3750 maioris
1174 3697 1245 3752 belli.

294 3771 336 3840 (7)
355 3769 439 3840 Tyrii,
457 3770 647 3842 opulentissimi
657 3771 827 3839 Phoenicum,
845 3772 1027 3826 Alexandrum
1034 3772 1145 3826 Herodi
1159 3773 1375 3840 sacrificaturum,
1394 3772 1466 3825 intra

222 3845 325 3901 moenia
343 3847 458 3918 recipere
475 3857 606 3916 recusant,
625 3857 653 3903 et
671 3848 833 3903 obsidionem
850 3850 918 3902 serre
935 3849 1051 3916 malunt,
1070 3851 1113 3921 (8)
1131 3867 1148 3903 a
1164 3850 1310 3906 continenti
1328 3849 1391 3904 satis
1409 3848 1464 3901 lato

222 3925 291 3977 beto
309 3923 438 3996 derempti
456 3933 484 3978 et
502 3925 760 3997 Carthaginiensium
777 3924 876 3981 auxilio
893 3924 962 3978 freti.
989 3929 1029 3992 (9)
1048 3925 1118 3980 Belli
1135 3937 1291 3998 apparatum
1309 3924 1463 3998 expediunt,

222 3999 351 4054 ominibus
369 4001 525 4073 ancipitibus
542 4003 747 4070 confirmantur,
775 4005 959 4057 caduceatores
978 4002 1059 4056 etiam
1076 4003 1227 4057 contraius
1244 4004 1364 4076 gentium
1381 4002 1464 4055 inter-

222 4075 322 4131 ficiunt.
340 4083 397 4146 (10)
416 4079 487 4133 Urbs
505 4078 587 4149 igitur
604 4079 752 4150 oppugnari
769 4087 863 4150 coepta
879 4087 929 4146 est,
948 4079 1073 4148 (extranco
1090 4099 1160 4134 uano
1178 4091 1239 4134 unte
1260 4081 1322 4134 Car.
1334 4089 1389 4133 not.
1400 4081 1463 4144 838)

222 4153 313 4222 moles,
331 4172 399 4226 quae
416 4155 527 4208 insulam
546 4155 691 4210 continenti
709 4156 879 4225 adiungeret,
898 4155 1000 4210 iacitur.
1036 4161 1093 4226 (11)
1112 4156 1145 4210 Id
1162 4175 1238 4228 opus,
1256 4175 1309 4228 quo
1326 4156 1430 4228 longius
1447 4171 1464 4208 a

222 4229 301 4284 litore
318 4231 437 4298 ducitur,
464 4249 495 4286 eo
517 4231 646 4286 difficilius
668 4233 707 4286 lit.
750 4233 885 4288 Adversus
903 4234 1061 4288 incessentes
1080 4233 1176 4303 Tyrios
1194 4233 1265 4288 coria
1282 4234 1465 4289 obtenduntur

222 4307 410 4375 munientibus,
429 4317 515 4362 turres
533 4309 691 4363 excitamur.
734 4309 796 4380 Ipse
813 4327 870 4378 rex,
897 4311 976 4382 copiis
994 4308 1092 4376 divisis,
1119 4319 1237 4381 agrestes
1255 4311 1357 4365 Arabes
1374 4309 1401 4362 in
1418 4307 1464 4360 Li-

221 4386 293 4438 bano
311 4383 490 4454 (Antilibano)
508 4393 599 4438 monte
616 4385 779 4456 aggreditur.
833 4391 891 4454 (12)
926 4387 1033 4441 interea
1052 4386 1137 4454 Tyrii,
1164 4405 1231 4442 nave
1248 4385 1369 4442 oneraria
1385 4383 1464 4438 aridis

223 4460 361 4516 sarmentis
378 4460 487 4533 aliisque
504 4464 582 4516 rebus
600 4461 655 4534 igni
678 4465 825 4536 spargendo
842 4463 941 4518 idoneis
962 4464 1060 4518 referta
1085 4472 1114 4518 et
1139 4465 1173 4518 ad
1200 4465 1296 4519 molem
1321 4459 1464 4534 compulsa,
