3158 5294
256 365 331 436 464
727 387 759 448 Q·
789 385 913 438 cunru
939 387 1024 438 aum

254 569 361 642 mbes
380 591 565 665 agrosque,
590 569 802 659 referebant,
828 592 894 666 per
919 578 975 642 tot
994 579 1130 642 aetates
1157 567 1369 641 inviolatam
1396 565 1507 639 liber-

255 688 367 752 tatem
392 679 484 752 illius
511 681 665 778 primum
690 678 773 753 fidei
799 678 998 778 dicionique
1024 679 1278 778 permissuros:
1311 675 1407 751 deos
1436 677 1506 748 sibi
1557 683 1558 690 ³

161 803 165 813 '
255 787 443 862 deditionis
482 801 664 879 auctores,
708 817 781 865 non
815 802 953 868 metum
960 821 969 883 ;
1001 791 1140 889 ‚quippe
1178 789 1321 864 intactis
1358 788 1505 860 viribus

255 901 375 998 iugum
410 902 583 999 excipere.
636 901 733 992 Rex,
773 903 919 976 consilio
953 903 1095 991 habito,
1135 901 1276 975 deditos
1311 901 1352 972 in
1386 899 1505 972 fidem
1523 919 1543 962 14

254 1012 398 1109 accepit,
426 1011 613 1110 stipendio,
640 1013 736 1110 quod
755 1013 961 1087 Arachosiis
980 1023 1131 1109 utraque
1157 1011 1255 1085 natio
1274 1010 1502 1108 pensitabat,

252 1121 428 1218 imposito.
468 1121 660 1198 Praeterea
678 1147 704 1198 11
722 1127 818 1199 milia
844 1137 924 1220 etn
945 1125 1081 1221 equites
1106 1123 1276 1222 imperat;
1305 1131 1345 1194 et
1372 1121 1501 1193 omnia

255 1232 462 1308 obedienter
497 1257 519 1305 a
552 1234 714 1308 barbaris
755 1237 858 1310 facte
917 1234 1082 1309 invitatis
1122 1231 1250 1308 deinde
1284 1232 1332 1306 sd
1371 1234 1504 1330 epulas
1521 1249 1542 1292 1³

254 1344 380 1442 legatis
406 1344 565 1441 gentium
591 1347 802 1443 regulisque,
829 1347 995 1420 exemeri
1014 1344 1217 1419 convivium
1236 1343 1351 1416 iussit
1412 1341 1504 1417 Cen-

255 1464 333 1527 tum
365 1455 463 1527 eurei
495 1455 577 1528 lecti
609 1456 757 1530 modicis
788 1457 983 1532 intervallis
1011 1456 1119 1554 positi
1145 1465 1264 1544 erunt3
1300 1454 1409 1528 lectis
1440 1456 1504 1528 oir-

256 1563 488 1638 cumdederat
523 1566 666 1658 aulaea,
702 1592 861 1666 purpura
894 1593 1054 1664 auroque
1088 1566 1279 1664 firlgentia;
1324 1565 1505 1664 quicquid

256 1689 319 1751 aut
351 1675 447 1775 apud
473 1675 601 1751 Persas
633 1688 755 1754 vetere
787 1679 892 1769 luxu,
927 1689 990 1752 eut
1021 1677 1118 1777 apud
1149 1674 1369 1750 Macedonas
1403 1703 1506 1750 nova

255 1789 502 1862 immutatione
527 1799 735 1885 corruptum
755 1798 843 1878 erat,
870 1789 1025 1862 confusis
1044 1788 1229 1885 utriusque
1248 1787 1370 1886 gentis
1390 1788 1506 1876 vitiis,

255 1901 293 1974 in
318 1899 378 1972 illo
406 1898 570 1972 conmvio
597 1899 801 1996 ostendens.

207 2013 253 2085 29
359 2009 536 2083 Intererat
568 2011 681 2107 epulis
712 2008 913 2108 Dioxippus
939 2008 1185 2098 Atheniensis,
1224 2007 1322 2106 pugil
1356 2007 1537 2096 nobiliss

256 2133 293 2195 et
324 2121 371 2194 ob
405 2121 571 2193 eximiam
603 2121 775 2195 virtutem
805 2121 934 2194 virium
965 2121 1041 2220 regi
1077 2130 1249 2218 pernotus
1281 2127 1320 2192 et
1360 2131 1506 2218 gratus.

159 2375 168 2390 ¹
255 2377 314 2414 rum
329 2377 389 2414 mss.
407 2377 561 2416 consensum
578 2362 668 2442 sequi,
687 2380 703 2416 s
719 2381 771 2435 quo
788 2381 856 2425 unm
890 2363 994 2415 tatione.
1028 2361 1061 2416 In
1081 2361 1192 2416 mosa
1216 2363 1322 2415 Vosnt
1346 2371 1399 2416 ont
1430 2365 1507 2444 apud

255 2427 362 2482 alono
380 2427 498 2484 discedit.
533 2429 578 2483 Sic
596 2441 677 2484 otram
694 2447 738 2499 111,
758 2439 855 2502 Spar·
888 2429 989 2484 Persas
1012 2440 1093 2484 vetere
1116 2433 1180 2484 loru
1202 2439 1368 2499 comptum,
1398 2432 1507 2484 ommis

250 2513 352 2565 partae
374 2500 477 2552 tunicae
499 2500 611 2552 mediam
628 2501 714 2556 aldran
731 2501 856 2554 intextum
888 2498 1009 2570 reliquis,
1036 2498 1063 2551 le
1083 2499 1143 2552 'tun
1182 2501 1238 2551 Iam
1263 2513 1357 2566 nemo,
1395 2500 1506 2570 opmor,
1557 2501 1558 2542 i

257 2575 321 2617 erat.
888 2567 1048 2621 Macedonas
1089 2566 1153 2621 ersis
1176 2565 1305 2646 praeponi
1329 2566 1427 2634 volet,
1459 2571 1507 2620 sed

291 2638 313 2698 §.
325 2639 365 2688 1³.
399 2635 487 2704 iaytnn
505 2637 631 2708 campere]
663 2635 793 2690 Fleant)
811 2654 855 2690 ao·
889 2643 993 2690 servato
1010 2633 1104 2689 nentis
1128 2635 1221 2689 ordine
1242 2634 1315 2715 prius
1338 2635 1376 2687 de
1398 2637 1506 2689 veteri-

257 2703 349 2771 cipere.
889 2706 945 2764 bus,
966 2703 1061 2757 deinde
1079 2705 1114 2756 de
1132 2703 1206 2757 novis
1225 2703 1284 2756 dici.
1320 2703 1380 2756 Sed
1395 2721 1434 2758 ex
1454 2705 1506 2758 itta

291 2775 312 2836 5.
324 2778 364 2824 14.
416 2773 469 2824 uod
485 2773 640 2828 Arachosiis
649 2804 683 2814 -—
692 2775 842 2844 pensitabat
890 2772 963 2826 libris
988 2790 1058 2826 nova
1077 2773 1220 2826 imitatione
1240 2781 1395 2840 cantatum
1423 2773 1505 2828 sacile

257 2837 320 2893 Non
339 2787 496 2919 estdiotum
508 2843 661 2910 pensitabat
673 2859 726 2922 pro
743 2859 837 2912 eoquo
892 2909 897 2920 Ι
970 2907 998 2920 ..
1188 2910 1194 2920 Ι
1305 2910 1312 2920 Ι

256 2915 299 2962 est
314 2915 445 2978 pensitare
459 2908 564 2964 solebat
577 2909 786 2978 autsolttaerat,
795 2929 856 2964 nam
888 2927 918 2962 m
935 2910 1013 2962 editu
1030 2917 1080 2976 est,
1098 2926 1165 2962 nova
1183 2917 1370 2961 immutatione.
1408 2911 1505 2980 Atque

255 2976 404 3046 refragatur
417 2995 495 3048 quam
511 2979 591 3035 modo
609 2978 795 3059 praedicarunt
809 2997 855 3032 an·
890 2976 926 3031 sio
943 2995 1058 3049 prorsus,
1082 2981 1188 3030 retento
1205 2975 1285 3030 etiam
1302 2985 1399 3030 vetere
1416 2996 1505 3031 mem-

256 3045 330 3124 tiqua
346 3046 462 3101 libertas.
498 3046 548 3099 Est
567 3055 655 3117 potrus
676 3065 724 3118 pro
746 3047 855 3101 coniun-
890 3046 999 3099 brorum
1016 3044 1116 3110 ordine,
1134 3051 1210 3098 extat
1226 3043 1254 3098 in
1270 3043 1376 3097 Flor.1
1395 3063 1429 3100 ac
1450 3047 1505 3100 sor-

257 3119 326 3166 etrvo
338 3116 494 3183 pensitaret,
512 3117 558 3172 sed
571 3115 706 3185 profertur
719 3133 753 3168 ex
766 3123 856 3170 mente
890 3121 960 3166 tasse
977 3113 1005 3166 in
1021 3113 1080 3166 Pal.
1091 3121 1115 3180 1,
1133 3129 1167 3166 ox
1176 3129 1230 3183 quo
1246 3113 1331 3166 solum
1349 3114 1505 3168 imitatione

257 3181 406 3252 scriptoris,
435 3190 530 3253 utpote
551 3185 624 3254 quod
649 3183 766 3238 indicare
790 3180 856 3238 velit
888 3191 1002 3236 notatur.
1038 3181 1124 3236 Porro
1143 3181 1245 3234 Graeca
1261 3181 1348 3235 forms
1366 3181 1504 3238 Macedo·

256 3267 286 3304 re
304 3251 479 3304 versitatum
497 3267 554 3304 osse
571 3252 689 3321 posthac.
713 3252 855 3308 Tributum
889 3269 939 3304 nas
957 3249 1053 3304 nititur
1069 3249 1229 3304 auctoritate
1245 3248 1316 3303 Flos.
1326 3252 1361 3305 A.

256 3317 361 3371 illorum
378 3317 534 3388 populorum
546 3321 710 3376 referebatur
724 3321 759 3372 ad
772 3330 855 3374 satra·
926 3319 1043 3389 eapse,
1063 3323 1087 3386 5.
1102 3324 1141 3372 16.
1177 3319 1207 3370 od
1230 3319 1352 3372 caiatiam
1376 3319 1503 3374 virtutem

257 3385 500 3506 papiMfficqqsiae,
516 3387 559 3506 (qui
568 3387 856 3510 ptirovitrroiqeoxprdrs-
890 3388 985 3508 piriurn
1003 3387 1228 3508 1νερίιὶρῃιέειιεὶ
1256 3384 1311 3466 Qui
1329 3383 1397 3440 libn'
1415 3395 1502 3510 atraeq-

257 3471 574 3601 {tantittt
600 3473 645 3578 ”t
667 3473 777 3596 att
791 3474 856 3578 ‘tt
889 3471 1341 3592 sinitiiibimsiatniddai
1349 3473 1503 3578 titia:

257 3591 315 3641 dius
333 3591 466 3670 imperati:
484 3606 533 3644 nec
548 3607 576 3644 m
604 3592 707 3646 eFlor.
719 3591 759 3646 DI
772 3590 854 3646 Patr
890 3591 995 3646 hibent:
1016 3589 1408 3646 Voss.2Pal.1Bcru.BFlor-.
1466 3595 1500 3646 H.

257 3675 289 3710 ea
307 3675 394 3711 omnia
414 3677 463 3729 pro
486 3659 647 3731 reliquorum
670 3661 796 3715 librorum
818 3662 857 3716 lo·
890 3660 964 3713 Nihil
985 3669 1075 3714 nmen
1096 3658 1157 3714 huic
1178 3657 1299 3712 varietati
1321 3658 1500 3714 tribuendum

257 3725 344 3780 ctione
362 3737 386 3781 et
403 3729 498 3782 omnia.
890 3728 1001 3790 videtur,
1023 3746 1084 3782 narn
1101 3729 1219 3781 uirtutem
1236 3727 1342 3798 quidem
1359 3727 1501 3783 interdum

292 3797 315 3863 §-
326 3802 366 3848 15.
385 3797 457 3850 tectis
467 3799 671 3852 circumdederat
680 3799 787 3868 adasa]
806 3797 857 3850 Le·
891 3812 907 3849 a
932 3797 1021 3850 latinis
1048 3795 1222 3866 scriptoribus
1248 3795 1299 3850 dici
1325 3813 1375 3867 pro
1404 3799 1501 3868 quasis

257 3865 306 3916 atis
331 3873 482 3918 correxerat
505 3865 626 3933 Modus,
659 3865 857 3920 concinentibus
890 3864 1069 3935 praestantia,
1096 3881 1164 3934 quse
1185 3863 1213 3916 in
1235 3863 1291 3934 ipsa
1313 3881 1344 3918 re
1371 3865 1427 3919 sita
1455 3867 1498 3930 sit,

257 3931 332 3984 leid.
350 3931 453 3987 Vosal
479 3933 559 3988 Bern.
574 3937 599 3988 A
626 3935 696 3989 Flor.
711 3938 750 4002 A,
777 3933 858 3988 ceteri
892 3942 985 3988 contra
1002 3933 1133 3988 clericum
1153 3931 1240 3986 Curtii
1262 3941 1450 3988 assumtomm
1473 3947 1500 3988 et

258 3999 318 4053 libri
335 4019 396 4054 mss.
413 4010 442 4055 et
466 4001 529 4058 olim
551 4002 669 4072 impressi
693 4005 778 4082 tectos.
815 4001 858 4056 cf.
891 4001 1046 4055 Perizonius
1076 4001 1114 4081 in·
1134 3999 1263 4080 ¹vindiciis
1296 3995 1436 4056 Curtiauis
1473 4015 1500 4081 et

258 4069 858 4209 attaminans-sta.star?
892 4069 1500 4207 transnatantes

258 4207 323 4274 qnid
343 4215 389 4258 aut
410 4209 482 4274 opud
497 4207 659 4260 diocodonos
682 4223 748 4260 nora
771 4209 856 4261 imita-
897 4209 984 4261 Virtus
996 4208 1104 4277 formae
1120 4206 1192 4276 apud
1201 4203 1325 4260 Plautum
1342 4207 1370 4260 in
1380 4207 1499 4260 Mostalt

258 4276 326 4327 tione
344 4284 390 4327 aut
406 4277 480 4342 apud
496 4275 594 4330 Persas
616 4284 697 4327 uetera
720 4277 783 4328 lusu
800 4293 857 4328 cor·
892 4289 934 4342 nt,
954 4284 978 4342 1,
999 4283 1028 4328 lt
1047 4283 1102 4340 est,
1130 4275 1266 4327 victoriam
1288 4292 1342 4328 non
1364 4291 1499 4329 amorim

258 4353 375 4412 ruptam,
398 4337 513 4414 itemque
530 4341 569 4396 sic
585 4342 655 4396 Flor.
671 4342 730 4406 CF,
752 4351 857 4398 tantum
893 4348 983 4397 decors
1006 4347 1053 4397 sed
1067 4344 1142 4412 serii
1165 4344 1257 4395 virtute
1279 4361 1406 4414 quaerere
1428 4345 1500 4415 apud

258 4412 329 4491 quod
351 4409 378 4464 in
395 4411 435 4465 his
456 4419 517 4480 post
534 4411 614 4464 verbs
631 4423 713 4466 vetere
731 4413 794 4466 tana
811 4413 857 4466 ad-
893 4411 1024 4466 lustinum
1041 4425 1108 4476 xut,
1128 4417 1169 4475 13,
1188 4417 1216 4462 et
1233 4409 1361 4464 historiae
1376 4413 1500 4467 vinoun

257 4479 344 4534 iacitur
360 4478 440 4536 etism
457 4480 569 4534 alterum
590 4478 656 4534 illud
677 4498 743 4535 nova
766 4483 857 4536 inmu-
892 4477 1500 4552 i.e.praesnntismuibuitsdlustiusin1ug.a

890 2840 983 2911 aliquis
999 2839 1178 2911 recipiendum
1194 2839 1300 2910 putabit
1317 2857 1370 2910 pro
1385 2842 1505 2913 eoquod
