3158 5294
258 344 330 414 486
725 361 758 423 o.
787 360 912 415 cunrn
936 361 1021 412 surr

255 548 333 646 gius
369 548 404 619 in
431 543 614 621 Oceanum
639 548 833 645 procedere
866 547 1034 638 iusserat,
1069 547 1340 644 superveniunt.
1408 548 1505 622 Nun·
1520 572 1535 614 r

255 661 392 732 tiabant
410 669 529 732 autem
553 658 727 756 quaedam
754 657 886 748 audita,
913 657 983 729 alia
1000 668 1201 757 comperta:
1228 659 1394 732 insulam
1413 663 1504 734 ostio

256 772 369 845 amnis
396 770 591 842 subiectam
609 795 696 843 auro
723 767 915 859 abundare,
941 767 1085 866 inopem
1103 794 1276 866 equorrnn
1302 796 1410 844 esse:
1440 775 1504 844 sin·

254 883 357 980 gulos
385 907 446 958 eos
473 881 518 952 ab
544 881 604 969 iis,
631 881 691 977 qui
718 907 764 952 ex
791 880 986 953 continenti
1013 881 1175 952 traiicere
1200 879 1405 974 auderent,
1441 885 1504 955 sin·

255 994 346 1093 gulis
382 993 524 1066 talentis
563 993 641 1066 emi.
704 992 855 1064 Plenum
893 1015 972 1064 esse
1014 991 1201 1064 beluarum
1236 1016 1360 1066 mare:
1403 1007 1503 1067 aestu
1518 1015 1535 1058 r:

256 1103 413 1180 secundo
453 1129 513 1177 eas
553 1106 637 1178 ferri
668 1127 878 1200 magnarum
918 1101 1065 1175 navium
1105 1127 1254 1201 corpora
1287 1117 1504 1199 aequantes

254 1217 344 1290 truci
371 1223 478 1289 cantu
504 1215 691 1288 deterritas
724 1214 823 1311 sequi
850 1215 1018 1304 classem,
1053 1239 1134 1286 cum
1164 1239 1297 1311 magno
1332 1217 1503 1312 aequoris

256 1327 423 1424 strepitu,
458 1327 559 1398 velut
595 1325 760 1398 demersa
798 1326 960 1423 navigia,
993 1325 1131 1398 subisse
1172 1349 1297 1420 aquas.
1375 1324 1503 1401 Cetera
1518 1349 1535 1392 1³

254 1438 378 1512 incolis
406 1435 640 1526 crediderant,
666 1437 759 1508 inter
786 1460 887 1537 quae,
913 1434 1076 1508 Rubrum
1102 1459 1199 1508 mare
1224 1460 1301 1507 non
1330 1463 1358 1510 a
1387 1441 1503 1512 colore

255 1546 446 1637 undarum,
481 1558 522 1618 ut
546 1547 705 1645 plerique
732 1545 933 1636 crederent,
973 1545 1038 1617 sed
1064 1547 1110 1620 ab
1135 1544 1295 1644 Erythro
1323 1573 1423 1648 rege
1451 1577 1504 1649 ap

254 1657 393 1756 pellari:
429 1681 508 1731 csse
533 1656 631 1731 haud
664 1659 790 1756 procul
815 1682 838 1730 a
864 1657 1059 1729 continenti
1093 1657 1244 1730 insulam
1270 1659 1415 1755 palmis
1444 1663 1504 1734 fre
1520 1683 1536 1726 ι,

254 1769 444 1866 quentibus
479 1766 667 1858 consitam,
712 1778 749 1842 et
780 1769 817 1841 in
849 1766 966 1841 medio
1000 1768 1074 1842 fere
1105 1791 1251 1840 nemore
1290 1770 1506 1845 columnam
1550 1839 1551 1854 ,

255 1879 425 1970 eminere,
468 1877 615 1977 Erythri
649 1880 743 1977 regis
777 1889 1065 1968 monumentum,
1080 1915 1082 1920 ·
1099 1877 1225 1951 litteris
1261 1882 1395 1976 gentis
1435 1887 1505 1958 eius

254 1991 432 2089 scriptam.
490 1989 731 2081 Adiiciebant,
762 1990 920 2086 navigia,
958 2014 1049 2086 quae
1080 1991 1172 2062 linas
1203 2003 1505 2092 mercatoresque
1519 1991 1551 2060 22!

254 2104 454 2191 rexissent,
485 2101 617 2173 famam
648 2103 725 2176 auri
757 2101 888 2175 secutis
922 2101 1236 2198 gubernatoribus,
1268 2101 1310 2174 in
1344 2103 1505 2179 insulam

255 2237 333 2288 esse
359 2215 582 2304 transmissa,
609 2239 675 2287 nec
701 2211 829 2287 deinde
856 2213 901 2285 ab
928 2213 982 2284 his
1008 2222 1136 2310 postea
1161 2211 1247 2286 visa.
1305 2212 1415 2306 Rex,
1453 2236 1534 2290 cor

255 2323 449 2424 gnoscendi
484 2324 588 2420 plura
618 2324 782 2423 cupidine
809 2347 994 2414 accensus,
1027 2348 1151 2396 mrsus
1186 2347 1247 2396 eos
1282 2334 1435 2400 terram
1463 2331 1503 2401 le

253 2459 337 2532 gere
363 2435 478 2522 iubet,
514 2431 627 2506 donec
653 2434 700 2507 ad
725 2434 918 2532 Euphratis
954 2435 1045 2506 ostia
1071 2434 1293 2533 appellerent
1326 2437 1504 2528 classem

254 2543 337 2618 inde
364 2543 517 2616 adverso
544 2569 647 2618 amne
673 2544 861 2644 Babylona
886 2545 1078 2619 subituros.

253 2815 330 2868 chum
356 2831 371 2866 a
396 2813 473 2866 litere
499 2813 576 2866 maris
593 2813 739 2868 ascendisse
764 2811 856 2866 relicta
888 2812 959 2865 vium
977 2811 1011 2865 ad
1028 2811 1086 2865 Lis.
1105 2827 1148 2878 rs,
1177 2817 1223 2877 15,
1251 2819 1315 2866 tet
1332 2829 1437 2882 xxrx,
1468 2825 1503 2876 15,

253 2884 335 2937 classe
359 2891 387 2935 et
412 2883 445 2933 ad
464 2880 643 2936 Alexandrum
669 2881 696 2934 in
715 2881 856 2935 Carmania
889 2891 903 2935 s
930 2899 947 2934 a
963 2897 1005 2933 me
1031 2880 1167 2936 laudatum
1183 2880 1211 2933 in
1229 2878 1276 2934 Gr.
1303 2880 1371 2936 Lat.
1402 2887 1427 2952 ξ.
1449 2893 1503 2948 119,

253 2960 376 3022 agentem
393 2951 495 3002 venisse
512 2950 600 3005 tradit.
888 2949 934 3002 sed
951 2949 1056 3018 ineptus
1074 2958 1143 3002 esset
1159 2947 1203 3019 qni
1222 2965 1322 3018 negare
1336 2951 1431 3005 vellet
1450 2972 1503 3006 rer-

287 3023 309 3088 5.
339 3028 378 3072 11.
414 3020 530 3087 stapulas
557 3037 599 3071 eos
624 3019 657 3071 ab
684 3019 728 3084 iis]
764 3016 854 3138 Vulgo
888 3018 950 3070 bum
968 3017 1034 3071 illud
1050 3016 1184 3070 numerale
1200 3016 1279 3070 etiam
1298 3017 1340 3070 bis
1360 3021 1444 3091 peni.

253 3107 307 3142 non
331 3105 372 3140 eos
398 3086 499 3150 editur,
526 3087 573 3138 sed
595 3104 686 3156 equos,
712 3085 854 3140 iniucuna
920 3091 1004 3152 9-12.
1024 3088 1311 3152 trucicantudeterrl
1337 3087 1448 3143 Strabo
1465 3106 1502 3142 xv

252 3155 411 3226 repetitione
420 3163 447 3207 et
461 3153 593 3207 codicibus
603 3163 729 3224 quantum
742 3152 854 3223 cognovi
887 3172 912 3224 p.
932 3159 980 3207 725
1006 3151 1243 3220 ἀποσοβηθένταε
1269 3159 1303 3224 τῇ
1324 3165 1440 3230 κραυγῇ
1460 3165 1501 3210 καὶ

253 3223 373 3277 omnibus
390 3222 486 3276 invitis.
520 3223 589 3274 Tum
607 3225 640 3274 ub
659 3225 693 3274 iis
711 3222 809 3291 legitur
826 3221 853 3275 in
889 3227 921 3294 τῇ
942 3221 1071 3293 σάλπιγγι
1086 3220 1336 3276 ἀπαλλάττεσθαι·
1355 3235 1402 3279 est
1420 3214 1501 3295 igitur
1550 3257 1551 3288 5

250 3292 403 3356 Flor.A(et
411 3291 471 3344 sort.
481 3289 599 3356 inLcid.)
608 3289 701 3360 reliqui
711 3307 774 3343 vero
783 3289 854 3343 codi-
889 3299 981 3344 cantus
1000 3290 1084 3362 qualis
1105 3291 1234 3344 excitatur
1255 3309 1315 3345 eum
1334 3294 1410 3349 acies
1440 3313 1500 3348 nnn·
1550 3307 1551 3310 ’

251 3377 293 3413 ecs
311 3361 401 3426 obdis,
420 3367 523 3410 tantum
538 3359 607 3438 qnod
616 3357 718 3410 Flor.B
736 3357 853 3410 etBern.
889 3367 1004 3412 currunt
1039 3358 1139 3412 Eadem
1157 3359 1284 3414 Arrianus
1310 3361 1340 3414 in
1358 3365 1465 3418 Indicis
1481 3383 1499 3417 c.

251 3430 276 3480 Α
294 3445 333 3506 pr.
344 3445 377 3478 m.
395 3429 428 3478 ab
446 3427 496 3478 uia
507 3427 633 3491 scribunt,
651 3439 680 3478 et
688 3425 771 3478 verba
779 3428 811 3478 ab
821 3428 853 3479 iis
889 3433 921 3482 30
939 3427 1029 3480 tradit.

251 3503 377 3548 omrttunt
394 3493 464 3546 Flor.
482 3492 531 3546 DI.
557 3493 642 3546 Porro
659 3493 762 3546 addunt
778 3493 854 3548 multi
921 3497 945 3563 ξ.
966 3503 1005 3548 13.
1036 3496 1069 3548 ub
1087 3494 1202 3564 Erythro
1219 3497 1291 3576 repe]
1321 3497 1420 3569 Vulgo
1430 3503 1499 3558 Err-

251 3562 352 3617 codices
369 3568 429 3631 post
447 3578 488 3614 cos
507 3571 683 3630 corrqrrereraat
691 3559 766 3613 Leid.
775 3561 852 3616 Voss.
887 3565 954 3628 erra,
973 3573 1000 3616 ct
1016 3562 1121 3617 infraE
1152 3567 1225 3618 lirae
1242 3565 1342 3618 editur:
1362 3583 1419 3637 ego
1438 3557 1499 3622 milr

254 3640 263 3682 1
285 3631 365 3684 Bern.
392 3631 417 3682 A
435 3629 506 3682 Flor.
533 3629 556 3680 Α
584 3630 789 3698 (compeperant)
816 3629 851 3696 G,
886 3632 961 3686 codd.
985 3631 1056 3686 Flor.
1083 3640 1111 3685 ct
1160 3633 1308 3686 emensium
1335 3651 1498 3690 consanam

252 3707 333 3778 atque
351 3698 470 3751 ediderat
487 3697 525 3751 sic
543 3697 656 3751 Medius.
693 3697 777 3761 Quem
796 3696 852 3752 imi-
887 3701 1048 3834 sequendum
1057 3700 1154 3771 putavi.
1171 3699 1240 3754 Vide
1248 3703 1499 3771 suprsadvrrr,8[·.

252 3777 303 3820 tarr
321 3767 391 3846 nolui
401 3775 539 3847 propterea
549 3767 628 3847 quod,
648 3783 706 3820 cum
724 3777 852 3866 (rouperto
939 3775 1011 3821 .1t.
1055 3785 1109 3822 csse
1141 3771 1311 3849 transmisso]
1367 3771 1499 3854 Plerique

252 3836 853 3982 liuilorli‘llipilinilssalileilaei
886 3835 1499 3978 bittmfflttttl‘*littubttt
1550 3947 1551 3960 .

252 3980 331 4052 neten
357 3971 416 4024 lrbri
434 3970 505 4050 Flor.
524 3971 649 4042 imprimis
674 3971 727 4050 cui¹
741 3971 853 4024 multum
887 3971 991 4042 scripsit
1007 3989 1101 4042 parum
1119 3985 1238 4028 accurate
1274 3977 1418 4032 renomine
1437 3998 1498 4033 usn
1550 4009 1551 4040 ;

252 4041 340 4092 trrbuo
365 4039 468 4092 cod.B
496 4039 560 4092 rllnd
585 4041 694 4093 verbum
720 4049 852 4109 ignorant.
887 4047 938 4104 est,
955 4041 1141 4120 oumldcberet
1159 4061 1175 4095 a
1193 4061 1229 4096 se.
1288 4043 1415 4112 xistima,
1434 4050 1497 4102 scri·
1550 4049 1551 4090 ἓ

253 4108 379 4188 Ceterum
396 4108 467 4176 quod
475 4107 547 4186 Petp.
561 4107 727 4188 Burmannus
744 4107 853 4188 adVel3
887 4116 987 4178 ptorem
1019 4117 1153 4164 mstrtutue
1179 4111 1308 4166 orationis
1336 4113 1456 4168 oblitum
1482 4135 1495 4168 e

251 4176 330 4254 lerum
348 4174 393 4228 lrb.
403 4189 431 4227 rr.
448 4192 471 4255 p.
484 4183 514 4229 10
529 4194 554 4228 m
565 4192 637 4246 seqq.
651 4177 763 4254 srnpydcs
771 4175 853 4230 delen
886 4193 934 4230 sua
950 4193 1070 4247 persona,
1093 4178 1205 4258 utilsera
1222 4181 1391 4250 grammatici
1409 4185 1496 4238 ditem

252 4243 347 4323 voluit,
374 4259 498 4314 quomam
520 4244 611 4323 cadem
635 4261 687 4296 vox
708 4260 760 4296 ram
777 4259 852 4314 prae·
886 4243 989 4310 solent,
1016 4245 1066 4299 boc
1087 4248 1225 4302 addidisse.
1265 4249 1320 4302 Sed
1342 4251 1426 4306 Ber-n.
1448 4255 1496 4306 AB

251 4319 382 4391 cessisset,
418 4327 507 4392 verum
557 4311 644 4391 prdem
668 4319 714 4390 est·
742 4329 851 4391 numero
886 4312 957 4366 Flor.
977 4311 1112 4368 Gabiis.

251 4380 346 4462 pluralr
364 4382 534 4459 tqlcntaseam
571 4380 852 4434 stnbuendrratrouem
921 4383 1323 4463 §÷16.udlluplrrutbostm]
1358 4387 1432 4444 Post
1450 4392 1495 4444 nl-

251 4450 404 4524 significan,
427 4447 851 4524 quarantianum·
886 4449 948 4504 dum
974 4450 1054 4522 vulgo
1071 4452 1171 4506 aditum
1196 4461 1238 4508 est
1264 4457 1303 4508 erl
1318 4455 1494 4524 Euphraten,
