<?xml version="1.0" encoding="UTF-8"?>
<!DOCTYPE html PUBLIC "-//W3C//DTD XHTML 1.0 Transitional//EN"
    "http://www.w3.org/TR/xhtml1/DTD/xhtml1-transitional.dtd">
<html xmlns="http://www.w3.org/1999/xhtml" xml:lang="en" lang="en">
 <head>
  <title>
</title>
<meta http-equiv="Content-Type" content="text/html;charset=utf-8" />
  <meta name='ocr-system' content='tesseract 3.04.00' />
  <meta name='ocr-capabilities' content='ocr_page ocr_carea ocr_par ocr_line ocrx_word'/>
</head>
<body>
  <div class='ocr_page' id='page_1' title='image "./qcurtiirufidege00zumpgoog_0378.png"; bbox 0 0 3268 5286; ppageno 0'>
   <div class='ocr_carea' id='block_1_1' title="bbox 537 359 1401 452">
    <p class='ocr_par' dir='ltr' id='par_1_1' title="bbox 537 359 1401 452">
     <span class='ocr_line' id='line_1_1' title="bbox 537 359 1401 452; baseline -0.005 -17"><span class='ocrx_word' id='word_1_1' title='bbox 537 382 586 435; x_wconf 85' lang='lat' dir='ltr'>ns</span> <span class='ocrx_word' id='word_1_2' title='bbox 613 383 740 438; x_wconf 78' lang='lat' dir='ltr'>onnus</span> <span class='ocrx_word' id='word_1_3' title='bbox 766 383 875 436; x_wconf 74' lang='lat' dir='ltr'>snex.</span> <span class='ocrx_word' id='word_1_4' title='bbox 901 382 964 452; x_wconf 85' lang='lat' dir='ltr'>vu,</span> <span class='ocrx_word' id='word_1_5' title='bbox 990 379 1032 427; x_wconf 82' lang='lat'>41.</span> <span class='ocrx_word' id='word_1_6' title='bbox 1328 359 1401 432; x_wconf 87' lang='grc'>349</span> 
     </span>
    </p>
   </div>
   <div class='ocr_carea' id='block_1_2' title="bbox 116 564 1453 2566">
    <p class='ocr_par' dir='ltr' id='par_1_2' title="bbox 116 564 1453 2566">
     <span class='ocr_line' id='line_1_2' title="bbox 165 564 1405 671; baseline -0.002 -30"><span class='ocrx_word' id='word_1_7' title='bbox 165 564 380 668; x_wconf 67' lang='lat' dir='ltr'>Repetendo</span> <span class='ocrx_word' id='word_1_8' title='bbox 405 593 490 668; x_wconf 76' lang='lat' dir='ltr'>quoe</span> <span class='ocrx_word' id='word_1_9' title='bbox 516 570 614 643; x_wconf 73' lang='lat' dir='ltr'>ceteri</span> <span class='ocrx_word' id='word_1_10' title='bbox 638 571 903 671; x_wconf 77' lang='lat' dir='ltr'>derpmaverunt,</span> <span class='ocrx_word' id='word_1_11' title='bbox 929 567 1052 642; x_wconf 84' lang='lat' dir='ltr'>Asiam</span> <span class='ocrx_word' id='word_1_12' title='bbox 1078 567 1296 641; x_wconf 72' lang='lat' dir='ltr'>indemnem</span> <span class='ocrx_word' id='word_1_13' title='bbox 1316 577 1405 666; x_wconf 86' lang='lat' dir='ltr'>pote·</span> 
     </span>
     <span class='ocr_line' id='line_1_3' title="bbox 116 676 1405 783; baseline -0.001 -32"><span class='ocrx_word' id='word_1_14' title='bbox 116 695 146 742; x_wconf 88' lang='lat'>11</span> <span class='ocrx_word' id='word_1_15' title='bbox 166 691 256 752; x_wconf 82' lang='lat' dir='ltr'>stote.</span> <span class='ocrx_word' id='word_1_16' title='bbox 307 676 450 754; x_wconf 71' lang='lat' dir='ltr'>Evadite</span> <span class='ocrx_word' id='word_1_17' title='bbox 476 681 513 754; x_wconf 83' lang='lat' dir='ltr'><strong><em>m</em></strong></span> <span class='ocrx_word' id='word_1_18' title='bbox 538 706 708 774; x_wconf 80' lang='lat' dir='ltr'>rumorem,</span> <span class='ocrx_word' id='word_1_19' title='bbox 734 681 824 783; x_wconf 79' lang='lat' dir='ltr'>quod</span> <span class='ocrx_word' id='word_1_20' title='bbox 847 707 923 756; x_wconf 83' lang='lat' dir='ltr'>oum</span> <span class='ocrx_word' id='word_1_21' title='bbox 948 681 1113 778; x_wconf 65' lang='lat' dir='ltr'>reperite,</span> <span class='ocrx_word' id='word_1_22' title='bbox 1144 677 1300 754; x_wconf 74' lang='lat' dir='ltr'>cmrdidm</span> <span class='ocrx_word' id='word_1_23' title='bbox 1324 676 1405 751; x_wconf 74' lang='lat' dir='ltr'>velo</span> 
     </span>
     <span class='ocr_line' id='line_1_4' title="bbox 165 788 1405 894; baseline 0 -30"><span class='ocrx_word' id='word_1_24' title='bbox 165 790 299 890; x_wconf 64' lang='lat' dir='ltr'>mpetum</span> <span class='ocrx_word' id='word_1_25' title='bbox 323 790 408 864; x_wconf 75' lang='lat' dir='ltr'>milri</span> <span class='ocrx_word' id='word_1_26' title='bbox 432 791 571 866; x_wconf 71' lang='lat' dir='ltr'>emon:</span> <span class='ocrx_word' id='word_1_27' title='bbox 596 819 654 894; x_wconf 69' lang='lat' dir='ltr'>epo</span> <span class='ocrx_word' id='word_1_28' title='bbox 680 795 784 894; x_wconf 78' lang='lat' dir='ltr'>copiis</span> <span class='ocrx_word' id='word_1_29' title='bbox 810 793 951 868; x_wconf 75' lang='lat' dir='ltr'>admotis</span> <span class='ocrx_word' id='word_1_30' title='bbox 976 793 1097 868; x_wconf 76' lang='lat' dir='ltr'>torrem</span> <span class='ocrx_word' id='word_1_31' title='bbox 1119 792 1156 865; x_wconf 83' lang='lat' dir='ltr'>in</span> <span class='ocrx_word' id='word_1_32' title='bbox 1180 814 1241 864; x_wconf 85' lang='lat' dir='ltr'>ms</span> <span class='ocrx_word' id='word_1_33' title='bbox 1267 815 1290 863; x_wconf 87' lang='lat' dir='ltr'><em>a</em></span> <span class='ocrx_word' id='word_1_34' title='bbox 1315 788 1405 864; x_wconf 79' lang='lat' dir='ltr'>vodis</span> 
     </span>
     <span class='ocr_line' id='line_1_5' title="bbox 116 901 1404 1006; baseline -0.002 -30"><span class='ocrx_word' id='word_1_35' title='bbox 116 919 147 966; x_wconf 79' lang='lat'>12</span> <span class='ocrx_word' id='word_1_36' title='bbox 168 914 364 976; x_wconf 81' lang='lat' dir='ltr'>convertam.</span> <span class='ocrx_word' id='word_1_37' title='bbox 420 901 616 978; x_wconf 78' lang='lat' dir='ltr'><strong><em>Praemium</em></strong></span> <span class='ocrx_word' id='word_1_38' title='bbox 652 906 715 980; x_wconf 74' lang='lat' dir='ltr'>emt</span> <span class='ocrx_word' id='word_1_39' title='bbox 744 907 790 997; x_wconf 84' lang='lat' dir='ltr'>ei,</span> <span class='ocrx_word' id='word_1_40' title='bbox 830 906 888 1006; x_wconf 86' lang='lat' dir='ltr'>qm&#39;</span> <span class='ocrx_word' id='word_1_41' title='bbox 919 903 1057 1005; x_wconf 70' lang='lat' dir='ltr'>primm</span> <span class='ocrx_word' id='word_1_42' title='bbox 1092 902 1300 1002; x_wconf 77' lang='lat' dir='ltr'>ocmtpuoem&#39;t</span> <span class='ocrx_word' id='word_1_43' title='bbox 1334 924 1404 974; x_wconf 88' lang='lat' dir='ltr'>ver·</span> 
     </span>
     <span class='ocr_line' id='line_1_6' title="bbox 168 1012 1404 1116; baseline 0.001 -29"><span class='ocrx_word' id='word_1_44' title='bbox 168 1012 276 1106; x_wconf 72' lang='lat' dir='ltr'>tinent,</span> <span class='ocrx_word' id='word_1_45' title='bbox 314 1013 435 1088; x_wconf 83' lang='lat' dir='ltr'>talentu</span> <span class='ocrx_word' id='word_1_46' title='bbox 460 1039 496 1108; x_wconf 88' lang='lat' dir='ltr'>x,</span> <span class='ocrx_word' id='word_1_47' title='bbox 530 1041 596 1090; x_wconf 83' lang='lat' dir='ltr'>uuo</span> <span class='ocrx_word' id='word_1_48' title='bbox 628 1015 740 1091; x_wconf 79' lang='lat' dir='ltr'>mimus</span> <span class='ocrx_word' id='word_1_49' title='bbox 765 1018 916 1116; x_wconf 70' lang='lat' dir='ltr'>accipter,</span> <span class='ocrx_word' id='word_1_50' title='bbox 948 1016 1008 1116; x_wconf 80' lang='lat' dir='ltr'>qm&#39;</span> <span class='ocrx_word' id='word_1_51' title='bbox 1034 1018 1214 1115; x_wconf 70' lang='lat' dir='ltr'>protimus</span> <span class='ocrx_word' id='word_1_52' title='bbox 1248 1015 1280 1088; x_wconf 86' lang='lat' dir='ltr'>ei</span> <span class='ocrx_word' id='word_1_53' title='bbox 1311 1037 1404 1089; x_wconf 85' lang='lat' dir='ltr'>oem-</span> 
     </span>
     <span class='ocr_line' id='line_1_7' title="bbox 166 1123 1405 1227; baseline 0.003 -30"><span class='ocrx_word' id='word_1_54' title='bbox 166 1123 221 1216; x_wconf 84' lang='lat' dir='ltr'>rit,</span> <span class='ocrx_word' id='word_1_55' title='bbox 248 1124 428 1226; x_wconf 81' lang='lat' dir='ltr'>eadernque</span> <span class='ocrx_word' id='word_1_56' title='bbox 463 1128 510 1202; x_wconf 86' lang='lat' dir='ltr'>ad</span> <span class='ocrx_word' id='word_1_57' title='bbox 543 1128 654 1202; x_wconf 81' lang='lat' dir='ltr'>derum</span> <span class='ocrx_word' id='word_1_58' title='bbox 687 1128 834 1204; x_wconf 75' lang='lat' dir='ltr'>homiues</span> <span class='ocrx_word' id='word_1_59' title='bbox 867 1129 1050 1204; x_wconf 80' lang='lat' dir='ltr'>smuubr&#39;mr</span> <span class='ocrx_word' id='word_1_60' title='bbox 1086 1127 1207 1227; x_wconf 78' lang='lat' dir='ltr'>portio.</span> <span class='ocrx_word' id='word_1_61' title='bbox 1271 1123 1405 1202; x_wconf 79' lang='lat' dir='ltr'><strong><em>Certum</em></strong></span> 
     </span>
     <span class='ocr_line' id='line_1_8' title="bbox 167 1237 1405 1338; baseline -0.001 -28"><span class='ocrx_word' id='word_1_62' title='bbox 167 1248 276 1310; x_wconf 72' lang='lat' dir='ltr'>aedem</span> <span class='ocrx_word' id='word_1_63' title='bbox 305 1237 421 1330; x_wconf 78' lang='lat' dir='ltr'>tabeo,</span> <span class='ocrx_word' id='word_1_64' title='bbox 455 1265 513 1314; x_wconf 85' lang='lat' dir='ltr'>vos</span> <span class='ocrx_word' id='word_1_65' title='bbox 544 1265 611 1314; x_wconf 82' lang='lat' dir='ltr'>mon</span> <span class='ocrx_word' id='word_1_66' title='bbox 641 1253 709 1314; x_wconf 84' lang='lat' dir='ltr'>tum</span> <span class='ocrx_word' id='word_1_67' title='bbox 740 1241 962 1315; x_wconf 73' lang='lat' dir='ltr'>leberalitotmu</span> <span class='ocrx_word' id='word_1_68' title='bbox 993 1239 1115 1323; x_wconf 77' lang='lat' dir='ltr'><strong><em>mmmm</em></strong></span> <span class='ocrx_word' id='word_1_69' title='bbox 1144 1263 1268 1329; x_wconf 77' lang='lat' dir='ltr'>omum,</span> <span class='ocrx_word' id='word_1_70' title='bbox 1302 1261 1405 1338; x_wconf 81' lang='lat' dir='ltr'>quum</span> 
     </span>
     <span class='ocr_line' id='line_1_9' title="bbox 167 1349 375 1424; baseline -0.005 -2"><span class='ocrx_word' id='word_1_71' title='bbox 167 1349 375 1424; x_wconf 75' lang='lat' dir='ltr'>volmuateru.</span> 
     </span>
     <span class='ocr_line' id='line_1_10' title="bbox 117 1458 1453 1561; baseline 0.004 -35"><span class='ocrx_word' id='word_1_72' title='bbox 117 1479 148 1526; x_wconf 82' lang='lat' dir='ltr'>rs</span> <span class='ocrx_word' id='word_1_73' title='bbox 269 1458 335 1532; x_wconf 92' lang='lat' dir='ltr'>His</span> <span class='ocrx_word' id='word_1_74' title='bbox 362 1460 488 1534; x_wconf 80' lang='lat' dir='ltr'>animis</span> <span class='ocrx_word' id='word_1_75' title='bbox 514 1485 636 1559; x_wconf 86' lang='lat' dir='ltr'>regem</span> <span class='ocrx_word' id='word_1_76' title='bbox 660 1462 869 1554; x_wconf 85' lang='lat' dir='ltr'>audierunt,</span> <span class='ocrx_word' id='word_1_77' title='bbox 909 1476 951 1538; x_wconf 85' lang='lat' dir='ltr'>ut</span> <span class='ocrx_word' id='word_1_78' title='bbox 975 1464 1046 1537; x_wconf 83' lang='lat' dir='ltr'>iam</span> <span class='ocrx_word' id='word_1_79' title='bbox 1073 1464 1208 1561; x_wconf 81' lang='lat' dir='ltr'>cepisse</span> <span class='ocrx_word' id='word_1_80' title='bbox 1234 1461 1453 1534; x_wconf 78' lang='lat' dir='ltr'>verticemtt</span> 
     </span>
     <span class='ocr_line' id='line_1_11' title="bbox 167 1569 1405 1672; baseline 0 -28"><span class='ocrx_word' id='word_1_81' title='bbox 167 1569 382 1644; x_wconf 87' lang='lat' dir='ltr'>viderentur.</span> <span class='ocrx_word' id='word_1_82' title='bbox 441 1570 657 1672; x_wconf 88' lang='lat' dir='ltr'>Dimissique</span> <span class='ocrx_word' id='word_1_83' title='bbox 690 1575 825 1650; x_wconf 85' lang='lat' dir='ltr'>ferreos</span> <span class='ocrx_word' id='word_1_84' title='bbox 860 1601 1007 1666; x_wconf 73' lang='lat' dir='ltr'>euersor,</span> <span class='ocrx_word' id='word_1_85' title='bbox 1057 1601 1147 1672; x_wconf 86' lang='lat' dir='ltr'>quos</span> <span class='ocrx_word' id='word_1_86' title='bbox 1187 1575 1281 1647; x_wconf 85' lang='lat' dir='ltr'>inter</span> <span class='ocrx_word' id='word_1_87' title='bbox 1315 1595 1405 1646; x_wconf 84' lang='lat' dir='ltr'>saxa</span> 
     </span>
     <span class='ocr_line' id='line_1_12' title="bbox 116 1680 1404 1787; baseline 0.002 -33"><span class='ocrx_word' id='word_1_88' title='bbox 116 1701 149 1747; x_wconf 77' lang='lat'>14</span> <span class='ocrx_word' id='word_1_89' title='bbox 168 1680 381 1782; x_wconf 81' lang='lat' dir='ltr'>deligerent,</span> <span class='ocrx_word' id='word_1_90' title='bbox 415 1683 625 1783; x_wconf 87' lang='lat' dir='ltr'>validosque</span> <span class='ocrx_word' id='word_1_91' title='bbox 656 1688 759 1762; x_wconf 86' lang='lat' dir='ltr'>funes</span> <span class='ocrx_word' id='word_1_92' title='bbox 794 1690 979 1787; x_wconf 80' lang='lat' dir='ltr'>parabunt</span> <span class='ocrx_word' id='word_1_93' title='bbox 1031 1685 1112 1760; x_wconf 87' lang='lat' dir='ltr'>Rex</span> <span class='ocrx_word' id='word_1_94' title='bbox 1147 1685 1404 1759; x_wconf 84' lang='lat' dir='ltr'>circumvectus</span> 
     </span>
     <span class='ocr_line' id='line_1_13' title="bbox 166 1797 1405 1898; baseline 0.001 -31"><span class='ocrx_word' id='word_1_95' title='bbox 166 1803 322 1891; x_wconf 66' lang='lat' dir='ltr'>petram</span> <span class='ocrx_word' id='word_1_96' title='bbox 357 1820 429 1892; x_wconf 85' lang='lat' dir='ltr'>qus</span> <span class='ocrx_word' id='word_1_97' title='bbox 451 1797 595 1871; x_wconf 91' lang='lat' dir='ltr'>minime</span> <span class='ocrx_word' id='word_1_98' title='bbox 621 1824 725 1898; x_wconf 83' lang='lat' dir='ltr'>asper</span> <span class='ocrx_word' id='word_1_99' title='bbox 751 1825 793 1873; x_wconf 84' lang='lat' dir='ltr'>ao</span> <span class='ocrx_word' id='word_1_100' title='bbox 820 1802 1034 1898; x_wconf 81' lang='lat' dir='ltr'>praeruptus</span> <span class='ocrx_word' id='word_1_101' title='bbox 1060 1797 1180 1872; x_wconf 84' lang='lat' dir='ltr'>aditus</span> <span class='ocrx_word' id='word_1_102' title='bbox 1205 1797 1405 1885; x_wconf 81' lang='lat' dir='ltr'>videbatur,</span> 
     </span>
     <span class='ocr_line' id='line_1_14' title="bbox 167 1905 1403 2007; baseline 0.002 -30"><span class='ocrx_word' id='word_1_103' title='bbox 167 1905 324 1982; x_wconf 84' lang='lat' dir='ltr'>secunda</span> <span class='ocrx_word' id='word_1_104' title='bbox 359 1907 495 2005; x_wconf 81' lang='lat' dir='ltr'>vigilia,</span> <span class='ocrx_word' id='word_1_105' title='bbox 534 1910 632 2006; x_wconf 89' lang='lat' dir='ltr'>quod</span> <span class='ocrx_word' id='word_1_106' title='bbox 669 1911 761 1984; x_wconf 90' lang='lat' dir='ltr'>bene</span> <span class='ocrx_word' id='word_1_107' title='bbox 793 1921 969 2000; x_wconf 87' lang='lat' dir='ltr'>verteret,</span> <span class='ocrx_word' id='word_1_108' title='bbox 1009 1907 1146 2007; x_wconf 81' lang='lat' dir='ltr'>ingredi</span> <span class='ocrx_word' id='word_1_109' title='bbox 1177 1907 1287 1982; x_wconf 88' lang='lat' dir='ltr'>iubet.</span> <span class='ocrx_word' id='word_1_110' title='bbox 1338 1905 1403 1996; x_wconf 91' lang='lat' dir='ltr'>Illi,</span> 
     </span>
     <span class='ocr_line' id='line_1_15' title="bbox 167 2017 1403 2122; baseline -0.002 -30"><span class='ocrx_word' id='word_1_111' title='bbox 167 2017 344 2093; x_wconf 85' lang='lat' dir='ltr'>alimentis</span> <span class='ocrx_word' id='word_1_112' title='bbox 377 2019 415 2091; x_wconf 85' lang='lat' dir='ltr'>in</span> <span class='ocrx_word' id='word_1_113' title='bbox 447 2018 598 2093; x_wconf 90' lang='lat' dir='ltr'>biduum</span> <span class='ocrx_word' id='word_1_114' title='bbox 632 2023 802 2122; x_wconf 85' lang='lat' dir='ltr'>sumptis,</span> <span class='ocrx_word' id='word_1_115' title='bbox 842 2020 970 2120; x_wconf 82' lang='lat' dir='ltr'><strong>gladiis</strong></span> <span class='ocrx_word' id='word_1_116' title='bbox 1004 2019 1113 2094; x_wconf 92' lang='lat' dir='ltr'>modo</span> <span class='ocrx_word' id='word_1_117' title='bbox 1149 2029 1256 2116; x_wconf 75' lang='lat' dir='ltr'>atque</span> <span class='ocrx_word' id='word_1_118' title='bbox 1290 2018 1403 2091; x_wconf 79' lang='lat' dir='ltr'>hostis</span> 
     </span>
     <span class='ocr_line' id='line_1_16' title="bbox 117 2129 1401 2231; baseline -0.001 -29"><span class='ocrx_word' id='word_1_119' title='bbox 117 2145 149 2194; x_wconf 75' lang='lat'>1⁵</span> <span class='ocrx_word' id='word_1_120' title='bbox 169 2131 297 2202; x_wconf 80' lang='lat' dir='ltr'>armati</span> <span class='ocrx_word' id='word_1_121' title='bbox 324 2129 444 2205; x_wconf 89' lang='lat' dir='ltr'>subire</span> <span class='ocrx_word' id='word_1_122' title='bbox 465 2145 669 2230; x_wconf 81' lang='lat' dir='ltr'>coeperunt.</span> <span class='ocrx_word' id='word_1_123' title='bbox 721 2135 776 2208; x_wconf 84' lang='lat' dir='ltr'>Ac</span> <span class='ocrx_word' id='word_1_124' title='bbox 801 2133 917 2231; x_wconf 87' lang='lat' dir='ltr'>primo</span> <span class='ocrx_word' id='word_1_125' title='bbox 944 2130 1095 2231; x_wconf 88' lang='lat' dir='ltr'>pedibus</span> <span class='ocrx_word' id='word_1_126' title='bbox 1122 2130 1272 2228; x_wconf 85' lang='lat' dir='ltr'>ingressi</span> <span class='ocrx_word' id='word_1_127' title='bbox 1299 2139 1401 2203; x_wconf 87' lang='lat' dir='ltr'>sunt:</span> 
     </span>
     <span class='ocr_line' id='line_1_17' title="bbox 167 2238 1404 2343; baseline -0.001 -30"><span class='ocrx_word' id='word_1_128' title='bbox 167 2238 295 2314; x_wconf 88' lang='lat' dir='ltr'>deinde</span> <span class='ocrx_word' id='word_1_129' title='bbox 327 2253 369 2314; x_wconf 91' lang='lat' dir='ltr'>ut</span> <span class='ocrx_word' id='word_1_130' title='bbox 393 2244 431 2315; x_wconf 92' lang='lat' dir='ltr'>in</span> <span class='ocrx_word' id='word_1_131' title='bbox 461 2254 657 2342; x_wconf 81' lang='lat' dir='ltr'>praerupta</span> <span class='ocrx_word' id='word_1_132' title='bbox 688 2257 901 2343; x_wconf 88' lang='lat' dir='ltr'>perventum</span> <span class='ocrx_word' id='word_1_133' title='bbox 928 2255 999 2334; x_wconf 86' lang='lat' dir='ltr'>est,</span> <span class='ocrx_word' id='word_1_134' title='bbox 1034 2243 1093 2316; x_wconf 85' lang='lat' dir='ltr'>alii</span> <span class='ocrx_word' id='word_1_135' title='bbox 1125 2241 1290 2316; x_wconf 84' lang='lat' dir='ltr'>munibus</span> <span class='ocrx_word' id='word_1_136' title='bbox 1322 2241 1404 2313; x_wconf 88' lang='lat' dir='ltr'>emi·</span> 
     </span>
     <span class='ocr_line' id='line_1_18' title="bbox 166 2352 1404 2453; baseline 0 -29"><span class='ocrx_word' id='word_1_137' title='bbox 166 2352 288 2426; x_wconf 85' lang='lat' dir='ltr'>nentia</span> <span class='ocrx_word' id='word_1_138' title='bbox 321 2377 412 2426; x_wconf 79' lang='lat' dir='ltr'>saxa</span> <span class='ocrx_word' id='word_1_139' title='bbox 443 2355 619 2453; x_wconf 82' lang='lat' dir='ltr'>complexi</span> <span class='ocrx_word' id='word_1_140' title='bbox 652 2355 772 2431; x_wconf 84' lang='lat' dir='ltr'>levare</span> <span class='ocrx_word' id='word_1_141' title='bbox 807 2369 939 2448; x_wconf 81' lang='lat' dir='ltr'>semet3</span> <span class='ocrx_word' id='word_1_142' title='bbox 983 2355 1042 2428; x_wconf 86' lang='lat' dir='ltr'>alii</span> <span class='ocrx_word' id='word_1_143' title='bbox 1079 2353 1226 2430; x_wconf 77' lang='lat' dir='ltr'>adiectis</span> <span class='ocrx_word' id='word_1_144' title='bbox 1267 2353 1404 2425; x_wconf 84' lang='lat' dir='ltr'>funium</span> 
     </span>
     <span class='ocr_line' id='line_1_19' title="bbox 167 2461 1404 2566; baseline 0.001 -31"><span class='ocrx_word' id='word_1_145' title='bbox 167 2462 302 2561; x_wconf 81' lang='lat' dir='ltr'>laqueis</span> <span class='ocrx_word' id='word_1_146' title='bbox 331 2490 492 2557; x_wconf 73' lang='lat' dir='ltr'>evasere,</span> <span class='ocrx_word' id='word_1_147' title='bbox 525 2491 606 2540; x_wconf 91' lang='lat' dir='ltr'>oum</span> <span class='ocrx_word' id='word_1_148' title='bbox 633 2491 765 2542; x_wconf 87' lang='lat' dir='ltr'>cuneos</span> <span class='ocrx_word' id='word_1_149' title='bbox 792 2471 886 2544; x_wconf 87' lang='lat' dir='ltr'>inter</span> <span class='ocrx_word' id='word_1_150' title='bbox 912 2493 1002 2542; x_wconf 83' lang='lat' dir='ltr'>saxa</span> <span class='ocrx_word' id='word_1_151' title='bbox 1027 2465 1239 2566; x_wconf 86' lang='lat' dir='ltr'>defigerent,</span> <span class='ocrx_word' id='word_1_152' title='bbox 1253 2505 1255 2510; x_wconf 96' lang='lat'>·</span> <span class='ocrx_word' id='word_1_153' title='bbox 1271 2461 1404 2562; x_wconf 82' lang='lat' dir='ltr'>gradus</span> 
     </span>
    </p>
   </div>
   <div class='ocr_carea' id='block_1_3' title="bbox 164 2716 1407 4578">
    <p class='ocr_par' dir='ltr' id='par_1_3' title="bbox 166 2716 1405 3199">
     <span class='ocr_line' id='line_1_20' title="bbox 200 2716 1405 2842; baseline 0.002 -72"><span class='ocrx_word' id='word_1_154' title='bbox 200 2717 357 2800; x_wconf 67' lang='lat' dir='ltr'>experiendo</span> <span class='ocrx_word' id='word_1_155' title='bbox 414 2735 441 2800; x_wconf 36' lang='lat' dir='ltr'>‘e</span> <span class='ocrx_word' id='word_1_156' title='bbox 458 2722 537 2774; x_wconf 79' lang='lat' dir='ltr'>ceteri</span> <span class='ocrx_word' id='word_1_157' title='bbox 554 2723 766 2794; x_wconf 72' lang='lat' dir='ltr'>desperaverunt]</span> <span class='ocrx_word' id='word_1_158' title='bbox 836 2721 1055 2842; x_wconf 62' lang='lat' dir='ltr'>Cap.42,p.15.</span> <span class='ocrx_word' id='word_1_159' title='bbox 1090 2721 1176 2773; x_wconf 83' lang='lat' dir='ltr'>levare</span> <span class='ocrx_word' id='word_1_160' title='bbox 1193 2720 1280 2786; x_wconf 78' lang='lat' dir='ltr'>reret]</span> <span class='ocrx_word' id='word_1_161' title='bbox 1315 2716 1405 2788; x_wconf 82' lang='lat' dir='ltr'>Vulgo</span> 
     </span>
     <span class='ocr_line' id='line_1_21' title="bbox 167 2786 1405 2856; baseline 0 -18"><span class='ocrx_word' id='word_1_162' title='bbox 167 2786 362 2854; x_wconf 67' lang='lat' dir='ltr'>desperaverunt</span> <span class='ocrx_word' id='word_1_163' title='bbox 413 2789 449 2842; x_wconf 84' lang='lat' dir='ltr'>rd.</span> <span class='ocrx_word' id='word_1_164' title='bbox 460 2788 536 2842; x_wconf 88' lang='lat' dir='ltr'>Voss.</span> <span class='ocrx_word' id='word_1_165' title='bbox 549 2797 562 2843; x_wconf 94' lang='lat' dir='ltr'>l</span> <span class='ocrx_word' id='word_1_166' title='bbox 573 2789 766 2844; x_wconf 73' lang='lat' dir='ltr'>BemAFlor.</span> <span class='ocrx_word' id='word_1_167' title='bbox 801 2789 975 2844; x_wconf 74' lang='lat' dir='ltr'>seeunduml&#39;</span> <span class='ocrx_word' id='word_1_168' title='bbox 985 2807 1023 2842; x_wconf 89' lang='lat' dir='ltr'>or.</span> <span class='ocrx_word' id='word_1_169' title='bbox 1033 2787 1097 2841; x_wconf 84' lang='lat' dir='ltr'>DFI</span> <span class='ocrx_word' id='word_1_170' title='bbox 1106 2790 1230 2853; x_wconf 81' lang='lat' dir='ltr'>levovm,</span> <span class='ocrx_word' id='word_1_171' title='bbox 1246 2787 1405 2856; x_wconf 75' lang='lat' dir='ltr'>quodenset</span> 
     </span>
     <span class='ocr_line' id='line_1_22' title="bbox 167 2850 1404 2929; baseline 0 -23"><span class='ocrx_word' id='word_1_172' title='bbox 167 2850 238 2908; x_wconf 84' lang='lat' dir='ltr'>Cet</span> <span class='ocrx_word' id='word_1_173' title='bbox 254 2855 318 2908; x_wconf 89' lang='lat' dir='ltr'>edit.</span> <span class='ocrx_word' id='word_1_174' title='bbox 354 2873 376 2908; x_wconf 89' lang='lat' dir='ltr'>r.</span> <span class='ocrx_word' id='word_1_175' title='bbox 393 2855 462 2910; x_wconf 86' lang='lat' dir='ltr'>Mer.</span> <span class='ocrx_word' id='word_1_176' title='bbox 476 2850 549 2924; x_wconf 74' lang='lat' dir='ltr'>niu,</span> <span class='ocrx_word' id='word_1_177' title='bbox 567 2861 766 2928; x_wconf 76' lang='lat' dir='ltr'>desperaverant</span> <span class='ocrx_word' id='word_1_178' title='bbox 803 2857 847 2929; x_wconf 87' lang='lat' dir='ltr'>qni</span> <span class='ocrx_word' id='word_1_179' title='bbox 865 2859 900 2912; x_wconf 94' lang='lat' dir='ltr'>ob</span> <span class='ocrx_word' id='word_1_180' title='bbox 918 2855 1085 2927; x_wconf 81' lang='lat' dir='ltr'>intelligendi</span> <span class='ocrx_word' id='word_1_181' title='bbox 1108 2855 1307 2926; x_wconf 76' lang='lat' dir='ltr'>ambiguitatem</span> <span class='ocrx_word' id='word_1_182' title='bbox 1328 2853 1404 2907; x_wconf 86' lang='lat' dir='ltr'>unioe</span> 
     </span>
     <span class='ocr_line' id='line_1_23' title="bbox 166 2873 1405 3005; baseline 0.001 -32"><span class='ocrx_word' id='word_1_183' title='bbox 166 2920 281 3003; x_wconf 62' lang='lat' dir='ltr'>stoan.</span> <span class='ocrx_word' id='word_1_184' title='bbox 316 2873 374 2978; x_wconf 55' lang='lat' dir='ltr'>llos</span> <span class='ocrx_word' id='word_1_185' title='bbox 391 2927 593 2995; x_wconf 68' lang='lat' dir='ltr'>desperarentur</span> <span class='ocrx_word' id='word_1_186' title='bbox 614 2928 766 2997; x_wconf 82' lang='lat' dir='ltr'>probamus,</span> <span class='ocrx_word' id='word_1_187' title='bbox 801 2943 893 2979; x_wconf 85' lang='lat' dir='ltr'>rerum</span> <span class='ocrx_word' id='word_1_188' title='bbox 909 2925 1068 2980; x_wconf 84' lang='lat' dir='ltr'>existiment.</span> <span class='ocrx_word' id='word_1_189' title='bbox 1099 2924 1153 3005; x_wconf 65' lang='lat' dir='ltr'>Sed</span> <span class='ocrx_word' id='word_1_190' title='bbox 1170 2923 1347 3004; x_wconf 73' lang='lat' dir='ltr'>noddtamen</span> <span class='ocrx_word' id='word_1_191' title='bbox 1364 2937 1405 2974; x_wconf 85' lang='lat' dir='ltr'>re-</span> 
     </span>
     <span class='ocr_line' id='line_1_24' title="bbox 167 2991 1404 3064; baseline -0.002 -19"><span class='ocrx_word' id='word_1_192' title='bbox 167 2991 647 3064; x_wconf 80' lang='lat' dir='ltr'>qmsfsetanonquaefieripossintsi</span> <span class='ocrx_word' id='word_1_193' title='bbox 686 2995 766 3064; x_wconf 70' lang='lat' dir='ltr'>‘dost</span> <span class='ocrx_word' id='word_1_194' title='bbox 801 2993 867 3064; x_wconf 87' lang='lat' dir='ltr'>liqui</span> <span class='ocrx_word' id='word_1_195' title='bbox 889 3011 981 3049; x_wconf 88' lang='lat' dir='ltr'>omnes</span> <span class='ocrx_word' id='word_1_196' title='bbox 1003 3001 1031 3047; x_wconf 88' lang='lat' dir='ltr'>et</span> <span class='ocrx_word' id='word_1_197' title='bbox 1052 2992 1135 3046; x_wconf 77' lang='lat' dir='ltr'>edim</span> <span class='ocrx_word' id='word_1_198' title='bbox 1155 2992 1284 3046; x_wconf 75' lang='lat' dir='ltr'>Modiana</span> <span class='ocrx_word' id='word_1_199' title='bbox 1306 2992 1404 3045; x_wconf 81' lang='lat' dir='ltr'>leuare:</span> 
     </span>
     <span class='ocr_line' id='line_1_25' title="bbox 167 3013 1404 3142; baseline -0.002 -29"><span class='ocrx_word' id='word_1_200' title='bbox 167 3067 195 3112; x_wconf 86' lang='lat' dir='ltr'>et</span> <span class='ocrx_word' id='word_1_201' title='bbox 211 3060 336 3142; x_wconf 76' lang='lat' dir='ltr'>iudicium</span> <span class='ocrx_word' id='word_1_202' title='bbox 352 3070 471 3116; x_wconf 81' lang='lat' dir='ltr'>nostrum</span> <span class='ocrx_word' id='word_1_203' title='bbox 487 3062 614 3133; x_wconf 77' lang='lat' dir='ltr'>imprimis</span> <span class='ocrx_word' id='word_1_204' title='bbox 631 3013 703 3118; x_wconf 63' lang='lat' dir='ltr'>llll.</span> <span class='ocrx_word' id='word_1_205' title='bbox 716 3063 766 3117; x_wconf 82' lang='lat' dir='ltr'>AB</span> <span class='ocrx_word' id='word_1_206' title='bbox 802 3079 853 3117; x_wconf 86' lang='lat' dir='ltr'>neo</span> <span class='ocrx_word' id='word_1_207' title='bbox 868 3061 914 3116; x_wconf 89' lang='lat' dir='ltr'>illa</span> <span class='ocrx_word' id='word_1_208' title='bbox 930 3061 1087 3132; x_wconf 74' lang='lat' dir='ltr'>ambiguitas</span> <span class='ocrx_word' id='word_1_209' title='bbox 1104 3059 1167 3114; x_wconf 86' lang='lat' dir='ltr'>alibi</span> <span class='ocrx_word' id='word_1_210' title='bbox 1184 3059 1302 3127; x_wconf 84' lang='lat' dir='ltr'>timetur,</span> <span class='ocrx_word' id='word_1_211' title='bbox 1320 3068 1352 3113; x_wconf 86' lang='lat' dir='ltr'>ut</span> <span class='ocrx_word' id='word_1_212' title='bbox 1363 3073 1404 3126; x_wconf 80' lang='lat' dir='ltr'>lv,</span> 
     </span>
     <span class='ocr_line' id='line_1_26' title="bbox 167 3133 1011 3199; baseline 0.001 -16"><span class='ocrx_word' id='word_1_213' title='bbox 167 3139 325 3184; x_wconf 75' lang='lat' dir='ltr'>suetonum</span> <span class='ocrx_word' id='word_1_214' title='bbox 343 3139 455 3185; x_wconf 81' lang='lat' dir='ltr'>tuemur.</span> <span class='ocrx_word' id='word_1_215' title='bbox 803 3139 847 3199; x_wconf 81' lang='grc'>87,</span> <span class='ocrx_word' id='word_1_216' title='bbox 867 3138 899 3184; x_wconf 85' lang='grc'>14</span> <span class='ocrx_word' id='word_1_217' title='bbox 916 3133 1011 3185; x_wconf 81' lang='lat' dir='ltr'>videre.</span> 
     </span>
    </p>

    <p class='ocr_par' dir='ltr' id='par_1_4' title="bbox 162 3195 1407 3544">
     <span class='ocr_line' id='line_1_27' title="bbox 202 3195 1406 3270; baseline -0.003 -17"><span class='ocrx_word' id='word_1_218' title='bbox 202 3203 278 3266; x_wconf 54' lang='lat'>812.</span> <span class='ocrx_word' id='word_1_219' title='bbox 305 3201 426 3270; x_wconf 81' lang='lat' dir='ltr'>accipiat]</span> <span class='ocrx_word' id='word_1_220' title='bbox 445 3199 611 3256; x_wconf 81' lang='lat' dir='ltr'>Ser-ravimus</span> <span class='ocrx_word' id='word_1_221' title='bbox 629 3201 697 3256; x_wconf 88' lang='lat' dir='ltr'>hano</span> <span class='ocrx_word' id='word_1_222' title='bbox 713 3201 769 3254; x_wconf 88' lang='lat' dir='ltr'>edi·</span> <span class='ocrx_word' id='word_1_223' title='bbox 838 3219 896 3254; x_wconf 83' lang='lat' dir='ltr'>num</span> <span class='ocrx_word' id='word_1_224' title='bbox 913 3217 1006 3254; x_wconf 79' lang='lat' dir='ltr'>uersos</span> <span class='ocrx_word' id='word_1_225' title='bbox 1023 3229 1057 3238; x_wconf 92' lang='lat'>-</span> <span class='ocrx_word' id='word_1_226' title='bbox 1074 3199 1222 3268; x_wconf 64' lang='lat' dir='ltr'>defluerent,</span> <span class='ocrx_word' id='word_1_227' title='bbox 1238 3199 1340 3267; x_wconf 76' lang='lat' dir='ltr'>prodas</span> <span class='ocrx_word' id='word_1_228' title='bbox 1348 3195 1406 3250; x_wconf 74' lang='lat' dir='ltr'>sub</span> 
     </span>
     <span class='ocr_line' id='line_1_28' title="bbox 167 3264 1404 3350; baseline -0.002 -30"><span class='ocrx_word' id='word_1_229' title='bbox 167 3266 268 3322; x_wconf 87' lang='lat' dir='ltr'>tionum</span> <span class='ocrx_word' id='word_1_230' title='bbox 290 3267 448 3338; x_wconf 82' lang='lat' dir='ltr'>scripturam</span> <span class='ocrx_word' id='word_1_231' title='bbox 470 3270 672 3341; x_wconf 69' lang='lat' dir='ltr'>respondentem</span> <span class='ocrx_word' id='word_1_232' title='bbox 693 3287 769 3342; x_wconf 88' lang='lat' dir='ltr'>prae·</span> <span class='ocrx_word' id='word_1_233' title='bbox 804 3272 878 3337; x_wconf 80' lang='lat' dir='ltr'>iude,</span> <span class='ocrx_word' id='word_1_234' title='bbox 904 3271 963 3350; x_wconf 75' lang='lat' dir='ltr'>qais</span> <span class='ocrx_word' id='word_1_235' title='bbox 985 3269 1131 3321; x_wconf 80' lang='lat' dir='ltr'>insisterem</span> <span class='ocrx_word' id='word_1_236' title='bbox 1178 3265 1266 3320; x_wconf 86' lang='lat' dir='ltr'>Loous</span> <span class='ocrx_word' id='word_1_237' title='bbox 1290 3265 1318 3318; x_wconf 92' lang='lat' dir='ltr'>in</span> <span class='ocrx_word' id='word_1_238' title='bbox 1344 3264 1404 3345; x_wconf 79' lang='lat' dir='ltr'>edd.</span> 
     </span>
     <span class='ocr_line' id='line_1_29' title="bbox 166 3335 1406 3419; baseline -0.003 -29"><span class='ocrx_word' id='word_1_239' title='bbox 166 3353 256 3417; x_wconf 71' lang='lat' dir='ltr'>gresso</span> <span class='ocrx_word' id='word_1_240' title='bbox 272 3341 421 3419; x_wconf 69' lang='lat' dir='ltr'>proemium</span> <span class='ocrx_word' id='word_1_241' title='bbox 439 3343 502 3408; x_wconf 82' lang='lat' dir='ltr'>erit,</span> <span class='ocrx_word' id='word_1_242' title='bbox 545 3356 683 3410; x_wconf 81' lang='lat' dir='ltr'>uamqusm</span> <span class='ocrx_word' id='word_1_243' title='bbox 700 3341 770 3394; x_wconf 83' lang='lat' dir='ltr'>acci-</span> <span class='ocrx_word' id='word_1_244' title='bbox 803 3337 887 3419; x_wconf 75' lang='lat' dir='ltr'>princi</span> <span class='ocrx_word' id='word_1_245' title='bbox 906 3338 965 3392; x_wconf 85' lang='lat' dir='ltr'>rbus</span> <span class='ocrx_word' id='word_1_246' title='bbox 986 3335 1047 3390; x_wconf 88' lang='lat' dir='ltr'>talis</span> <span class='ocrx_word' id='word_1_247' title='bbox 1069 3335 1131 3389; x_wconf 84' lang='lat' dir='ltr'>exhi</span> <span class='ocrx_word' id='word_1_248' title='bbox 1160 3343 1225 3418; x_wconf 72' lang='lat' dir='ltr'>tur,</span> <span class='ocrx_word' id='word_1_249' title='bbox 1253 3340 1284 3387; x_wconf 86' lang='lat' dir='ltr'>ut</span> <span class='ocrx_word' id='word_1_250' title='bbox 1310 3341 1352 3387; x_wconf 83' lang='lat' dir='ltr'>est</span> <span class='ocrx_word' id='word_1_251' title='bbox 1378 3350 1406 3387; x_wconf 86' lang='grc' dir='ltr'>ιιι</span> 
     </span>
     <span class='ocr_line' id='line_1_30' title="bbox 164 3355 1407 3544; baseline -0.002 -84.005"><span class='ocrx_word' id='word_1_252' title='bbox 164 3415 327 3528; x_wconf 51' lang='grc' dir='ltr'>Ἆιὲιοέεὲὲι</span> <span class='ocrx_word' id='word_1_253' title='bbox 335 3405 410 3462; x_wconf 78' lang='lat' dir='ltr'>Lerd</span> <span class='ocrx_word' id='word_1_254' title='bbox 420 3408 520 3463; x_wconf 86' lang='lat' dir='ltr'>Voss.l</span> <span class='ocrx_word' id='word_1_255' title='bbox 566 3407 680 3462; x_wconf 81' lang='lat' dir='ltr'>emAB</span> <span class='ocrx_word' id='word_1_256' title='bbox 698 3407 770 3462; x_wconf 81' lang='lat' dir='ltr'>Flor.</span> <span class='ocrx_word' id='word_1_257' title='bbox 805 3355 937 3530; x_wconf 60' lang='lat' dir='ltr'>oopliulus</span> <span class='ocrx_word' id='word_1_258' title='bbox 959 3405 1407 3544; x_wconf 44' lang='lat' dir='ltr'>onllplrbmfffflzdffimfflss:</span> 
     </span>
    </p>

    <p class='ocr_par' dir='ltr' id='par_1_5' title="bbox 279 3492 1085 3530">
     <span class='ocr_line' id='line_1_31' title="bbox 279 3492 1085 3530; baseline 0 -3"><span class='ocrx_word' id='word_1_259' title='bbox 279 3503 280 3506; x_wconf 60' lang='lat'><em>=</em></span> <span class='ocrx_word' id='word_1_260' title='bbox 322 3515 329 3527; x_wconf 89' lang='lat'><strong>.</strong></span> <span class='ocrx_word' id='word_1_261' title='bbox 804 3495 873 3530; x_wconf 83' lang='lat' dir='ltr'>mer</span> <span class='ocrx_word' id='word_1_262' title='bbox 897 3493 964 3530; x_wconf 79' lang='lat' dir='ltr'>sora</span> <span class='ocrx_word' id='word_1_263' title='bbox 1057 3492 1085 3527; x_wconf 84' lang='lat' dir='ltr'>er</span> 
     </span>
    </p>

    <p class='ocr_par' dir='ltr' id='par_1_6' title="bbox 166 3491 1406 4578">
     <span class='ocr_line' id='line_1_32' title="bbox 201 3491 1406 3624; baseline -0.001 -29"><span class='ocrx_word' id='word_1_264' title='bbox 201 3543 346 3596; x_wconf 79' lang='lat' dir='ltr'>servabitur</span> <span class='ocrx_word' id='word_1_265' title='bbox 368 3547 467 3624; x_wconf 82' lang='lat' dir='ltr'>portio]</span> <span class='ocrx_word' id='word_1_266' title='bbox 502 3545 652 3618; x_wconf 67' lang='lat' dir='ltr'>Fortiorem</span> <span class='ocrx_word' id='word_1_267' title='bbox 672 3553 701 3600; x_wconf 89' lang='lat' dir='ltr'>et</span> <span class='ocrx_word' id='word_1_268' title='bbox 722 3545 772 3600; x_wconf 85' lang='lat' dir='ltr'>boo</span> <span class='ocrx_word' id='word_1_269' title='bbox 806 3549 864 3618; x_wconf 81' lang='lat' dir='ltr'>quir</span> <span class='ocrx_word' id='word_1_270' title='bbox 877 3491 1313 3614; x_wconf 70' lang='lat' dir='ltr'>instaurem.⁹vulglris⁹lecttonis</span> <span class='ocrx_word' id='word_1_271' title='bbox 1321 3539 1406 3594; x_wconf 83' lang='lat' dir='ltr'>Aldus</span> 
     </span>
     <span class='ocr_line' id='line_1_33' title="bbox 168 3603 1406 3693; baseline 0 -31"><span class='ocrx_word' id='word_1_272' title='bbox 168 3609 227 3688; x_wconf 82' lang='lat' dir='ltr'>loon</span> <span class='ocrx_word' id='word_1_273' title='bbox 244 3619 274 3664; x_wconf 84' lang='lat' dir='ltr'>et</span> <span class='ocrx_word' id='word_1_274' title='bbox 290 3609 347 3662; x_wconf 83' lang='lat' dir='ltr'>aliis</span> <span class='ocrx_word' id='word_1_275' title='bbox 361 3613 506 3693; x_wconf 68' lang='lat' dir='ltr'>ngnificare</span> <span class='ocrx_word' id='word_1_276' title='bbox 520 3631 598 3684; x_wconf 87' lang='lat' dir='ltr'>quam</span> <span class='ocrx_word' id='word_1_277' title='bbox 610 3613 771 3670; x_wconf 72' lang='lat' dir='ltr'>recentiores</span> <span class='ocrx_word' id='word_1_278' title='bbox 805 3621 898 3668; x_wconf 83' lang='lat' dir='ltr'>auctor</span> <span class='ocrx_word' id='word_1_279' title='bbox 914 3621 965 3682; x_wconf 83' lang='lat' dir='ltr'>est,</span> <span class='ocrx_word' id='word_1_280' title='bbox 983 3611 1073 3666; x_wconf 87' lang='lat' dir='ltr'>deleta</span> <span class='ocrx_word' id='word_1_281' title='bbox 1084 3627 1152 3666; x_wconf 84' lang='lat' dir='ltr'>vooe</span> <span class='ocrx_word' id='word_1_282' title='bbox 1167 3612 1260 3681; x_wconf 81' lang='lat' dir='ltr'>quibus</span> <span class='ocrx_word' id='word_1_283' title='bbox 1273 3617 1303 3663; x_wconf 89' lang='lat' dir='ltr'>et</span> <span class='ocrx_word' id='word_1_284' title='bbox 1314 3603 1406 3664; x_wconf 84' lang='lat' dir='ltr'>ordine</span> 
     </span>
     <span class='ocr_line' id='line_1_34' title="bbox 170 3677 1406 3750; baseline 0.002 -22"><span class='ocrx_word' id='word_1_285' title='bbox 170 3677 263 3730; x_wconf 81' lang='lat' dir='ltr'>droant</span> <span class='ocrx_word' id='word_1_286' title='bbox 316 3689 471 3746; x_wconf 82' lang='lat' dir='ltr'>oportrorem</span> <span class='ocrx_word' id='word_1_287' title='bbox 494 3681 585 3736; x_wconf 83' lang='lat' dir='ltr'>docuit</span> <span class='ocrx_word' id='word_1_288' title='bbox 603 3681 771 3737; x_wconf 86' lang='lat' dir='ltr'>Snakenbur·</span> <span class='ocrx_word' id='word_1_289' title='bbox 804 3685 945 3736; x_wconf 81' lang='lat' dir='ltr'>verborum</span> <span class='ocrx_word' id='word_1_290' title='bbox 966 3681 994 3733; x_wconf 91' lang='lat' dir='ltr'>in</span> <span class='ocrx_word' id='word_1_291' title='bbox 1015 3681 1186 3750; x_wconf 84' lang='lat' dir='ltr'>sequentibus</span> <span class='ocrx_word' id='word_1_292' title='bbox 1206 3687 1321 3732; x_wconf 73' lang='lat' dir='ltr'>mutato:</span> <span class='ocrx_word' id='word_1_293' title='bbox 1349 3695 1406 3731; x_wconf 79' lang='lat' dir='ltr'>urm</span> 
     </span>
     <span class='ocr_line' id='line_1_35' title="bbox 168 3744 1406 3825; baseline 0.001 -27"><span class='ocrx_word' id='word_1_294' title='bbox 168 3744 236 3814; x_wconf 83' lang='lat' dir='ltr'>gius.</span> <span class='ocrx_word' id='word_1_295' title='bbox 299 3762 317 3796; x_wconf 90' lang='lat' dir='ltr'>u</span> <span class='ocrx_word' id='word_1_296' title='bbox 348 3747 439 3800; x_wconf 85' lang='lat' dir='ltr'>confer</span> <span class='ocrx_word' id='word_1_297' title='bbox 463 3748 549 3802; x_wconf 84' lang='lat' dir='ltr'>loxioa</span> <span class='ocrx_word' id='word_1_298' title='bbox 577 3749 647 3804; x_wconf 88' lang='lat' dir='ltr'>haud</span> <span class='ocrx_word' id='word_1_299' title='bbox 677 3769 770 3821; x_wconf 77' lang='lat' dir='ltr'>perum</span> <span class='ocrx_word' id='word_1_300' title='bbox 805 3769 899 3804; x_wconf 81' lang='lat' dir='ltr'>euneos</span> <span class='ocrx_word' id='word_1_301' title='bbox 915 3781 950 3792; x_wconf 87' lang='lat'>—-</span> <span class='ocrx_word' id='word_1_302' title='bbox 967 3749 1118 3818; x_wconf 55' lang='grc' dir='ltr'>ἀρήμεναι,</span> <span class='ocrx_word' id='word_1_303' title='bbox 1141 3750 1201 3817; x_wconf 78' lang='lat' dir='ltr'>quie</span> <span class='ocrx_word' id='word_1_304' title='bbox 1218 3749 1326 3800; x_wconf 64' lang='lat' dir='ltr'>eabbede</span> <span class='ocrx_word' id='word_1_305' title='bbox 1376 3764 1406 3825; x_wconf 74' lang='lat' dir='ltr'>u-</span> 
     </span>
     <span class='ocr_line' id='line_1_36' title="bbox 169 3765 1405 3898; baseline 0 -30"><span class='ocrx_word' id='word_1_306' title='bbox 169 3813 350 3894; x_wconf 71' lang='lat' dir='ltr'>exemplorum</span> <span class='ocrx_word' id='word_1_307' title='bbox 375 3816 580 3896; x_wconf 77' lang='lat' dir='ltr'>suppeditantis.</span> <span class='ocrx_word' id='word_1_308' title='bbox 619 3817 690 3870; x_wconf 85' lang='lat' dir='ltr'>Nam</span> <span class='ocrx_word' id='word_1_309' title='bbox 716 3837 770 3898; x_wconf 73' lang='lat' dir='ltr'>vox</span> <span class='ocrx_word' id='word_1_310' title='bbox 805 3823 855 3872; x_wconf 81' lang='lat' dir='ltr'>dae</span> <span class='ocrx_word' id='word_1_311' title='bbox 878 3819 1034 3898; x_wconf 63' lang='lat' dir='ltr'>emitterent.</span> <span class='ocrx_word' id='word_1_312' title='bbox 1063 3817 1162 3894; x_wconf 70' lang='lat' dir='ltr'>Qpidae</span> <span class='ocrx_word' id='word_1_313' title='bbox 1183 3815 1289 3898; x_wconf 75' lang='lat' dir='ltr'>etipse</span> <span class='ocrx_word' id='word_1_314' title='bbox 1310 3765 1405 3895; x_wconf 64' lang='lat' dir='ltr'>deldrr,</span> 
     </span>
     <span class='ocr_line' id='line_1_37' title="bbox 168 3883 1406 4034; baseline -0.001 -29"><span class='ocrx_word' id='word_1_315' title='bbox 168 3884 691 4032; x_wconf 55' lang='lat' dir='ltr'>szlrntemmutmr</span> <span class='ocrx_word' id='word_1_316' title='bbox 707 3903 770 4006; x_wconf 71' lang='lat' dir='ltr'>el:</span> <span class='ocrx_word' id='word_1_317' title='bbox 804 3891 998 4031; x_wconf 64' lang='lat' dir='ltr'>errem</span> <span class='ocrx_word' id='word_1_318' title='bbox 1014 3883 1406 4034; x_wconf 54' lang='lat' dir='ltr'>§.tumerem</span> 
     </span>
     <span class='ocr_line' id='line_1_38' title="bbox 166 4018 1405 4093; baseline -0.002 -17"><span class='ocrx_word' id='word_1_319' title='bbox 166 4037 230 4092; x_wconf 79' lang='lat' dir='ltr'>gere</span> <span class='ocrx_word' id='word_1_320' title='bbox 245 4020 318 4076; x_wconf 87' lang='lat' dir='ltr'>illam</span> <span class='ocrx_word' id='word_1_321' title='bbox 335 4037 364 4074; x_wconf 87' lang='lat' dir='ltr'>se</span> <span class='ocrx_word' id='word_1_322' title='bbox 382 4021 447 4074; x_wconf 81' lang='lat' dir='ltr'>drort</span> <span class='ocrx_word' id='word_1_323' title='bbox 460 4018 552 4074; x_wconf 80' lang='lat' dir='ltr'>Creero</span> <span class='ocrx_word' id='word_1_324' title='bbox 570 4020 604 4072; x_wconf 89' lang='lat' dir='ltr'>da</span> <span class='ocrx_word' id='word_1_325' title='bbox 623 4019 768 4076; x_wconf 85' lang='lat' dir='ltr'>Universit.</span> <span class='ocrx_word' id='word_1_326' title='bbox 804 4021 930 4093; x_wconf 79' lang='lat' dir='ltr'>axplioari</span> <span class='ocrx_word' id='word_1_327' title='bbox 947 4021 1041 4092; x_wconf 73' lang='lat' dir='ltr'>qulbus</span> <span class='ocrx_word' id='word_1_328' title='bbox 1056 4021 1165 4076; x_wconf 81' lang='lat' dir='ltr'>iuvenes</span> <span class='ocrx_word' id='word_1_329' title='bbox 1178 4021 1288 4075; x_wconf 81' lang='lat' dir='ltr'>subinde</span> <span class='ocrx_word' id='word_1_330' title='bbox 1300 4022 1405 4077; x_wconf 80' lang='lat' dir='ltr'>meiste-</span> 
     </span>
     <span class='ocr_line' id='line_1_39' title="bbox 168 4087 1405 4174; baseline 0 -30"><span class='ocrx_word' id='word_1_331' title='bbox 168 4091 276 4145; x_wconf 78' lang='lat' dir='ltr'>etad</span> <span class='ocrx_word' id='word_1_332' title='bbox 299 4105 333 4144; x_wconf 86' lang='lat' dir='ltr'>ex</span> <span class='ocrx_word' id='word_1_333' title='bbox 366 4089 373 4102; x_wconf 83' lang='lat'>&#39;</span> <span class='ocrx_word' id='word_1_334' title='bbox 401 4089 496 4144; x_wconf 86' lang='lat' dir='ltr'>endam</span> <span class='ocrx_word' id='word_1_335' title='bbox 514 4087 678 4143; x_wconf 78' lang='lat' dir='ltr'>Graecorum</span> <span class='ocrx_word' id='word_1_336' title='bbox 699 4089 769 4144; x_wconf 73' lang='lat' dir='ltr'>‹tra-</span> <span class='ocrx_word' id='word_1_337' title='bbox 804 4101 866 4144; x_wconf 84' lang='lat' dir='ltr'>rent</span> <span class='ocrx_word' id='word_1_338' title='bbox 882 4092 988 4162; x_wconf 66' lang='lat' dir='ltr'>gradun</span> <span class='ocrx_word' id='word_1_339' title='bbox 1005 4098 1036 4144; x_wconf 88' lang='lat' dir='ltr'>ut</span> <span class='ocrx_word' id='word_1_340' title='bbox 1050 4091 1148 4174; x_wconf 68' lang='lat' dir='ltr'>gradus</span> <span class='ocrx_word' id='word_1_341' title='bbox 1161 4089 1284 4144; x_wconf 74' lang='lat' dir='ltr'>dieantur</span> <span class='ocrx_word' id='word_1_342' title='bbox 1296 4109 1347 4162; x_wconf 87' lang='lat' dir='ltr'>pro</span> <span class='ocrx_word' id='word_1_343' title='bbox 1360 4106 1405 4144; x_wconf 81' lang='lat' dir='ltr'>ve·</span> 
     </span>
     <span class='ocr_line' id='line_1_40' title="bbox 167 4156 1405 4232; baseline 0.002 -21"><span class='ocrx_word' id='word_1_344' title='bbox 167 4157 280 4232; x_wconf 72' lang='lat' dir='ltr'>teylav,</span> <span class='ocrx_word' id='word_1_345' title='bbox 305 4159 342 4214; x_wconf 84' lang='lat' dir='ltr'>hs</span> <span class='ocrx_word' id='word_1_346' title='bbox 376 4169 441 4232; x_wconf 84' lang='lat' dir='ltr'>tque</span> <span class='ocrx_word' id='word_1_347' title='bbox 465 4157 537 4211; x_wconf 89' lang='lat' dir='ltr'>idem</span> <span class='ocrx_word' id='word_1_348' title='bbox 557 4159 617 4211; x_wconf 85' lang='lat' dir='ltr'>eod</span> <span class='ocrx_word' id='word_1_349' title='bbox 635 4156 704 4212; x_wconf 90' lang='lat' dir='ltr'>libro</span> <span class='ocrx_word' id='word_1_350' title='bbox 721 4165 768 4212; x_wconf 83' lang='lat' dir='ltr'>ot</span> <span class='ocrx_word' id='word_1_351' title='bbox 804 4157 904 4230; x_wconf 68' lang='lat' dir='ltr'>regib,</span> <span class='ocrx_word' id='word_1_352' title='bbox 930 4159 986 4214; x_wconf 87' lang='lat' dir='ltr'>sive</span> <span class='ocrx_word' id='word_1_353' title='bbox 1002 4159 1122 4230; x_wconf 84' lang='lat' dir='ltr'>pedrbus.</span> <span class='ocrx_word' id='word_1_354' title='bbox 1157 4159 1228 4214; x_wconf 85' lang='lat' dir='ltr'>Nam</span> <span class='ocrx_word' id='word_1_355' title='bbox 1243 4177 1293 4215; x_wconf 84' lang='lat' dir='ltr'>neo</span> <span class='ocrx_word' id='word_1_356' title='bbox 1309 4160 1405 4232; x_wconf 80' lang='lat' dir='ltr'>bypen-</span> 
     </span>
     <span class='ocr_line' id='line_1_41' title="bbox 167 4225 1405 4296; baseline 0.001 -16"><span class='ocrx_word' id='word_1_357' title='bbox 167 4234 197 4281; x_wconf 86' lang='lat' dir='ltr'>at</span> <span class='ocrx_word' id='word_1_358' title='bbox 214 4229 301 4284; x_wconf 86' lang='lat' dir='ltr'>Varro</span> <span class='ocrx_word' id='word_1_359' title='bbox 324 4230 359 4282; x_wconf 89' lang='lat' dir='ltr'>de</span> <span class='ocrx_word' id='word_1_360' title='bbox 376 4227 408 4282; x_wconf 89' lang='lat' dir='ltr'>L.</span> <span class='ocrx_word' id='word_1_361' title='bbox 422 4227 453 4282; x_wconf 90' lang='lat' dir='ltr'>L.</span> <span class='ocrx_word' id='word_1_362' title='bbox 471 4225 516 4281; x_wconf 91' lang='lat' dir='ltr'>lib.</span> <span class='ocrx_word' id='word_1_363' title='bbox 530 4241 560 4282; x_wconf 75' lang='lat' dir='ltr'>X.</span> <span class='ocrx_word' id='word_1_364' title='bbox 577 4226 634 4281; x_wconf 85' lang='lat' dir='ltr'>init.</span> <span class='ocrx_word' id='word_1_365' title='bbox 670 4227 724 4281; x_wconf 84' lang='lat' dir='ltr'>Sed</span> <span class='ocrx_word' id='word_1_366' title='bbox 741 4226 770 4282; x_wconf 89' lang='lat' dir='ltr'>iu</span> <span class='ocrx_word' id='word_1_367' title='bbox 804 4229 888 4282; x_wconf 85' lang='lat' dir='ltr'>baton</span> <span class='ocrx_word' id='word_1_368' title='bbox 903 4229 969 4282; x_wconf 88' lang='lat' dir='ltr'>illud</span> <span class='ocrx_word' id='word_1_369' title='bbox 986 4227 1123 4284; x_wconf 84' lang='lat' dir='ltr'>tolerabile</span> <span class='ocrx_word' id='word_1_370' title='bbox 1141 4237 1191 4296; x_wconf 86' lang='lat' dir='ltr'>est,</span> <span class='ocrx_word' id='word_1_371' title='bbox 1215 4245 1266 4282; x_wconf 88' lang='lat' dir='ltr'>neo</span> <span class='ocrx_word' id='word_1_372' title='bbox 1284 4232 1405 4283; x_wconf 77' lang='lat' dir='ltr'>insistere</span> 
     </span>
     <span class='ocr_line' id='line_1_42' title="bbox 166 4295 1404 4378; baseline -0.001 -27"><span class='ocrx_word' id='word_1_373' title='bbox 166 4313 201 4378; x_wconf 89' lang='lat' dir='ltr'>po</span> <span class='ocrx_word' id='word_1_374' title='bbox 249 4297 288 4351; x_wconf 83' lang='lat' dir='ltr'>ari</span> <span class='ocrx_word' id='word_1_375' title='bbox 301 4297 421 4354; x_wconf 76' lang='lat' dir='ltr'>oratione</span> <span class='ocrx_word' id='word_1_376' title='bbox 435 4295 550 4367; x_wconf 82' lang='lat' dir='ltr'>fugiunt,</span> <span class='ocrx_word' id='word_1_377' title='bbox 559 4315 621 4350; x_wconf 77' lang='lat' dir='ltr'>nem</span> <span class='ocrx_word' id='word_1_378' title='bbox 635 4297 704 4368; x_wconf 87' lang='lat' dir='ltr'>apud</span> <span class='ocrx_word' id='word_1_379' title='bbox 714 4295 768 4351; x_wconf 85' lang='lat' dir='ltr'>Cio.</span> <span class='ocrx_word' id='word_1_380' title='bbox 803 4297 968 4352; x_wconf 74' lang='lat' dir='ltr'>transitivum</span> <span class='ocrx_word' id='word_1_381' title='bbox 985 4296 1039 4351; x_wconf 81' lang='lat' dir='ltr'>vim</span> <span class='ocrx_word' id='word_1_382' title='bbox 1059 4299 1143 4353; x_wconf 81' lang='lat' dir='ltr'>babet</span> <span class='ocrx_word' id='word_1_383' title='bbox 1163 4298 1288 4369; x_wconf 87' lang='lat' dir='ltr'>ponendi.</span> <span class='ocrx_word' id='word_1_384' title='bbox 1323 4297 1404 4362; x_wconf 84' lang='lat' dir='ltr'>Quod</span> 
     </span>
     <span class='ocr_line' id='line_1_43' title="bbox 166 4364 1404 4438; baseline 0.001 -20"><span class='ocrx_word' id='word_1_385' title='bbox 166 4383 194 4418; x_wconf 89' lang='lat' dir='ltr'>m</span> <span class='ocrx_word' id='word_1_386' title='bbox 230 4367 549 4438; x_wconf 79' lang='lat' dir='ltr'>err.rv‚211egendum</span> <span class='ocrx_word' id='word_1_387' title='bbox 566 4374 607 4420; x_wconf 82' lang='lat' dir='ltr'>ost</span> <span class='ocrx_word' id='word_1_388' title='bbox 615 4367 768 4436; x_wconf 77' lang='lat' dir='ltr'>satrreoli·</span> <span class='ocrx_word' id='word_1_389' title='bbox 803 4366 952 4438; x_wconf 78' lang='lat' dir='ltr'>exemplum</span> <span class='ocrx_word' id='word_1_390' title='bbox 977 4365 1067 4422; x_wconf 86' lang='lat' dir='ltr'>laudat</span> <span class='ocrx_word' id='word_1_391' title='bbox 1088 4366 1217 4421; x_wconf 77' lang='lat' dir='ltr'>cellarius</span> <span class='ocrx_word' id='word_1_392' title='bbox 1234 4365 1346 4437; x_wconf 75' lang='lat' dir='ltr'>Vergilii</span> <span class='ocrx_word' id='word_1_393' title='bbox 1376 4364 1404 4419; x_wconf 91' lang='lat' dir='ltr'>in</span> 
     </span>
     <span class='ocr_line' id='line_1_44' title="bbox 167 4433 1404 4516; baseline 0.002 -30"><span class='ocrx_word' id='word_1_394' title='bbox 167 4437 271 4504; x_wconf 75' lang='lat' dir='ltr'>quondo</span> <span class='ocrx_word' id='word_1_395' title='bbox 288 4439 361 4505; x_wconf 80' lang='lat' dir='ltr'>opud</span> <span class='ocrx_word' id='word_1_396' title='bbox 379 4436 480 4490; x_wconf 75' lang='lat' dir='ltr'>Siculos</span> <span class='ocrx_word' id='word_1_397' title='bbox 492 4453 625 4506; x_wconf 77' lang='lat' dir='ltr'>peraeque</span> <span class='ocrx_word' id='word_1_398' title='bbox 637 4451 691 4505; x_wconf 84' lang='lat' dir='ltr'>pro</span> <span class='ocrx_word' id='word_1_399' title='bbox 702 4453 768 4505; x_wconf 81' lang='lat' dir='ltr'>por-</span> <span class='ocrx_word' id='word_1_400' title='bbox 801 4437 870 4490; x_wconf 80' lang='lat' dir='ltr'>Aeu.</span> <span class='ocrx_word' id='word_1_401' title='bbox 878 4449 920 4504; x_wconf 76' lang='lat'>11,</span> <span class='ocrx_word' id='word_1_402' title='bbox 931 4442 979 4491; x_wconf 81' lang='lat' dir='ltr'>me</span> <span class='ocrx_word' id='word_1_403' title='bbox 1003 4436 1196 4506; x_wconf 79' lang='lat' dir='ltr'>thuepedum,</span> <span class='ocrx_word' id='word_1_404' title='bbox 1204 4433 1404 4516; x_wconf 66' lang='lat' dir='ltr'>primieinsam</span> 
     </span>
     <span class='ocr_line' id='line_1_45' title="bbox 168 4504 1402 4578; baseline 0.002 -22"><span class='ocrx_word' id='word_1_405' title='bbox 168 4504 237 4556; x_wconf 79' lang='lat' dir='ltr'>tium</span> <span class='ocrx_word' id='word_1_406' title='bbox 253 4513 346 4558; x_wconf 67' lang='lat' dir='ltr'>cetea</span> <span class='ocrx_word' id='word_1_407' title='bbox 801 4507 912 4578; x_wconf 77' lang='lat' dir='ltr'>restipr&#39;u</span> <span class='ocrx_word' id='word_1_408' title='bbox 933 4507 1037 4576; x_wconf 74' lang='lat' dir='ltr'>plastis</span> <span class='ocrx_word' id='word_1_409' title='bbox 1058 4507 1195 4560; x_wconf 80' lang='lat' dir='ltr'>Imtiterat</span> <span class='ocrx_word' id='word_1_410' title='bbox 1221 4511 1249 4557; x_wconf 85' lang='lat' dir='ltr'>st</span> <span class='ocrx_word' id='word_1_411' title='bbox 1269 4509 1402 4574; x_wconf 76' lang='lat' dir='ltr'>potarum</span> 
     </span>
    </p>
   </div>
   <div class='ocr_carea' id='block_1_4' title="bbox 0 0 1638 5286">
    <p class='ocr_par' dir='ltr' id='par_1_7' title="bbox 0 0 1638 5286">
     <span class='ocr_line' id='line_1_46' title="bbox 0 0 1638 5286; baseline 0 0"><span class='ocrx_word' id='word_1_412' title='bbox 0 0 1638 5286; x_wconf 95' lang='lat' dir='ltr'> </span> 
     </span>
    </p>
   </div>
  </div>
 </body>
</html>
