3158 5294
283 279 354 351 502
751 297 785 360 o.
813 295 936 349 cunrn
962 297 1046 348 aurs

279 477 402 550 gulorum
425 477 639 532 contentionibus
661 485 689 530 et
711 474 847 530 discordiis
869 476 1024 548 implerent3
1051 476 1101 530 sibi
1127 493 1205 530 curae
1233 475 1295 529 fore
1318 476 1484 546 pellicanus,
1510 493 1529 525 ·.:

278 554 365 628 patrio
383 570 455 607 more
473 552 589 607 instituti
613 552 723 608 militiae
745 560 817 606 artes
838 553 1019 606 edocerentur.
1054 553 1097 606 Ita
1120 571 1199 624 supra
1221 553 1320 606 decem
1343 562 1534 606 vetemur:

279 633 352 687 milia
368 631 473 686 dimhsa
490 644 564 697 sunm
592 630 754 700 additusque
773 637 815 682 cst
833 628 972 697 craterus,
997 629 1043 701 qui
1064 647 1109 683 eos
1132 630 1295 695 deduceret,
1326 645 1362 682 ex
1389 629 1528 700 praeripe

279 710 349 780 regis
366 707 462 762 amicis.
499 707 548 761 Cui
567 707 587 760 si
607 707 670 778 quid
688 706 837 760 humanitus
855 706 1008 772 accidisset,
1031 705 1239 777 Polyperchonti
1257 723 1361 776 parere
1379 707 1455 759 inssi
1473 719 1524 756 emt

279 785 387 842 Litteris
409 785 489 838 etiam
511 785 545 836 ad
566 783 739 854 Antipatrum
761 782 878 854 scriptis,
905 783 1032 836 honorem
1053 783 1167 836 ementis
1194 782 1289 836 haberi
1322 783 1487 854 paecepit.
1510 798 1528 830 t

281 863 402 934 quotiens
419 861 474 915 ludi
493 869 574 932 atque
592 857 736 913 certamina
752 859 903 925 ederentur,
921 859 948 912 in
967 860 1057 930 primis
1070 859 1208 913 ordinibus
1220 859 1352 914 coronati
1366 869 1526 930 spernar&

279 949 363 1011 utque
380 941 434 995 sato
451 939 601 992 functorum
623 934 700 988 liberi
717 935 867 1006 impuberes
884 936 913 988 in
934 945 1046 1007 paterna
1062 935 1194 1007 stipendia
1211 936 1411 990 snceederent.
1452 935 1527 990 Crat·L

279 1035 338 1071 rum
347 1016 520 1070 Macedoniae
539 1011 789 1081 continentibusque
806 1011 957 1082 regionibus
975 1031 1034 1066 cum
1049 1012 1158 1084 imperio
1175 1029 1302 1082 praeesse
1323 1013 1449 1084 placuit,
1467 1011 1528 1064 ΑΛ·

280 1102 382 1165 patrum
404 1111 463 1146 cum
486 1087 667 1160 supplemento
690 1087 820 1142 iuniorum
843 1089 1016 1143 Macedonum
1042 1092 1077 1142 ad
1102 1107 1192 1159 regem
1219 1106 1352 1160 pergere.
1389 1090 1526 1142 Verere:-

280 1170 368 1236 euim,
387 1186 420 1222 ne
437 1185 485 1240 per
502 1164 657 1220 discordiam
674 1164 804 1234 praefecti
822 1183 881 1219 cunr
901 1165 1059 1238 Olympiade
1076 1165 1162 1236 gravis
1179 1165 1273 1236 aliqua
1290 1167 1390 1220 cleda
1409 1165 1526 1235 maiman

281 1255 332 1300 tur.
367 1245 438 1298 Nam
463 1242 558 1297 multas
581 1242 615 1294 ad
637 1239 818 1294 Alexandrum
840 1241 965 1312 epistolas
993 1252 1091 1310 mater,
1117 1241 1215 1295 multas
1237 1243 1397 1314 Antipater
1425 1243 1525 1296 miff-

280 1322 445 1391 vicissimque
467 1320 535 1372 alter
557 1317 667 1371 alterum
690 1330 848 1388 arroganter
869 1326 897 1372 at
924 1319 1019 1372 acerbe
1045 1319 1173 1390 pleraque
1195 1317 1284 1372 facere
1310 1319 1519 1372 &missusne

280 1413 349 1469 quae
367 1398 401 1450 ad
419 1397 532 1450 dedecus
550 1401 597 1448 aut
614 1393 800 1447 detrimentum
816 1395 906 1464 regiae
923 1394 1069 1449 maiestatis
1086 1394 1260 1466 pertinerent
1298 1394 1524 1466 Postquamer'n

280 1491 368 1528 rumor
395 1472 472 1526 occisi
499 1470 568 1541 regn‘s
589 1477 688 1524 temere
710 1470 833 1540 vulgatus
862 1470 890 1523 in
912 1471 1096 1526 Macedoniam
1121 1472 1335 1541 penetravisset,
1368 1481 1462 1525 mater
1485 1472 1523 1521 eis

280 1566 408 1618 sororque
431 1549 575 1619 Cleopatra
600 1547 775 1602 tumultuatae
802 1547 920 1614 suanam,
952 1555 981 1600 et
1007 1549 1071 1602 haec
1096 1547 1201 1618 quidem
1232 1557 1389 1620 paternum
1418 1565 1515 1617 regum

282 1625 418 1697 Olympias
435 1625 546 1698 Epirum
563 1625 704 1678 invaserat.
738 1623 819 1676 Forte
842 1624 904 1675 dum
927 1623 1055 1677 eiusmodi
1077 1624 1184 1678 litterae
1208 1625 1387 1692 redduntur,
1416 1626 1523 1696 nepas-

281 1703 360 1768 stion,
378 1713 496 1757 assuetus
515 1700 630 1756 omnium
647 1717 800 1754 arcanorum
818 1717 846 1753 se
863 1699 1016 1772 participem
1034 1699 1133 1768 haberi,
1151 1700 1303 1772 resignatas
1321 1704 1363 1756 ab
1379 1702 1520 1756 Alamo-

281 1779 358 1836 simul
383 1779 548 1851 inspiciebat.
584 1777 678 1847 Neque
702 1775 787 1830 vetnit
815 1793 875 1829 eum
902 1793 965 1840 rex,
992 1778 1039 1829 sed
1065 1777 1212 1830 deuectum
1235 1778 1327 1849 digito
1361 1779 1476 1832 anulum

280 1856 393 1929 legentis
410 1855 541 1921 admovit,
560 1854 624 1907 nihil
642 1870 745 1919 eorum,
764 1869 830 1924 quae
847 1852 996 1924 perscripta
1013 1861 1114 1919 essent,
1133 1852 1160 1905 in
1179 1853 1243 1908 alios
1261 1856 1443 1908 efferendum
1461 1854 1521 1922 sign-

281 1935 368 1988 boans.
404 1934 538 1988 Incusasse
556 1939 644 1984 autem
661 1931 751 1982 ambos
769 1929 860 1996 fertur,
879 1937 907 1982 et
924 1930 1015 1983 matris
1033 1929 1172 1982 insolentia
1188 1939 1346 2001 permotum
1362 1933 1520 1986 anasse.

281 2027 339 2065 eam
360 2029 408 2082 pro
426 2009 591 2065 habitatione
615 2009 706 2060 decens
727 2004 867 2072 mensium,
896 2022 975 2076 quam
997 2006 1025 2059 in
1046 2013 1121 2058 utero
1143 2004 1192 2059 sibi
1212 2008 1407 2078 praebuiaeet,
1433 2025 1520 2080 grass:

281 2089 429 2142 mercedem
446 2087 565 2158 exigere:
591 2083 763 2155 Antipatrum
780 2098 844 2135 vero
861 2091 1010 2151 suspectum
1028 2082 1162 2145 habuisse,
1191 2084 1267 2153 quasi
1290 2094 1377 2154 parta
1403 2103 1440 2138 ex
1458 2085 1521 2154 Spa·-

281 2165 351 2220 tanis
367 2165 480 2218 victoria
501 2163 638 2218 tollentem
661 2159 775 2225 animos,
800 2168 828 2210 et
849 2157 958 2228 imperio
980 2167 1022 2214 tot
1042 2159 1094 2212 iam
1114 2159 1142 2213 in
1165 2177 1248 2214 annos
1274 2173 1437 2233 prorogato
1459 2177 1519 2230 supr

282 2241 409 2316 praesceti
427 2241 534 2294 modum
551 2239 656 2292 elatum.
692 2236 785 2305 Itaque
804 2252 863 2288 cum
880 2235 935 2290 eius
952 2235 1068 2305 gravitas
1086 2243 1166 2306 atque
1183 2236 1328 2308 integritas
1345 2256 1365 2291 a
1375 2239 1519 2310 quietata

281 2316 487 2388 praediceretur,
505 2315 625 2381 subiecit,
644 2311 758 2366 exterius
776 2311 882 2382 quidem
891 2311 979 2365 album
989 2312 1080 2380 videri,
1097 2317 1142 2365 sed
1157 2312 1179 2365 si
1192 2313 1302 2383 penitus
1319 2315 1517 2386 intmspidstc.

281 2402 368 2446 totum
390 2408 447 2444 esse
469 2407 637 2462 purpureum.
672 2389 772 2443 Pressit
793 2396 881 2441 manen
905 2387 1078 2459 suspicionem
1100 2407 1186 2458 suam,
1213 2407 1303 2462 neque
1334 2391 1426 2444 ullum
1453 2390 1518 2444 nnsz’h

282 2467 374 2522 sestius
401 2466 544 2519 abalienati
570 2466 650 2519 animi
677 2465 801 2520 iudicium
826 2464 961 2536 praetulit.
1001 2465 1144 2520 Credidere
1166 2474 1256 2518 tamen
1279 2467 1431 2538 plerique,
1457 2471 1518 2521 Anu·

282 2551 401 2614 patrum,
429 2543 531 2596 evocari
549 2559 577 2596 se
594 2543 714 2613 supplicii
732 2559 811 2597 causa
827 2549 927 2607 ratum,
954 2539 1041 2612 impiis
1062 2541 1297 2596 machinationibus
1317 2545 1418 2616 regiae
1434 2545 1516 2605 smnus

283 2635 350 2689 quae
368 2619 447 2690 paulo
465 2628 526 2690 post
543 2627 632 2674 secuta
649 2627 700 2687 est,
719 2627 852 2672 auctorem
870 2617 996 2672 extitisse.

351 2694 458 2748 Interea
474 2713 537 2764 rex,
565 2704 595 2749 ut
617 2695 749 2748 imminuti
765 2696 895 2749 exercitus
916 2695 1075 2750 detrimenta
1092 2693 1215 2760 sarciret,
1241 2695 1381 2765 optimum
1405 2715 1516 2770 quemn:

283 2770 423 2824 Persarum
441 2773 468 2825 in
478 2772 662 2826 Macedonicos
679 2772 784 2826 ordines
801 2771 904 2842 allegit:
931 2769 1002 2824 mille
1019 2771 1099 2827 ctiam
1116 2771 1363 2842 praestantissimos
1381 2775 1516 2846 segregarit

283 2847 317 2899 ad
335 2847 482 2917 propiorem
500 2849 539 2902 sui
557 2849 673 2920 corporis
692 2850 853 2902 custodiam:
875 2847 953 2901 aliarn
970 2848 1136 2902 hastatorum
1153 2864 1274 2914 mmum,
1299 2849 1377 2902 haud
1397 2851 1516 2922 pausiam

200 2933 204 2942 “
283 2923 374 2974 decem
390 2922 508 2992 milibus,
536 2925 604 2979 circa
625 2926 727 2997 regium
749 2923 946 2980 tabernaculum
970 2925 1092 2978 excubias
1115 2939 1194 2994 agere
1208 2923 1300 3000 ¹iussit
1340 2926 1422 2982 Haec
1442 2943 1514 2998 agens

283 2995 425 3050 Peucestes
449 3001 599 3068 supervenit
621 3019 679 3056 cum
698 3001 792 3071 viginti
811 2999 1008 3072 sagittariorum
1025 3000 1240 3070 funditorumque
1256 2999 1382 3070 milibus,
1414 3023 1477 3074 qnos
1492 3021 1515 3054 ex

283 3089 331 3126 aua
353 3075 488 3144 provincia
509 3082 640 3146 coegerat.
675 3078 725 3130 His
748 3095 796 3146 per
816 3077 961 3132 exercitum
982 3075 1144 3142 distributis,
1167 3077 1304 3146 profectus
1328 3089 1373 3132 est
1391 3081 1477 3139 sust«,
1496 3092 1513 3129 e:

283 3149 409 3220 Pasitigri
427 3169 504 3205 arnne
521 3153 690 3220 transmisso,
714 3156 785 3223 apud
803 3155 885 3208 Caras
908 3161 994 3207 castra
1015 3162 1130 3207 metatus
1152 3161 1205 3206 est:
1232 3154 1295 3207 iude
1313 3157 1461 3224 quatriduo
1480 3173 1512 3226 pr

213 3272 217 3280 .
285 3224 439 3280 Sittacenen
457 3228 540 3281 ductis
558 3228 639 3298 copiis
658 3229 790 3283 Sambana
807 3229 945 3302 processit,
968 3230 1014 3283 ubi
1030 3247 1079 3302 per
1096 3226 1198 3300 septem
1217 3231 1273 3284 dies
1291 3232 1419 3301 quietum
1437 3250 1512 3304 goma

285 3301 379 3353 tenuit.
416 3301 510 3355 Tridui
537 3303 632 3356 deinde
657 3304 752 3358 itinere
775 3324 881 3362 emenso
906 3306 1018 3361 Celonas
1045 3315 1202 3376 perventum
1228 3317 1278 3361 est
1315 3307 1457 3379 Oppidmn
1476 3312 1510 3362 hau

286 3384 379 3429 tenent
396 3377 505 3431 Boeotia
522 3380 642 3448 profecti,
662 3398 728 3450 quos
744 3381 851 3436 Xerxes
869 3382 974 3436 sedibus
992 3381 1043 3434 suis
1062 3383 1162 3436 excitos
1179 3384 1207 3436 in
1217 3384 1360 3438 Orientem
1380 3387 1511 3439 transtulit·

286 3453 478 3523 servabantque
496 3463 678 3524 argumentum
696 3456 803 3526 originis
825 3457 951 3529 peculiari
974 3475 1106 3524 sermone,
1129 3475 1164 3512 ex
1181 3459 1290 3514 Graecis
1307 3461 1465 3536 plerumque
1478 3481 1511 3513 ra

286 3527 360 3582 cibus
378 3537 527 3584 constante:
546 3539 661 3585 ceterum
679 3533 713 3586 ob
731 3535 943 3589 commerciorum
961 3535 1145 3588 necessitatem
1162 3536 1335 3589 finitimorum
1355 3539 1509 3594 barbarorun

284 3605 375 3674 lingua
392 3607 541 3662 utebantur.
576 3607 643 3662 Inde
660 3607 823 3680 Bagistanen
841 3611 972 3682 ingressus
990 3621 1047 3678 est,
1069 3610 1207 3681 regionem
1224 3612 1383 3682 opulentam
1400 3627 1429 3670 et
1446 3619 1509 3671 aaa

285 3683 395 3735 darrtem
412 3684 536 3739 arborum
554 3703 666 3741 amoeno
685 3695 713 3740 et
730 3687 845 3741 fecundo
862 3689 946 3754 soctu,
965 3687 1112 3758 ceterisque
1130 3688 1165 3740 ad
1183 3688 1252 3741 vitae
1269 3707 1325 3743 uon
1344 3709 1422 3746 usum
1439 3697 1509 3753 mods,

285 3773 375 3811 verum
397 3760 475 3814 etiam
502 3763 703 3818 delectationem
723 3763 927 3835 pertinentibus.
963 3763 1059 3818 Gravis
1080 3763 1152 3817 inter
1173 3766 1238 3820 haec
1254 3766 1371 3821 Eumeni
1393 3788 1450 3824 nrm
1469 3772 1509 3824 Ha

285 3833 441 3907 pheestione
459 3838 577 3894 simultas
595 3839 732 3894 inciderat.
766 3839 837 3892 Nam
858 3855 946 3894 servos
964 3841 1090 3894 Eumenis
1107 3840 1267 3908 diversorio,
1295 3845 1372 3913 qued
1394 3865 1442 3916 pro
1460 3849 1508 3900 hac

285 3927 332 3965 suo
359 3919 562 3984 antecaperant‚
593 3915 756 3986 Hephaestio
786 3914 972 3986 proturbavit,
1009 3926 1041 3971 ut
1066 3916 1149 3970 Euius
1174 3916 1272 3972 tibicen
1298 3935 1333 3972 eo
1358 3921 1506 3994 reciperent.

285 3987 381 4056 Neque
398 3989 481 4043 multo
505 4000 582 4060 post,
610 4009 668 4044 cum
691 3993 744 4046 iam
765 3992 849 4062 sopita
871 3993 932 4046 odia
952 3993 1118 4059 viderentur,
1146 4009 1216 4046 nora
1237 4003 1335 4048 exorta
1356 4001 1506 4053 contentione

285 4064 351 4116 adeo
368 4065 570 4134 recruduerant,
599 4075 628 4120 ut
649 4069 729 4121 etiam
750 4068 778 4120 in
797 4076 877 4121 atrox
894 4068 1007 4140 iurgium
1024 4079 1053 4124 et
1070 4071 1165 4125 acerba
1182 4069 1308 4140 utrinque
1328 4075 1443 4129 enuncia
1462 4095 1507 4146 pre

285 4148 445 4209 rumperent.
483 4142 539 4196 Sed
556 4142 701 4197 Alexandri
718 4145 871 4198 interventu
888 4143 1051 4219 immaioque
1072 4145 1225 4200 inimicitiae
1248 4147 1344 4201 saltem
1367 4151 1395 4205 in
1416 4155 1507 4224 aperies

284 4213 400 4268 abolitae
417 4227 492 4273 sunt:
509 4237 569 4274 curn
585 4219 629 4272 ille
648 4220 754 4290 quidem
769 4219 960 4291 Hephaestioni
977 4223 1057 4276 etiam
1074 4222 1188 4278 minatus
1206 4231 1286 4292 essct,
1303 4225 1351 4296 qui
1369 4227 1397 4281 in
1414 4229 1507 4300 flagras

284 4290 579 4426 fflwffiffi‘
593 4295 702 4366 positus,
720 4313 879 4368 quamquam
897 4298 1020 4370 cupidum
1037 4300 1257 4355 reconcibationis
1273 4301 1429 4374 Eumenem,
1445 4305 1507 4378 perti
