<?xml version="1.0" encoding="UTF-8"?>
<!DOCTYPE html PUBLIC "-//W3C//DTD XHTML 1.0 Transitional//EN"
    "http://www.w3.org/TR/xhtml1/DTD/xhtml1-transitional.dtd">
<html xmlns="http://www.w3.org/1999/xhtml" xml:lang="en" lang="en">
 <head>
  <title>
</title>
<meta http-equiv="Content-Type" content="text/html;charset=utf-8" />
  <meta name='ocr-system' content='tesseract 3.04.00' />
  <meta name='ocr-capabilities' content='ocr_page ocr_carea ocr_par ocr_line ocrx_word'/>
</head>
<body>
  <div class='ocr_page' id='page_1' title='image "./qcurtiirufidege00zumpgoog_0088.png"; bbox 0 0 3202 5288; ppageno 0'>
   <div class='ocr_carea' id='block_1_1' title="bbox 513 295 1369 368">
    <p class='ocr_par' dir='ltr' id='par_1_1' title="bbox 513 295 1369 368">
     <span class='ocr_line' id='line_1_1' title="bbox 513 295 1369 368; baseline 0 -1"><span class='ocrx_word' id='word_1_1' title='bbox 513 317 562 368; x_wconf 85' lang='lat' dir='ltr'>nn</span> <span class='ocrx_word' id='word_1_2' title='bbox 591 315 718 367; x_wconf 80' lang='lat' dir='ltr'>ensrrs</span> <span class='ocrx_word' id='word_1_3' title='bbox 745 316 854 366; x_wconf 74' lang='lat' dir='ltr'>ntur.</span> <span class='ocrx_word' id='word_1_4' title='bbox 881 315 931 366; x_wconf 85' lang='lat'>111.</span> <span class='ocrx_word' id='word_1_5' title='bbox 959 311 1002 365; x_wconf 75' lang='lat' dir='ltr'>au.</span> <span class='ocrx_word' id='word_1_6' title='bbox 1322 295 1369 368; x_wconf 83' lang='lat'>59</span> 
     </span>
    </p>
   </div>
   <div class='ocr_carea' id='block_1_2' title="bbox 77 498 1374 1243">
    <p class='ocr_par' dir='ltr' id='par_1_2' title="bbox 77 498 1374 1243">
     <span class='ocr_line' id='line_1_2' title="bbox 77 498 1371 598; baseline -0.007 -14"><span class='ocrx_word' id='word_1_7' title='bbox 77 537 109 584; x_wconf 75' lang='grc' dir='ltr'>ιτ</span> <span class='ocrx_word' id='word_1_8' title='bbox 129 513 227 578; x_wconf 74' lang='lat' dir='ltr'>simi.</span> <span class='ocrx_word' id='word_1_9' title='bbox 282 499 452 578; x_wconf 82' lang='lat' dir='ltr'>Ceterum</span> <span class='ocrx_word' id='word_1_10' title='bbox 476 509 600 575; x_wconf 85' lang='lat' dir='ltr'>tantae</span> <span class='ocrx_word' id='word_1_11' title='bbox 633 502 798 575; x_wconf 82' lang='lat' dir='ltr'>fortrmae</span> <span class='ocrx_word' id='word_1_12' title='bbox 833 498 1054 598; x_wconf 80' lang='lat' dir='ltr'>proditorem</span> <span class='ocrx_word' id='word_1_13' title='bbox 1089 500 1210 598; x_wconf 88' lang='lat' dir='ltr'>superi</span> <span class='ocrx_word' id='word_1_14' title='bbox 1235 501 1371 577; x_wconf 83' lang='lat' dir='ltr'>ultores</span> 
     </span>
     <span class='ocr_line' id='line_1_3' title="bbox 129 609 1371 712; baseline -0.002 -23"><span class='ocrx_word' id='word_1_15' title='bbox 129 615 296 689; x_wconf 80' lang='lat' dir='ltr'>celeriter</span> <span class='ocrx_word' id='word_1_16' title='bbox 335 613 458 688; x_wconf 80' lang='lat' dir='ltr'>debito</span> <span class='ocrx_word' id='word_1_17' title='bbox 495 636 614 712; x_wconf 89' lang='lat' dir='ltr'>poena</span> <span class='ocrx_word' id='word_1_18' title='bbox 653 611 833 710; x_wconf 85' lang='lat' dir='ltr'>persecuti</span> <span class='ocrx_word' id='word_1_19' title='bbox 872 620 966 684; x_wconf 84' lang='lat' dir='ltr'>sunt.</span> <span class='ocrx_word' id='word_1_20' title='bbox 1018 609 1181 708; x_wconf 80' lang='lat' dir='ltr'>Namque</span> <span class='ocrx_word' id='word_1_21' title='bbox 1221 636 1315 685; x_wconf 83' lang='lat' dir='ltr'>unus</span> <span class='ocrx_word' id='word_1_22' title='bbox 1350 638 1371 686; x_wconf 90' lang='lat' dir='ltr'>e</span> 
     </span>
     <span class='ocr_line' id='line_1_4' title="bbox 128 722 1372 822; baseline -0.003 -23"><span class='ocrx_word' id='word_1_23' title='bbox 128 725 283 800; x_wconf 84' lang='lat' dir='ltr'>consciis</span> <span class='ocrx_word' id='word_1_24' title='bbox 310 725 396 816; x_wconf 88' lang='lat' dir='ltr'>eius,</span> <span class='ocrx_word' id='word_1_25' title='bbox 424 723 541 815; x_wconf 89' lang='lat' dir='ltr'>credo,</span> <span class='ocrx_word' id='word_1_26' title='bbox 573 724 667 822; x_wconf 82' lang='lat' dir='ltr'>regie</span> <span class='ocrx_word' id='word_1_27' title='bbox 693 722 810 796; x_wconf 90' lang='lat' dir='ltr'>vicem</span> <span class='ocrx_word' id='word_1_28' title='bbox 836 722 944 794; x_wconf 84' lang='lat' dir='ltr'>etiam</span> <span class='ocrx_word' id='word_1_29' title='bbox 969 723 1008 795; x_wconf 90' lang='lat' dir='ltr'>in</span> <span class='ocrx_word' id='word_1_30' title='bbox 1033 723 1093 795; x_wconf 89' lang='lat' dir='ltr'>illa</span> <span class='ocrx_word' id='word_1_31' title='bbox 1118 730 1215 796; x_wconf 81' lang='lat' dir='ltr'>sorte</span> <span class='ocrx_word' id='word_1_32' title='bbox 1241 724 1372 798; x_wconf 87' lang='lat' dir='ltr'>reveri-</span> 
     </span>
     <span class='ocr_line' id='line_1_5' title="bbox 126 830 1372 934; baseline -0.003 -24"><span class='ocrx_word' id='word_1_33' title='bbox 126 847 202 928; x_wconf 84' lang='lat' dir='ltr'>tus,</span> <span class='ocrx_word' id='word_1_34' title='bbox 235 836 415 910; x_wconf 85' lang='lat' dir='ltr'>interfecti</span> <span class='ocrx_word' id='word_1_35' title='bbox 441 833 635 934; x_wconf 85' lang='lat' dir='ltr'>proditoris</span> <span class='ocrx_word' id='word_1_36' title='bbox 668 843 777 930; x_wconf 85' lang='lat' dir='ltr'>caput</span> <span class='ocrx_word' id='word_1_37' title='bbox 811 832 859 906; x_wconf 83' lang='lat' dir='ltr'>ad</span> <span class='ocrx_word' id='word_1_38' title='bbox 883 830 1043 906; x_wconf 86' lang='lat' dir='ltr'>Dareum</span> <span class='ocrx_word' id='word_1_39' title='bbox 1074 834 1166 925; x_wconf 83' lang='lat' dir='ltr'>tulit,</span> <span class='ocrx_word' id='word_1_40' title='bbox 1202 844 1372 933; x_wconf 89' lang='lat' dir='ltr'>opportu-</span> 
     </span>
     <span class='ocr_line' id='line_1_6' title="bbox 125 944 1374 1044; baseline -0.002 -23"><span class='ocrx_word' id='word_1_41' title='bbox 125 973 219 1021; x_wconf 91' lang='lat' dir='ltr'>num</span> <span class='ocrx_word' id='word_1_42' title='bbox 245 949 414 1021; x_wconf 83' lang='lat' dir='ltr'>solatium</span> <span class='ocrx_word' id='word_1_43' title='bbox 447 944 610 1044; x_wconf 89' lang='lat' dir='ltr'>prodito:</span> <span class='ocrx_word' id='word_1_44' title='bbox 646 946 778 1044; x_wconf 87' lang='lat' dir='ltr'>quippe</span> <span class='ocrx_word' id='word_1_45' title='bbox 810 953 848 1018; x_wconf 88' lang='lat' dir='ltr'>et</span> <span class='ocrx_word' id='word_1_46' title='bbox 873 945 969 1018; x_wconf 84' lang='lat' dir='ltr'>ultus</span> <span class='ocrx_word' id='word_1_47' title='bbox 995 944 1177 1017; x_wconf 91' lang='lat' dir='ltr'>inimicum</span> <span class='ocrx_word' id='word_1_48' title='bbox 1213 956 1300 1038; x_wconf 85' lang='lat' dir='ltr'>erat,</span> <span class='ocrx_word' id='word_1_49' title='bbox 1336 955 1374 1019; x_wconf 84' lang='lat' dir='ltr'>et</span> 
     </span>
     <span class='ocr_line' id='line_1_7' title="bbox 127 1055 1372 1132; baseline -0.001 -2"><span class='ocrx_word' id='word_1_50' title='bbox 127 1055 293 1132; x_wconf 90' lang='lat' dir='ltr'>nondum</span> <span class='ocrx_word' id='word_1_51' title='bbox 318 1059 353 1131; x_wconf 90' lang='lat' dir='ltr'>in</span> <span class='ocrx_word' id='word_1_52' title='bbox 382 1057 541 1130; x_wconf 89' lang='lat' dir='ltr'>omnium</span> <span class='ocrx_word' id='word_1_53' title='bbox 566 1056 692 1130; x_wconf 81' lang='lat' dir='ltr'>aninris</span> <span class='ocrx_word' id='word_1_54' title='bbox 718 1057 925 1130; x_wconf 83' lang='lat' dir='ltr'>memoriam</span> <span class='ocrx_word' id='word_1_55' title='bbox 961 1055 1158 1128; x_wconf 83' lang='lat' dir='ltr'>maiestatis</span> <span class='ocrx_word' id='word_1_56' title='bbox 1193 1081 1280 1130; x_wconf 84' lang='lat' dir='ltr'>suae</span> <span class='ocrx_word' id='word_1_57' title='bbox 1311 1082 1372 1131; x_wconf 87' lang='lat' dir='ltr'>ex·</span> 
     </span>
     <span class='ocr_line' id='line_1_8' title="bbox 128 1169 494 1243; baseline -0.003 -1"><span class='ocrx_word' id='word_1_58' title='bbox 128 1169 283 1243; x_wconf 87' lang='lat' dir='ltr'>oleviese</span> <span class='ocrx_word' id='word_1_59' title='bbox 315 1169 494 1243; x_wconf 81' lang='lat' dir='ltr'>cernebat.</span> 
     </span>
    </p>
   </div>
   <div class='ocr_carea' id='block_1_3' title="bbox 128 1367 1374 1986">
    <p class='ocr_par' dir='ltr' id='par_1_3' title="bbox 128 1367 1374 1986">
     <span class='ocr_line' id='line_1_9' title="bbox 169 1367 1372 1448; baseline 0.002 -27"><span class='ocrx_word' id='word_1_60' title='bbox 169 1371 193 1438; x_wconf 68' lang='grc' dir='ltr'>ξ.</span> <span class='ocrx_word' id='word_1_61' title='bbox 213 1375 254 1422; x_wconf 79' lang='lat' dir='ltr'>tt.</span> <span class='ocrx_word' id='word_1_62' title='bbox 290 1377 401 1422; x_wconf 70' lang='lat' dir='ltr'>ceteram</span> <span class='ocrx_word' id='word_1_63' title='bbox 419 1375 484 1422; x_wconf 84' lang='lat' dir='ltr'>tent.</span> <span class='ocrx_word' id='word_1_64' title='bbox 499 1370 562 1430; x_wconf 72' lang='lat' dir='ltr'>fori.</span> <span class='ocrx_word' id='word_1_65' title='bbox 574 1369 738 1440; x_wconf 81' lang='lat' dir='ltr'>proditorem</span> <span class='ocrx_word' id='word_1_66' title='bbox 772 1367 985 1448; x_wconf 76' lang='lat' dir='ltr'>mortaliasueto</span> <span class='ocrx_word' id='word_1_67' title='bbox 1009 1369 1103 1422; x_wconf 75' lang='lat' dir='ltr'>videtis</span> <span class='ocrx_word' id='word_1_68' title='bbox 1135 1375 1187 1422; x_wconf 74' lang='lat' dir='ltr'>erte</span> <span class='ocrx_word' id='word_1_69' title='bbox 1207 1369 1259 1422; x_wconf 85' lang='lat' dir='ltr'>mei</span> <span class='ocrx_word' id='word_1_70' title='bbox 1279 1385 1372 1442; x_wconf 84' lang='lat' dir='ltr'>merro-</span> 
     </span>
     <span class='ocr_line' id='line_1_10' title="bbox 128 1407 1373 1508; baseline -0.001 -17"><span class='ocrx_word' id='word_1_71' title='bbox 128 1439 225 1508; x_wconf 73' lang='lat' dir='ltr'>cupen&#39;</span> <span class='ocrx_word' id='word_1_72' title='bbox 241 1437 352 1507; x_wconf 78' lang='lat' dir='ltr'>ultorer]</span> <span class='ocrx_word' id='word_1_73' title='bbox 370 1437 470 1490; x_wconf 73' lang='lat' dir='ltr'>Omnes</span> <span class='ocrx_word' id='word_1_74' title='bbox 487 1437 562 1492; x_wconf 87' lang='lat' dir='ltr'>codd.</span> <span class='ocrx_word' id='word_1_75' title='bbox 579 1455 640 1490; x_wconf 81' lang='lat' dir='ltr'>mae.</span> <span class='ocrx_word' id='word_1_76' title='bbox 664 1436 738 1490; x_wconf 76' lang='lat' dir='ltr'>Oete·</span> <span class='ocrx_word' id='word_1_77' title='bbox 772 1453 824 1503; x_wconf 77' lang='lat' dir='ltr'>ree,</span> <span class='ocrx_word' id='word_1_78' title='bbox 844 1435 918 1507; x_wconf 81' lang='lat' dir='ltr'>Iphre</span> <span class='ocrx_word' id='word_1_79' title='bbox 934 1435 1050 1491; x_wconf 87' lang='lat' dir='ltr'>ludibrio</span> <span class='ocrx_word' id='word_1_80' title='bbox 1066 1407 1172 1492; x_wconf 72' lang='lat' dir='ltr'>halitus</span> <span class='ocrx_word' id='word_1_81' title='bbox 1188 1437 1236 1505; x_wconf 84' lang='lat' dir='ltr'>ait,</span> <span class='ocrx_word' id='word_1_82' title='bbox 1260 1444 1289 1490; x_wconf 84' lang='lat' dir='ltr'>et</span> <span class='ocrx_word' id='word_1_83' title='bbox 1310 1455 1373 1492; x_wconf 83' lang='lat' dir='ltr'>mox</span> 
     </span>
     <span class='ocr_line' id='line_1_11' title="bbox 129 1505 1373 1578; baseline 0 -18"><span class='ocrx_word' id='word_1_84' title='bbox 129 1525 193 1560; x_wconf 81' lang='lat' dir='ltr'>ram</span> <span class='ocrx_word' id='word_1_85' title='bbox 213 1507 303 1574; x_wconf 83' lang='lat' dir='ltr'>(caet.)</span> <span class='ocrx_word' id='word_1_86' title='bbox 322 1514 412 1559; x_wconf 83' lang='lat' dir='ltr'>tentae</span> <span class='ocrx_word' id='word_1_87' title='bbox 428 1508 558 1575; x_wconf 61' lang='lat' dir='ltr'>satanae</span> <span class='ocrx_word' id='word_1_88' title='bbox 575 1505 737 1576; x_wconf 80' lang='lat' dir='ltr'>proditorem</span> <span class='ocrx_word' id='word_1_89' title='bbox 770 1505 887 1577; x_wconf 85' lang='lat' dir='ltr'>puellam</span> <span class='ocrx_word' id='word_1_90' title='bbox 905 1506 1046 1576; x_wconf 81' lang='lat' dir='ltr'>superbam</span> <span class='ocrx_word' id='word_1_91' title='bbox 1064 1507 1118 1559; x_wconf 84' lang='lat' dir='ltr'>iam</span> <span class='ocrx_word' id='word_1_92' title='bbox 1136 1508 1200 1559; x_wconf 78' lang='lat' dir='ltr'>dena</span> <span class='ocrx_word' id='word_1_93' title='bbox 1218 1508 1287 1560; x_wconf 79' lang='lat' dir='ltr'>attor</span> <span class='ocrx_word' id='word_1_94' title='bbox 1312 1523 1373 1578; x_wconf 87' lang='lat' dir='ltr'>per-</span> 
     </span>
     <span class='ocr_line' id='line_1_12' title="bbox 129 1573 1374 1645; baseline -0.002 -15"><span class='ocrx_word' id='word_1_95' title='bbox 129 1577 285 1645; x_wconf 73' lang='lat' dir='ltr'>sepulturoe</span> <span class='ocrx_word' id='word_1_96' title='bbox 303 1575 421 1627; x_wconf 84' lang='lat' dir='ltr'>celeriter</span> <span class='ocrx_word' id='word_1_97' title='bbox 439 1575 526 1628; x_wconf 81' lang='lat' dir='ltr'>debito</span> <span class='ocrx_word' id='word_1_98' title='bbox 538 1591 626 1644; x_wconf 82' lang='lat' dir='ltr'>poeno</span> <span class='ocrx_word' id='word_1_99' title='bbox 644 1591 737 1644; x_wconf 81' lang='lat' dir='ltr'>peree-</span> <span class='ocrx_word' id='word_1_100' title='bbox 771 1581 877 1628; x_wconf 76' lang='lat' dir='ltr'>aeuitur</span> <span class='ocrx_word' id='word_1_101' title='bbox 894 1581 943 1628; x_wconf 81' lang='lat' dir='ltr'>eet.</span> <span class='ocrx_word' id='word_1_102' title='bbox 978 1573 1079 1645; x_wconf 82' lang='lat' dir='ltr'>Recepi</span> <span class='ocrx_word' id='word_1_103' title='bbox 1096 1573 1180 1644; x_wconf 83' lang='lat' dir='ltr'>igitur</span> <span class='ocrx_word' id='word_1_104' title='bbox 1195 1574 1374 1628; x_wconf 85' lang='lat' dir='ltr'>coniecturam</span> 
     </span>
     <span class='ocr_line' id='line_1_13' title="bbox 130 1641 1374 1714; baseline 0.002 -18"><span class='ocrx_word' id='word_1_105' title='bbox 130 1645 187 1696; x_wconf 84' lang='lat' dir='ltr'>enti</span> <span class='ocrx_word' id='word_1_106' title='bbox 205 1651 275 1710; x_wconf 77' lang='lat' dir='ltr'>sant,</span> <span class='ocrx_word' id='word_1_107' title='bbox 294 1641 343 1696; x_wconf 77' lang='lat' dir='ltr'>nisi</span> <span class='ocrx_word' id='word_1_108' title='bbox 381 1642 434 1694; x_wconf 91' lang='lat' dir='ltr'>nod</span> <span class='ocrx_word' id='word_1_109' title='bbox 450 1659 522 1712; x_wconf 87' lang='lat' dir='ltr'>pena</span> <span class='ocrx_word' id='word_1_110' title='bbox 539 1653 680 1713; x_wconf 78' lang='lat' dir='ltr'>persecuto</span> <span class='ocrx_word' id='word_1_111' title='bbox 697 1652 736 1695; x_wconf 83' lang='lat' dir='ltr'>eet</span> <span class='ocrx_word' id='word_1_112' title='bbox 771 1641 966 1697; x_wconf 81' lang='lat' dir='ltr'>Gronoviaoam</span> <span class='ocrx_word' id='word_1_113' title='bbox 982 1642 1144 1714; x_wconf 88' lang='lat' dir='ltr'>reliquorum</span> <span class='ocrx_word' id='word_1_114' title='bbox 1161 1642 1317 1696; x_wconf 82' lang='lat' dir='ltr'>emendandi</span> <span class='ocrx_word' id='word_1_115' title='bbox 1330 1661 1374 1698; x_wconf 90' lang='lat' dir='ltr'>co·</span> 
     </span>
     <span class='ocr_line' id='line_1_14' title="bbox 128 1709 1374 1781; baseline 0 -15"><span class='ocrx_word' id='word_1_116' title='bbox 128 1711 261 1779; x_wconf 90' lang='lat' dir='ltr'>inPal.1‚</span> <span class='ocrx_word' id='word_1_117' title='bbox 279 1710 351 1764; x_wconf 85' lang='lat' dir='ltr'>Flor.</span> <span class='ocrx_word' id='word_1_118' title='bbox 388 1709 435 1777; x_wconf 87' lang='lat' dir='ltr'>Fl,</span> <span class='ocrx_word' id='word_1_119' title='bbox 477 1728 526 1764; x_wconf 81' lang='lat' dir='ltr'>erio</span> <span class='ocrx_word' id='word_1_120' title='bbox 539 1721 680 1781; x_wconf 76' lang='lat' dir='ltr'>prosecuto</span> <span class='ocrx_word' id='word_1_121' title='bbox 697 1721 736 1764; x_wconf 78' lang='lat' dir='ltr'>eat</span> <span class='ocrx_word' id='word_1_122' title='bbox 770 1712 877 1767; x_wconf 81' lang='lat' dir='ltr'>natibus</span> <span class='ocrx_word' id='word_1_123' title='bbox 894 1711 1043 1766; x_wconf 83' lang='lat' dir='ltr'>feliciorem.</span> <span class='ocrx_word' id='word_1_124' title='bbox 1078 1711 1180 1777; x_wconf 89' lang='lat' dir='ltr'>(Unam</span> <span class='ocrx_word' id='word_1_125' title='bbox 1198 1727 1374 1766; x_wconf 86' lang='lat' dir='ltr'>commemoro</span> 
     </span>
     <span class='ocr_line' id='line_1_15' title="bbox 129 1777 1374 1850; baseline -0.002 -16"><span class='ocrx_word' id='word_1_126' title='bbox 129 1783 161 1834; x_wconf 83' lang='lat' dir='ltr'>in</span> <span class='ocrx_word' id='word_1_127' title='bbox 178 1780 251 1834; x_wconf 85' lang='lat' dir='ltr'>Flor.</span> <span class='ocrx_word' id='word_1_128' title='bbox 270 1778 297 1834; x_wconf 88' lang='lat' dir='ltr'><strong>G</strong></span> <span class='ocrx_word' id='word_1_129' title='bbox 318 1777 425 1848; x_wconf 84' lang='lat' dir='ltr'>legitur.</span> <span class='ocrx_word' id='word_1_130' title='bbox 484 1779 564 1833; x_wconf 73' lang='lat' dir='ltr'>rimus</span> <span class='ocrx_word' id='word_1_131' title='bbox 585 1779 672 1834; x_wconf 82' lang='lat' dir='ltr'>editor</span> <span class='ocrx_word' id='word_1_132' title='bbox 696 1781 735 1834; x_wconf 87' lang='lat' dir='ltr'>dii</span> <span class='ocrx_word' id='word_1_133' title='bbox 769 1779 936 1835; x_wconf 74' lang='lat' dir='ltr'>novinimam</span> <span class='ocrx_word' id='word_1_134' title='bbox 953 1780 989 1833; x_wconf 88' lang='grc' dir='ltr'>Η.</span> <span class='ocrx_word' id='word_1_135' title='bbox 1005 1780 1038 1833; x_wconf 88' lang='grc' dir='ltr'>Ε.</span> <span class='ocrx_word' id='word_1_136' title='bbox 1055 1778 1140 1832; x_wconf 80' lang='lat' dir='ltr'>Fosaii</span> <span class='ocrx_word' id='word_1_137' title='bbox 1162 1778 1189 1831; x_wconf 90' lang='lat' dir='ltr'>in</span> <span class='ocrx_word' id='word_1_138' title='bbox 1210 1797 1301 1850; x_wconf 79' lang='lat' dir='ltr'>progr.</span> <span class='ocrx_word' id='word_1_139' title='bbox 1325 1779 1374 1832; x_wconf 83' lang='lat' dir='ltr'>Al·</span> 
     </span>
     <span class='ocr_line' id='line_1_16' title="bbox 130 1846 1374 1920; baseline -0.002 -18"><span class='ocrx_word' id='word_1_140' title='bbox 130 1857 196 1920; x_wconf 79' lang='lat' dir='ltr'>post</span> <span class='ocrx_word' id='word_1_141' title='bbox 215 1858 325 1902; x_wconf 69' lang='lat' dir='ltr'>ederam</span> <span class='ocrx_word' id='word_1_142' title='bbox 343 1846 439 1902; x_wconf 84' lang='lat' dir='ltr'>adiecit</span> <span class='ocrx_word' id='word_1_143' title='bbox 466 1855 497 1900; x_wconf 89' lang='lat' dir='ltr'>ut</span> <span class='ocrx_word' id='word_1_144' title='bbox 514 1848 599 1902; x_wconf 83' lang='lat' dir='ltr'>oratio</span> <span class='ocrx_word' id='word_1_145' title='bbox 617 1849 735 1904; x_wconf 74' lang='lat' dir='ltr'>subiecto</span> <span class='ocrx_word' id='word_1_146' title='bbox 769 1850 892 1918; x_wconf 81' lang='lat' dir='ltr'>tenburg.</span> <span class='ocrx_word' id='word_1_147' title='bbox 910 1866 934 1901; x_wconf 90' lang='lat' dir='ltr'>a.</span> <span class='ocrx_word' id='word_1_148' title='bbox 954 1854 1019 1902; x_wconf 79' lang='lat'>1845</span> <span class='ocrx_word' id='word_1_149' title='bbox 1039 1849 1129 1902; x_wconf 85' lang='lat' dir='ltr'>dii-</span> <span class='ocrx_word' id='word_1_150' title='bbox 1151 1849 1205 1900; x_wconf 77' lang='lat' dir='ltr'>reri</span> <span class='ocrx_word' id='word_1_151' title='bbox 1227 1864 1305 1916; x_wconf 73' lang='lat' dir='ltr'>caepe</span> <span class='ocrx_word' id='word_1_152' title='bbox 1332 1849 1374 1900; x_wconf 83' lang='lat' dir='ltr'>ui·</span> 
     </span>
     <span class='ocr_line' id='line_1_17' title="bbox 131 1887 1374 1986; baseline -0.002 -15"><span class='ocrx_word' id='word_1_153' title='bbox 131 1934 169 1971; x_wconf 88' lang='lat' dir='ltr'>ne</span> <span class='ocrx_word' id='word_1_154' title='bbox 186 1925 299 1984; x_wconf 80' lang='lat' dir='ltr'>cnr-eret,</span> <span class='ocrx_word' id='word_1_155' title='bbox 316 1915 398 1986; x_wconf 89' lang='lat' dir='ltr'>idque</span> <span class='ocrx_word' id='word_1_156' title='bbox 413 1887 507 1986; x_wconf 83' lang='lat' dir='ltr'>reliqui</span> <span class='ocrx_word' id='word_1_157' title='bbox 529 1933 619 1971; x_wconf 79' lang='lat' dir='ltr'>omnes</span> <span class='ocrx_word' id='word_1_158' title='bbox 635 1917 736 1971; x_wconf 85' lang='lat' dir='ltr'>retinu-</span> <span class='ocrx_word' id='word_1_159' title='bbox 771 1927 849 1984; x_wconf 81' lang='lat' dir='ltr'>tores,</span> <span class='ocrx_word' id='word_1_160' title='bbox 876 1917 922 1969; x_wconf 81' lang='lat' dir='ltr'>sed</span> <span class='ocrx_word' id='word_1_161' title='bbox 949 1932 996 1969; x_wconf 88' lang='lat' dir='ltr'>cur</span> <span class='ocrx_word' id='word_1_162' title='bbox 1022 1918 1062 1968; x_wconf 84' lang='lat' dir='ltr'>dii</span> <span class='ocrx_word' id='word_1_163' title='bbox 1089 1913 1273 1981; x_wconf 77' lang='lat' dir='ltr'>defendantur,</span> <span class='ocrx_word' id='word_1_164' title='bbox 1300 1913 1374 1968; x_wconf 82' lang='lat' dir='ltr'>nulla</span> 
     </span>
    </p>
   </div>
   <div class='ocr_carea' id='block_1_4' title="bbox 132 1985 1374 2340">
    <p class='ocr_par' dir='ltr' id='par_1_4' title="bbox 132 1985 937 2056">
     <span class='ocr_line' id='line_1_18' title="bbox 132 1985 937 2056; baseline -0.005 -16"><span class='ocrx_word' id='word_1_165' title='bbox 132 1997 224 2053; x_wconf 75' lang='lat' dir='ltr'>erim,</span> <span class='ocrx_word' id='word_1_166' title='bbox 242 1987 393 2056; x_wconf 71' lang='lat' dir='ltr'>sepulturae</span> <span class='ocrx_word' id='word_1_167' title='bbox 410 1992 502 2038; x_wconf 85' lang='lat' dir='ltr'>contre</span> <span class='ocrx_word' id='word_1_168' title='bbox 519 1985 610 2039; x_wconf 74' lang='lat' dir='ltr'>Iunius</span> <span class='ocrx_word' id='word_1_169' title='bbox 631 1993 660 2038; x_wconf 83' lang='lat' dir='ltr'>et</span> <span class='ocrx_word' id='word_1_170' title='bbox 676 1985 737 2038; x_wconf 90' lang='lat' dir='ltr'>Mo·</span> <span class='ocrx_word' id='word_1_171' title='bbox 771 2002 850 2039; x_wconf 85' lang='lat' dir='ltr'>cauea</span> <span class='ocrx_word' id='word_1_172' title='bbox 866 1988 937 2051; x_wconf 77' lang='lat' dir='ltr'>cet).</span> 
     </span>
    </p>

    <p class='ocr_par' dir='ltr' id='par_1_5' title="bbox 133 2047 1374 2340">
     <span class='ocr_line' id='line_1_19' title="bbox 133 2047 1373 2109; baseline -0.004 0"><span class='ocrx_word' id='word_1_173' title='bbox 133 2055 195 2109; x_wconf 79' lang='lat' dir='ltr'>dine</span> <span class='ocrx_word' id='word_1_174' title='bbox 214 2053 384 2108; x_wconf 68' lang='lat' dir='ltr'>munder-imi.</span> <span class='ocrx_word' id='word_1_175' title='bbox 419 2051 494 2106; x_wconf 89' lang='lat' dir='ltr'>Nihil</span> <span class='ocrx_word' id='word_1_176' title='bbox 516 2062 605 2107; x_wconf 84' lang='lat' dir='ltr'>eutem</span> <span class='ocrx_word' id='word_1_177' title='bbox 627 2053 738 2106; x_wconf 81' lang='lat' dir='ltr'>manise·</span> <span class='ocrx_word' id='word_1_178' title='bbox 805 2051 878 2105; x_wconf 78' lang='lat' dir='ltr'>Finis</span> <span class='ocrx_word' id='word_1_179' title='bbox 895 2051 955 2104; x_wconf 85' lang='lat' dir='ltr'>libri</span> <span class='ocrx_word' id='word_1_180' title='bbox 973 2067 1007 2104; x_wconf 90' lang='lat'>111</span> <span class='ocrx_word' id='word_1_181' title='bbox 1024 2058 1054 2105; x_wconf 87' lang='lat' dir='ltr'>et</span> <span class='ocrx_word' id='word_1_182' title='bbox 1070 2047 1174 2104; x_wconf 88' lang='lat' dir='ltr'>initium</span> <span class='ocrx_word' id='word_1_183' title='bbox 1195 2063 1227 2102; x_wconf 89' lang='lat' dir='ltr'>1v</span> <span class='ocrx_word' id='word_1_184' title='bbox 1249 2049 1288 2104; x_wconf 82' lang='lat' dir='ltr'>sic</span> <span class='ocrx_word' id='word_1_185' title='bbox 1305 2049 1373 2104; x_wconf 89' lang='lat' dir='ltr'>indi-</span> 
     </span>
     <span class='ocr_line' id='line_1_20' title="bbox 134 2118 1373 2193; baseline -0.005 -15"><span class='ocrx_word' id='word_1_186' title='bbox 134 2125 203 2178; x_wconf 82' lang='lat' dir='ltr'>etius</span> <span class='ocrx_word' id='word_1_187' title='bbox 228 2140 308 2193; x_wconf 84' lang='lat' dir='ltr'>quam</span> <span class='ocrx_word' id='word_1_188' title='bbox 334 2120 418 2174; x_wconf 76' lang='lat' dir='ltr'>inesse</span> <span class='ocrx_word' id='word_1_189' title='bbox 443 2121 471 2174; x_wconf 90' lang='lat' dir='ltr'>in</span> <span class='ocrx_word' id='word_1_190' title='bbox 492 2137 524 2176; x_wconf 84' lang='lat' dir='ltr'>eo</span> <span class='ocrx_word' id='word_1_191' title='bbox 548 2123 630 2175; x_wconf 86' lang='lat' dir='ltr'>verbo</span> <span class='ocrx_word' id='word_1_192' title='bbox 652 2119 739 2174; x_wconf 74' lang='lat' dir='ltr'>subie—</span> <span class='ocrx_word' id='word_1_193' title='bbox 774 2129 850 2174; x_wconf 82' lang='lat' dir='ltr'>catur</span> <span class='ocrx_word' id='word_1_194' title='bbox 866 2119 894 2174; x_wconf 90' lang='lat' dir='ltr'>in</span> <span class='ocrx_word' id='word_1_195' title='bbox 911 2119 981 2175; x_wconf 87' lang='lat' dir='ltr'>Flor.</span> <span class='ocrx_word' id='word_1_196' title='bbox 999 2122 1025 2174; x_wconf 85' lang='lat' dir='ltr'><strong>A</strong></span> <span class='ocrx_word' id='word_1_197' title='bbox 1055 2121 1085 2183; x_wconf 81' lang='lat' dir='ltr'>Q.</span> <span class='ocrx_word' id='word_1_198' title='bbox 1107 2118 1184 2172; x_wconf 78' lang='lat' dir='ltr'>Carti</span> <span class='ocrx_word' id='word_1_199' title='bbox 1200 2119 1264 2188; x_wconf 79' lang='lat' dir='ltr'>Rufi</span> <span class='ocrx_word' id='word_1_200' title='bbox 1280 2119 1373 2172; x_wconf 79' lang='lat' dir='ltr'>Hiaio-</span> 
     </span>
     <span class='ocr_line' id='line_1_21' title="bbox 135 2187 1374 2262; baseline -0.004 -17"><span class='ocrx_word' id='word_1_201' title='bbox 135 2199 209 2246; x_wconf 82' lang='lat' dir='ltr'>ctum</span> <span class='ocrx_word' id='word_1_202' title='bbox 226 2187 338 2262; x_wconf 80' lang='lat' dir='ltr'>periodi,</span> <span class='ocrx_word' id='word_1_203' title='bbox 366 2197 394 2242; x_wconf 84' lang='lat' dir='ltr'>et</span> <span class='ocrx_word' id='word_1_204' title='bbox 416 2188 500 2260; x_wconf 79' lang='lat' dir='ltr'>ipram</span> <span class='ocrx_word' id='word_1_205' title='bbox 521 2207 627 2242; x_wconf 89' lang='lat' dir='ltr'>manum</span> <span class='ocrx_word' id='word_1_206' title='bbox 645 2197 737 2244; x_wconf 86' lang='lat' dir='ltr'>aucto·</span> <span class='ocrx_word' id='word_1_207' title='bbox 773 2192 875 2243; x_wconf 78' lang='lat' dir='ltr'>riorum</span> <span class='ocrx_word' id='word_1_208' title='bbox 893 2191 958 2242; x_wconf 84' lang='lat' dir='ltr'>iiber·</span> <span class='ocrx_word' id='word_1_209' title='bbox 975 2191 1066 2243; x_wconf 77' lang='lat' dir='ltr'>tertiae</span> <span class='ocrx_word' id='word_1_210' title='bbox 1084 2187 1198 2258; x_wconf 73' lang='lat' dir='ltr'>explicit.</span> <span class='ocrx_word' id='word_1_211' title='bbox 1225 2189 1323 2257; x_wconf 81' lang='lat' dir='ltr'>Incipit</span> <span class='ocrx_word' id='word_1_212' title='bbox 1341 2190 1374 2241; x_wconf 88' lang='lat' dir='ltr'>li·</span> 
     </span>
     <span class='ocr_line' id='line_1_22' title="bbox 134 2255 1374 2340; baseline -0.005 -26"><span class='ocrx_word' id='word_1_213' title='bbox 134 2260 172 2315; x_wconf 77' lang='lat' dir='ltr'>ris</span> <span class='ocrx_word' id='word_1_214' title='bbox 195 2266 346 2313; x_wconf 60' lang='lat' dir='ltr'>executum</span> <span class='ocrx_word' id='word_1_215' title='bbox 370 2264 437 2329; x_wconf 87' lang='lat' dir='ltr'>puto</span> <span class='ocrx_word' id='word_1_216' title='bbox 459 2257 482 2311; x_wconf 92' lang='lat'>1.</span> <span class='ocrx_word' id='word_1_217' title='bbox 508 2258 552 2312; x_wconf 87' lang='lat' dir='ltr'>Fr.</span> <span class='ocrx_word' id='word_1_218' title='bbox 576 2257 738 2314; x_wconf 83' lang='lat' dir='ltr'>Gmnovium</span> <span class='ocrx_word' id='word_1_219' title='bbox 772 2259 818 2311; x_wconf 80' lang='lat' dir='ltr'>ber</span> <span class='ocrx_word' id='word_1_220' title='bbox 841 2268 951 2340; x_wconf 77' lang='lat' dir='ltr'>quartas</span> <span class='ocrx_word' id='word_1_221' title='bbox 986 2260 1103 2323; x_wconf 65' lang='lat' dir='ltr'>elicitm</span> <span class='ocrx_word' id='word_1_222' title='bbox 1135 2255 1163 2308; x_wconf 88' lang='lat' dir='ltr'>in</span> <span class='ocrx_word' id='word_1_223' title='bbox 1184 2255 1266 2310; x_wconf 88' lang='lat' dir='ltr'>Bern.</span> <span class='ocrx_word' id='word_1_224' title='bbox 1283 2262 1309 2308; x_wconf 78' lang='lat' dir='ltr'>A</span> <span class='ocrx_word' id='word_1_225' title='bbox 1343 2257 1374 2318; x_wconf 81' lang='lat' dir='ltr'>Q.</span> 
     </span>
    </p>
   </div>
   <div class='ocr_carea' id='block_1_5' title="bbox 129 2324 1375 2604">
    <p class='ocr_par' dir='ltr' id='par_1_6' title="bbox 129 2324 1375 2604">
     <span class='ocr_line' id='line_1_23' title="bbox 134 2324 1375 2406; baseline -0.005 -24"><span class='ocrx_word' id='word_1_226' title='bbox 134 2329 181 2401; x_wconf 86' lang='lat' dir='ltr'>qui</span> <span class='ocrx_word' id='word_1_227' title='bbox 202 2329 313 2382; x_wconf 80' lang='lat' dir='ltr'>Obeerv.</span> <span class='ocrx_word' id='word_1_228' title='bbox 331 2341 363 2392; x_wconf 73' lang='lat'>11,</span> <span class='ocrx_word' id='word_1_229' title='bbox 384 2332 414 2380; x_wconf 85' lang='lat'>12</span> <span class='ocrx_word' id='word_1_230' title='bbox 433 2344 483 2397; x_wconf 89' lang='lat' dir='ltr'>pro</span> <span class='ocrx_word' id='word_1_231' title='bbox 500 2343 516 2379; x_wconf 84' lang='lat' dir='ltr'>a</span> <span class='ocrx_word' id='word_1_232' title='bbox 533 2327 615 2398; x_wconf 89' lang='lat' dir='ltr'>quod&#39;</span> <span class='ocrx_word' id='word_1_233' title='bbox 630 2334 672 2382; x_wconf 81' lang='lat' dir='ltr'>eat</span> <span class='ocrx_word' id='word_1_234' title='bbox 697 2344 737 2380; x_wconf 78' lang='lat' dir='ltr'>ae·</span> <span class='ocrx_word' id='word_1_235' title='bbox 775 2327 850 2380; x_wconf 80' lang='lat' dir='ltr'>Curti</span> <span class='ocrx_word' id='word_1_236' title='bbox 868 2328 931 2395; x_wconf 69' lang='lat' dir='ltr'>rofi</span> <span class='ocrx_word' id='word_1_237' title='bbox 977 2329 1130 2404; x_wconf 63' lang='lat' dir='ltr'>iatoriorum</span> <span class='ocrx_word' id='word_1_238' title='bbox 1147 2326 1299 2406; x_wconf 60' lang='lat' dir='ltr'>dleropdri</span> <span class='ocrx_word' id='word_1_239' title='bbox 1311 2324 1375 2377; x_wconf 86' lang='lat' dir='ltr'>Mo·</span> 
     </span>
     <span class='ocr_line' id='line_1_24' title="bbox 129 2393 1375 2479; baseline -0.006 -28"><span class='ocrx_word' id='word_1_240' title='bbox 129 2401 258 2479; x_wconf 71' lang='lat' dir='ltr'>periturae</span> <span class='ocrx_word' id='word_1_241' title='bbox 275 2395 533 2478; x_wconf 64' lang='lat' dir='ltr'>emepdaritpuperi</span> <span class='ocrx_word' id='word_1_242' title='bbox 549 2399 653 2450; x_wconf 78' lang='lat' dir='ltr'>altorea</span> <span class='ocrx_word' id='word_1_243' title='bbox 675 2395 738 2477; x_wconf 79' lang='lat' dir='ltr'>Non</span> <span class='ocrx_word' id='word_1_244' title='bbox 789 2396 992 2478; x_wconf 35' lang='lat' dir='ltr'>,iMacedonir</span> <span class='ocrx_word' id='word_1_245' title='bbox 1009 2411 1044 2448; x_wconf 90' lang='lat'>111</span> <span class='ocrx_word' id='word_1_246' title='bbox 1071 2413 1132 2465; x_wconf 82' lang='lat' dir='ltr'>exp.</span> <span class='ocrx_word' id='word_1_247' title='bbox 1159 2404 1252 2461; x_wconf 77' lang='lat' dir='ltr'>rumpit</span> <span class='ocrx_word' id='word_1_248' title='bbox 1274 2406 1320 2444; x_wconf 88' lang='lat'>1111</span> <span class='ocrx_word' id='word_1_249' title='bbox 1327 2393 1375 2462; x_wconf 86' lang='lat' dir='ltr'>se-</span> 
     </span>
     <span class='ocr_line' id='line_1_25' title="bbox 133 2464 865 2604; baseline -0.007 -14"><span class='ocrx_word' id='word_1_250' title='bbox 133 2467 247 2590; x_wconf 56' lang='lat' dir='ltr'>titii.</span> <span class='ocrx_word' id='word_1_251' title='bbox 260 2464 623 2604; x_wconf 50' lang='lat' dir='ltr'>litterile-⁴:¹⁰5·</span> <span class='ocrx_word' id='word_1_252' title='bbox 638 2464 739 2604; x_wconf 51' lang='lat' dir='ltr'>..ilii</span> <span class='ocrx_word' id='word_1_253' title='bbox 784 2474 865 2519; x_wconf 72' lang='lat'>“²²⁶&#39;&#39;</span> 
     </span>
    </p>
   </div>
   <div class='ocr_carea' id='block_1_6' title="bbox 0 0 1635 5288">
    <p class='ocr_par' dir='ltr' id='par_1_7' title="bbox 0 0 1635 5288">
     <span class='ocr_line' id='line_1_26' title="bbox 0 0 1635 5288; baseline 0 0"><span class='ocrx_word' id='word_1_254' title='bbox 0 0 1635 5288; x_wconf 95' lang='lat' dir='ltr'> </span> 
     </span>
    </p>
   </div>
  </div>
 </body>
</html>
