3214 5288
257 369 304 440 18
727 385 760 448 o.
789 385 912 437 cuarn
936 385 1022 437 surr

253 571 343 662 loci,
358 570 396 642 in
422 592 493 666 quo
518 569 703 666 pugnavit,
728 568 901 666 angustiis
927 563 1093 640 redactis
1119 577 1177 640 est
1200 565 1248 640 ad
1264 565 1496 663 paucitatem,

256 705 364 777 quam
388 679 426 752 in
450 679 556 753 hoste
582 689 855 776 contempserat.

233 789 255 860 9
359 788 503 864 Interea
526 788 744 880 Alexander,
757 790 991 862 Abistamene
1003 786 1250 887 Cappadociae
1275 787 1532 886 praepositam

257 897 414 975 Ciliciam
438 908 565 997 petens
592 923 674 972 eum
699 899 865 974 omnibus
890 900 1011 998 copiis,
1037 899 1229 997 regionem,
1256 923 1349 996 quae
1378 906 1499 970 castra

257 1009 343 1110 Cyri
374 1011 585 1109 appellatur,
617 1019 840 1107 pervenerat
890 1007 1030 1085 Stativa
1061 1010 1131 1082 illio
1162 1010 1340 1083 habuerat
1368 1006 1499 1107 Cyrus,

256 1145 339 1194 oum
363 1119 538 1194 adversus
565 1115 738 1194 Croesum
762 1120 800 1192 in
825 1119 978 1220 Lydiam
1003 1119 1159 1194 duceret
1204 1119 1346 1194 Aberat
1374 1143 1424 1192 ea
1447 1133 1525 1189 ret

255 1233 315 1328 gio
348 1229 606 1329 quinquaginta
636 1230 752 1304 stadia
784 1232 830 1304 ab
863 1231 963 1305 aditu
970 1287 979 1322 ,
1014 1255 1086 1328 quo
1113 1229 1271 1305 Ciliciam
1302 1231 1500 1302 intramus:

255 1339 366 1439 Pylas
397 1339 534 1413 incolae
568 1338 693 1413 dicunt
722 1342 918 1416 artissimas
950 1343 1088 1433 fauces,
1121 1342 1364 1430 munimenta,
1410 1361 1501 1436 quae

255 1475 366 1523 manu
389 1448 566 1548 ponimus,
591 1453 747 1526 naturali
772 1453 844 1526 situ
868 1452 1039 1526 imitante.
1086 1451 1199 1551 Igitur
1223 1451 1414 1542 Arsames,
1444 1449 1527 1546 quit

257 1556 400 1632 Ciliciae
424 1569 601 1657 praeerat,
626 1573 798 1658 reputans
824 1561 910 1661 quid
935 1563 1035 1637 initio
1060 1563 1144 1636 belli
1169 1561 1341 1636 Memnon
1369 1561 1501 1635 suasis-

255 1676 328 1757 set,
361 1666 543 1766 quondam
577 1669 719 1748 salubre
750 1674 936 1746 consilium
967 1697 1048 1749 sero
1080 1675 1211 1771 exequi
1236 1673 1387 1746 statuit:
1431 1669 1503 1768 igni

255 1778 420 1876 ferroque
448 1776 605 1853 Ciliciam
629 1791 766 1872 vastat,
799 1792 842 1855 ut
867 1783 963 1858 hosti
989 1783 1218 1858 solitudinem
1243 1784 1369 1856 faeiat:
1408 1782 1502 1879 quio-

255 1887 343 1985 quid
366 1890 448 1962 usui
473 1899 595 1987 potest
620 1915 698 1965 esse
730 1895 941 1992 corrumpit,
976 1896 1095 1971 sterile
1129 1919 1172 1968 ac
1204 1893 1342 1967 nudum
1370 1894 1501 1980 solum,

255 1998 354 2095 quod
378 2001 473 2074 tueri
497 2002 678 2100 nequibat,
704 2003 901 2079 relicturus.
955 2003 1028 2080 Sed
1058 2008 1165 2104 longe
1191 2006 1315 2078 utilius
1340 2004 1416 2076 fuit
1443 2015 1530 2074 ran-⁴
1583 2053 1584 2056 ,

254 2109 392 2203 gestias
418 2109 552 2200 aditus,
580 2114 640 2208 qui
667 2112 823 2187 Ciliciam
849 2116 980 2213 aperit,
1014 2113 1135 2190 valido
1162 2139 1340 2212 occupare
1365 2113 1502 2213 praesi-

256 2214 332 2304 di0,
367 2216 559 2314 iugumque
591 2233 792 2318 opportune
826 2225 943 2298 itineri
968 2227 1155 2299 imminens
1182 2226 1364 2314 obtinere,
1406 2221 1502 2296 unde

255 2323 391 2398 inultus
418 2327 631 2400 subeuntem
657 2331 797 2403 hostem
823 2343 887 2404 aut
911 2335 1112 2432 prohibere,
1139 2335 1204 2409 aut
1217 2336 1427 2434 opprimere
1443 2358 1503 2432 po

251 2489 368 2558 primam
386 2491 534 2544 innocentia
551 2509 618 2560 meo,
636 2495 730 2548 danda
742 2504 788 2550 tua
797 2499 859 2551 dea·
894 2498 1062 2619 antiquorum
1079 2501 1154 2555 codd.
1172 2501 1316 2555 auctoritas
1337 2507 1367 2553 et
1386 2501 1447 2570 ipse
1464 2514 1503 2550 so-

256 2565 313 2608 tera
331 2558 483 2611 obtulerant.
565 2629 570 2639 Ι
894 2583 943 2619 nus
969 2567 1021 2621 ecit
1033 2576 1064 2621 ut
1072 2569 1208 2622 maluerim
1216 2573 1352 2622 adversas.
1372 2568 1504 2622 Ceterum

291 2621 356 2692 Cap.
374 2631 400 2691 9,
420 2627 443 2693 ξ.
463 2632 486 2678 1.
517 2627 696 2700 Abtstameae]
731 2631 859 2687 Arrianus
894 2635 928 2686 ad
944 2635 1072 2689 minorem
1091 2637 1190 2708 Cyrum
1207 2653 1304 2691 nomen
1326 2635 1378 2690 loci
1406 2633 1503 2690 rectius

256 2693 407 2768 {adlatae
429 2691 558 2764 appellat,
570 2695 632 2774 'sed
657 2696 777 2751 Curtram
800 2700 860 2754 libri
893 2701 999 2756 videtur
1014 2704 1142 2758 Arrianus
1159 2719 1193 2773 11,
1212 2714 1229 2758 4
1246 2704 1393 2758 rettulisse·

257 2757 306 2809 srbr
324 2767 454 2842 constant,
473 2779 590 2830 quamvis
607 2765 710 2817 varient
727 2768 761 2819 ab
777 2769 859 2822 tiato—
928 2771 951 2837 ξ.
969 2778 993 2824 3.
1020 2775 1159 2843 Arsames]
1195 2773 1280 2826 Miror
1305 2789 1354 2825 cur
1379 2769 1504 2824 Freinsh.

256 2828 390 2906 manant
407 2839 539 2882 salomone.
893 2843 1033 2908 tantopere
1055 2857 1103 2910 pro
1126 2841 1257 2911 scriptura
1282 2840 1360 2892 huius
1388 2837 1503 2893 nominis

291 2909 435 2964 raptorem,
457 2913 524 2966 quae
541 2907 630 2952 costra
643 2899 720 2980 'Cyri
741 2905 858 2982 appello·
894 2907 1014 2958 Araoaea
1036 2917 1151 2977 pugnet,
1168 2908 1295 2980 imprimis
1314 2925 1361 2961 cur
1377 2906 1504 2961 Herodo-

256 2969 309 3027 tar,
323 2967 489 3036 perennat]
525 2965 749 3038 Praepositionem
766 2989 795 3022 m
813 2974 858 3026 ab·
893 2981 951 3026 tum
968 2981 1063 3028 testem
1081 2977 1191 3030 advocet
1212 2981 1313 3043 1‚189,
1338 2974 1443 3046 quippe
1460 2971 1503 3042 qui

257 3045 314 3081 essa
330 3048 392 3085 sane
410 3051 488 3104 aegre
505 3033 569 3101 fero,
587 3053 673 3106 nequa
690 3038 759 3091 enim
767 3045 858 3110 poeta·
894 3040 958 3094 illud
986 3050 1092 3096 tantum
1118 3045 1212 3097 domat
1242 3043 1332 3097 omnia
1356 3043 1503 3097 Persarum

256 3101 602 3220 ffiixffil'fflffliffi
617 3105 700 3223 sollere
717 3107 781 3226 septis
798 3127 858 3178 pro·
892 3109 1008 3230 nominal
1022 3111 1151 3191 litterae
1177 3112 1321 3192 ternrinari
1371 3115 1503 3164 Arsames

256 3246 312 3297 pos.
330 3229 422 3306 ellipsi.
440 3233 495 3283 Sed
506 3189 645 3313 restoldi
661 3187 859 3320 delriptoi,pddem
892 3179 1505 3313 fftClbrfCtCniilneipinimiieidioidltiemBiii:

256 3294 350 3344 urbem
366 3297 549 3416 mtelhpapaalp12³
551 3317 651 3418 nmffrs
668 3305 696 3355 rd
713 3307 762 3358 srbr
779 3307 858 3362 heare
892 3325 974 3364 aemes
992 3319 1040 3366 eat.
1057 3313 1124 3368 Mox
1141 3313 1247 3368 Memno
1265 3315 1299 3367 de
1316 3315 1420 3368 nostris
1437 3329 1504 3366 unus

257 3360 391 3439 paragra
409 3363 443 3428 (Ο
604 3434 611 3446 ,
636 3376 751 3448 1v‚³1).
778 3374 858 3429 cese
892 3376 972 3430 nem.
989 3381 1030 3448 n,
1057 3383 1103 3434 aa
1128 3381 1244 3436 maditus
1269 3399 1286 3434 r
1309 3381 1451 3436 amaena.
1469 3379 1504 3432 sa

257 3445 287 3478 an
305 3427 416 3481 educere
433 3438 526 3484 contra
542 3450 657 3488 omnium
670 3408 796 3493 librorum
812 3461 858 3496 au·
892 3443 973 3498 etiam
989 3447 1018 3500 in
1033 3447 1107 3502 Laid.
1126 3457 1155 3503 at
1171 3449 1249 3503 Voss.
1268 3455 1282 3502 1
1302 3465 1368 3503 esse.
1400 3451 1503 3504 Menon

257 3493 420 3572 ctoritatam,
450 3498 562 3578 sicut'in
583 3503 725 3580 appendice
745 3508 858 3564 Aldinae
893 3528 994 3584 semper
1011 3515 1074 3570 edit.
1091 3535 1131 3588 pr.
1149 3517 1191 3572 Gi.
1207 3518 1242 3571 ad
1259 3531 1288 3584 v,
1307 3523 1340 3572 28
1360 3525 1435 3572 extr.

275 3565 643 3637 ropomturaoModruslecrt,
660 3587 737 3650 nemo
754 3578 857 3633 audeat.
927 3584 986 3650 quic
1004 3586 1052 3638 uid
1071 3587 1133 3639 aaut
1149 3593 1235 3664 potest
1258 3586 1328 3656 erae]
1365 3586 1415 3640 Sic
1437 3585 1504 3638 Sua·

283 3633 503 3698 tramoppellotur
512 3651 639 3715 consensu
656 3637 780 3696 librorum
797 3663 857 3700 mss.
892 3646 970 3701 kanb.
987 3599 1048 3704 iibri
1066 3661 1095 3706 et
1107 3653 1403 3724 merpraeterFlor.G,
1423 3652 1504 3722 uulgo

257 3700 346 3745 tutum
363 3705 404 3749 est
424 3699 479 3754 sera
500 3719 629 3772 ommum,
654 3713 760 3764 tentum
776 3711 856 3768 Bam.
892 3729 948 3768 erae
961 3727 1053 3786 potest.

256 3759 281 3811 B
299 3767 328 3810 et
343 3761 414 3816 lior.
432 3767 499 3822 Ha
537 3771 663 3841 elleatar,
690 3774 716 3828 G
733 3797 750 3830 a
787 3784 857 3835 ellat:
927 3785 950 3849 ξ.
960 3791 984 3836 4.
1002 3790 1149 3840 subeuntem
1166 3789 1275 3860 bostem]
1298 3787 1395 3858 Vulgo
1410 3795 1503 3844 ‹ttrnltt¹

174 3865 176 3868 -
257 3825 310 3878 Sed
329 3830 369 3908 ed.
387 3849 426 3913 pr:
443 3841 586 3915 appelant,
603 3841 699 3896 Arda
737 3849 857 3902 alantur.
891 3866 981 3903 ornnes
1007 3855 1108 3908 codices
1139 3863 1244 3908 nostrus
1273 3857 1430 3910 subeuntem
1457 3863 1502 3907 aa!

290 3902 386 3976 ptotrvq
405 3903 470 3978 'alltc
496 3906 633 3984 temerat]
705 3914 774 3967 ascio
799 3917 856 3986 quis
886 3919 1025 3986 prolibare
1042 3933 1088 3975 aot
1100 3926 1244 3992 opprimere
1257 3925 1355 3976 bostem
1369 3925 1503 3992 potuisset

255 3975 355 4037 primus
373 3966 409 4017 aba
424 3985 474 4046 pro
492 3973 547 4023 alltc
565 3991 592 4051 ip
608 3975 744 4045 vulgatam
760 3977 856 4035 intule-
891 4001 951 4036 cum
981 3987 1046 4041 false
1076 3991 1188 4060 quadam
1220 3991 1371 4062 elegantiae
1405 3989 1500 4063 specie·

256 4030 367 4148 {ltboffl
381 4032 650 4160 {pippecopttppmqurlqs
667 4049 794 4165 ppqpuffiri
815 4060 856 4104 tos
890 4049 996 4173 ididdui
1014 4057 1130 4176 cosdippm
1140 4075 1206 4177 διηεὲ.
1217 4059 1409 4178 “ffatim
1428 4073 1501 4175 ml:

254 4163 417 4282 Fladugsus
438 4143 574 4243 Cr’oeaam]
592 4174 713 4246 Uterque
730 4156 855 4238 samse
890 4137 1007 4242 Deinie'
1020 4143 1078 4244 cuii
1104 4141 1166 4244 idm
1187 4143 1218 4245 iri
1237 4135 1500 4260 eddiseixi,u1ii1n⁰³

288 4243 325 4278 01·-
376 4231 439 4287 GH
456 4241 582 4317 adversar
603 4259 652 4310 pro
674 4245 744 4315 vulg.
763 4252 855 4303 adem·
889 4253 996 4309 Medius
1013 4277 1081 4311 atino
1098 4259 1189 4326 edidit,
1208 4261 1350 4330 etreliqui,
1370 4261 1419 4331 qui
1437 4257 1500 4314 alibi

254 4310 320 4371 ,Μὴ
339 4314 355 4350 8
372 4299 535 4384 Smin-mbr]
548 4315 668 4386 notatur.
696 4311 854 4372 commutari
888 4321 942 4373 sere
959 4323 1031 4376 illum
1049 4343 1102 4378 non
1111 4327 1232 4380 audirent
1259 4329 1378 4383 hocloco
1388 4329 1500 4382 audien·

251 4367 318 4480 pstas
334 4363 479 4450 sonpasflpn
496 4372 568 4426 hbrrs
586 4393 645 4428 mss.
663 4387 781 4448 constat,
808 4383 853 4438 ‹le-
888 4389 951 4441 dum
981 4399 1108 4460 putarunt
1140 4367 1355 4466 scr-ipseinntque
1387 4405 1419 4451 et
1448 4393 1498 4464 ipsi

263 4436 337 4484 actim
363 4435 491 4492 drlfierhor
515 4448 564 4494 est.
608 4443 644 4496 H.
662 4443 679 4498 l.
697 4454 725 4499 ct
743 4449 853 4509 duormn
887 4473 957 4509 nanc
980 4488 1016 4500 -
1041 4471 1110 4514 retro
1133 4463 1190 4531 mae
1207 4467 1343 4519 wnceasit.
1382 4464 1499 4534 legitur
