3270 5290
566 383 616 434 nu
643 381 771 437 easrrs
796 382 906 435 sarx.
933 383 970 453 v,
997 375 1041 430 ra·
1345 364 1416 436 183

175 565 290 666 plexi,
320 575 363 638 nt
394 565 443 638 ad
467 565 611 638 hostem
635 567 880 664 pervenirent,
914 565 1004 640 elius
1039 567 1148 640 alium
1173 567 1335 640 levantes
1362 591 1418 640 co·

176 679 356 752 nabantnr
392 675 594 750 ascendere.
657 675 712 750 Ea
750 678 843 776 ipsa,
884 678 1080 751 multorum
1114 678 1220 752 simul
1253 677 1419 752 manibus

177 800 342 887 correpta
368 798 406 862 et
432 789 614 879 convulsa,
640 789 677 861 in
704 813 783 880 eos,
806 790 870 886 qui
891 799 1176 879 commoverant,
1201 787 1419 862 recidebant.

126 917 159 968 ar
178 897 254 973 Nec
287 909 384 974 stare
418 923 505 998 ergo
539 909 723 997 poterant,
755 924 822 973 nec
855 900 940 992 niti,
981 926 1027 974 ne
1060 899 1242 974 testudine
1276 899 1421 997 quidem
1496 935 1501 947 ·

178 1011 330 1109 protegi,
357 1035 440 1088 cum
465 1019 588 1083 tantae
614 1010 718 1084 molis
746 1035 857 1085 onera
882 1013 1125 1110 propellerent
1149 1010 1303 1083 barbari
1350 1010 1418 1085 Re-

178 1145 261 1219 gem
295 1145 370 1194 non
406 1119 510 1194 dolor
543 1121 668 1211 modo,
711 1120 775 1194 sed
809 1121 920 1194 etiam
955 1121 1073 1219 pudor
1104 1131 1239 1195 temere
1269 1121 1307 1193 in
1342 1122 1420 1194 illas

126 1251 160 1300 aa
179 1233 363 1331 angustias
390 1231 492 1305 electi
519 1232 697 1306 exercitus
724 1232 890 1330 angebat
930 1230 1089 1305 Invictus
1109 1242 1193 1306 ante
1220 1257 1300 1306 eam
1326 1233 1421 1306 diem

178 1345 311 1434 firerat,
341 1338 430 1414 nihil
454 1344 588 1415 frustra
614 1367 741 1416 ausus:
776 1344 922 1441 impunc
948 1340 1089 1416 Ciliciae
1120 1344 1241 1418 lauces
1266 1345 1421 1420 intrave-

179 1465 251 1546 rat,
282 1479 381 1528 mare
417 1478 559 1551 quoque
593 1477 730 1527 novum
766 1455 804 1526 in
834 1453 1085 1553 Pamphyliam
1116 1455 1185 1529 iter
1216 1469 1421 1555 aperuerat:

214 1623 237 1689 5.
256 1626 297 1675 20.
327 1629 355 1674 ut
373 1621 411 1672 od
426 1621 523 1673 hortem
558 1622 712 1700 crveaireat]
740 1619 785 1675 Sic
820 1619 912 1686 (Bern.
939 1619 1058 1700 amor.
1084 1619 1159 1675 DEF
1222 1662 1230 1689 ,
1257 1622 1312 1676 sive
1338 1631 1369 1676 ut
1394 1622 1423 1677 iu
1460 1689 1463 1694 Ι

180 1689 279 1743 dudum
310 1695 369 1744 erat
396 1688 518 1759 corrigar
536 1707 599 1756 um,
630 1706 658 1742 nr
690 1687 784 1770 religio
819 1688 902 1742 Pell
922 1689 1014 1742 codiee
1030 1689 1189 1760 interpolato
1216 1693 1345 1760 egebatur
1362 1709 1423 1746 coa·

180 1757 306 1812 librorum
337 1763 458 1810 veterum
491 1757 618 1810 obstaret.
661 1757 705 1810 nn
735 1757 785 1811 trbi
820 1759 907 1824 ducti,·
932 1758 978 1810 sed
1005 1759 1127 1824 conlecti,
1160 1759 1232 1838 quod
1262 1759 1368 1813 Modius
1394 1760 1423 1814 in

180 1844 243 1880 vero
260 1841 350 1880 omnes
367 1825 419 1878 mei
437 1831 466 1878 et
483 1824 564 1878 Snak.
583 1825 685 1880 codices
710 1825 785 1890 (cum
819 1825 893 1879 libris
910 1841 939 1878 ee
955 1825 1085 1879 invenisse
1102 1825 1202 1894 scnhrt,
1212 1827 1239 1880 in
1248 1827 1322 1881 nullo
1332 1843 1424 1881 eorum

180 1893 341 1974 Modedit)
360 1894 514 1948 emendatae
531 1893 676 1965 scripturae
692 1904 785 1948 aucto-
839 1911 887 1948 uos
905 1893 1052 1948 accuratius
1069 1894 1189 1948 novimus
1207 1903 1291 1948 extat.
1327 1895 1423 1966 Neque

180 1961 393 2086 &dutitiam
411 1961 505 2043 subeat
522 1963 593 2084 atinde
610 1961 638 2015 in
655 1962 785 2085 eqitiones
820 1961 827 1973 '
836 1963 884 2083 133
905 1963 985 2084 qutod
1012 1962 1145 2084 011?qu
1169 1962 1227 2084 qlgqri
1254 1963 1283 2085 iq
1307 1963 1424 2084 ²qqugata

270 2049 296 2084 vr
319 2047 364 2084 um
400 2048 523 2084 ememor
550 2047 602 2084 irre
622 2047 694 2084 serr.
820 2047 836 2084 o
957 2047 1019 2082 rone
1069 2047 1087 2082 n
1117 2049 1144 2083 m
1250 2049 1269 2084 u
1363 2047 1423 2084 eam

180 2051 203 2086 ¹⁸
216 2119 275 2154 corr
307 2109 335 2153 ta
353 2048 527 2168 etpcoavulea]
550 2049 634 2153 Recle
652 2099 689 2153 sic
705 2099 786 2170 vulgo
821 2099 1047 2152 condemnandam
1073 2098 1173 2167 valeat;
1204 2069 1274 2152 idest
1300 2099 1369 2152 enim
1395 2099 1423 2154 in

180 2169 255 2222 editi.
294 2169 326 2220 ed
343 2166 431 2221 nescio
450 2167 513 2238 quid
531 2167 565 2221 sit
584 2169 654 2238 quod
668 2167 785 2221 inBern.
819 2166 940 2220 eliciendi
957 2167 1038 2221 verbo
1062 2166 1139 2220 simul
1156 2175 1323 2238 contemptus
1342 2184 1422 2238 quae·

182 2243 209 2292 A
225 2237 300 2290 Leid.
318 2236 396 2290 Voss.
410 2243 434 2302 1,
453 2235 553 2290 omissis
570 2235 702 2306 prioribus
720 2238 784 2292 duo-
819 2236 881 2288 dam
903 2234 1059 2306 significatio
1084 2236 1119 2290 ad
1144 2237 1215 2292 hune
1236 2237 1323 2292 locum
1340 2236 1423 2308 aptis·
1529 2291 1541 2298 ,

183 2306 232 2358 bus
250 2303 396 2370 vocabulis,
415 2307 537 2358 roamclso
556 2313 661 2358 tantum
678 2305 784 2376 legitur.
819 2303 890 2358 sima
998 2325 1003 2334 ·

183 2373 253 2426 Item
276 2372 313 2426 sic
336 2372 416 2453 habet
436 2373 510 2427 Mod.
543 2372 632 2427 editio.
677 2373 731 2428 Sed
757 2374 785 2427 in
853 2376 879 2453 ξ..
903 2379 944 2426 22.
988 2381 1049 2426 ante
1083 2389 1140 2427 eom
1174 2375 1254 2446 diem]
1303 2373 1424 2428 Dederat

181 2441 254 2496 Flor.
271 2441 322 2496 AB
346 2459 372 2494 m
466 2449 529 2496 suut
546 2451 664 2514 correpta
683 2453 708 2496 et
724 2461 784 2496 coa-
818 2441 938 2496 Frernsh.
956 2458 990 2494 ex
1007 2442 1065 2496 Pal.
1091 2448 1104 2495 l
1128 2445 1166 2498 ad
1182 2460 1237 2496 eam
1257 2445 1332 2510 diem,
1352 2459 1423 2496 eam-

181 2513 265 2578 vulsa,
284 2509 391 2563 inFlor.
427 2509 469 2562 HI
477 2507 593 2564 BernB
612 2521 636 2566 st
651 2514 783 2579 concuba,
819 2527 872 2580 que
889 2510 1053 2591 scripturam,
1070 2527 1256 2564 cumerrorum
1265 2512 1423 2566 amovendo-

180 2579 208 2634 ia
224 2578 333 2650 reliquis
351 2581 496 2634 convulsa„
817 2597 877 2634 rum
894 2595 972 2648 eopse
988 2579 1077 2634 oculos
1095 2579 1268 2647 confudisset,
1290 2579 1319 2633 in
1336 2578 1424 2650 priore

216 2651 240 2718 §.
257 2655 299 2702 21.
335 2657 470 2700 necatore
534 2649 696 2718 opoteront]
723 2647 784 2702 Hoc
817 2647 879 2700 edit.
903 2647 1020 2714 servari,
1043 2666 1096 2702 non
1119 2649 1323 2715 malefaciens,
1371 2648 1423 2716 uia',

180 2715 359 2797 locoverbnm
378 2784 384 2795 Ι
400 2722 469 2796 punt
478 2665 581 2770 (delicet
590 2715 674 2796 nostri
685 2733 783 2782 omnes,
819 2733 879 2770 cum
905 2719 943 2768 od
963 2715 1067 2786 legetur
1090 2715 1156 2797 illud
1183 2717 1293 2797 quidem¹
1306 2717 1334 2770 in
1351 2666 1424 2770 llos.

199 2786 252 2838 uod
283 2803 311 2837 m
387 2793 421 2836 trs
452 2785 646 2856 exemplaribus
697 2793 785 2838 raeter
819 2783 936 2838 DEFHI
958 2784 1039 2838 Bern.
1065 2785 1105 2851 B,
1137 2803 1165 2838 rn
1200 2785 1308 2856 rehqurs
1335 2793 1424 2838 temen

181 2803 256 2908 laod.
274 2851 396 2905 ultimum
413 2852 499 2906 locum
509 2803 703 2923 (postprotepl)
715 2852 785 2906 obti-
819 2851 924 2905 maioris
941 2852 1107 2906 auctoritatis
1124 2851 1197 2906 libris
1206 2853 1302 2907 nostris
1311 2861 1340 2906 et
1348 2850 1423 2905 Leid.

181 2931 236 2975 net.
246 2921 328 2976 Snalr.
338 2920 411 2973 Leid.
431 2929 459 2974 et
471 2925 568 2974 Voss.l
588 2929 784 2987 commemorat,
819 2921 920 2974 Voss.1
941 2920 1057 2991 itemque
1074 2920 1102 2972 in
1119 2920 1278 2974 editionibus
1295 2919 1428 2974 vetustior

181 3007 247 3060 quos
271 2989 355 3043 aedit
381 2989 478 3042 habere
502 3007 548 3043 aec
574 2999 645 3043 stare
661 2999 785 3060 poterunt
820 2989 892 3044 ribus
910 2997 951 3042 est
968 2999 1035 3041 aare.

182 3058 200 3111 i.
217 3073 241 3110 e.
259 3057 353 3111 omisso
376 3057 505 3110 vocabulo
527 3075 606 3138 erpo,
630 3059 701 3178 quod
722 3058 785 3110 item
853 3074 938 3110 more.
965 3073 1047 3126 acque
1073 3073 1165 3109 nouam
1187 3057 1217 3134 {a
1239 3056 1350 3125 Pamph.
1374 3058 1424 3109 iter

183 3127 259 3179 deest
274 3126 302 3178 in
318 3125 391 3179 Flor.
410 3125 506 3180 CDFI.
525 3127 609 3180 Mrror
626 3126 636 3178 i
655 3143 684 3180 os
701 3127 785 3180 honos
820 3073 972 3195 operuarcb
1014 3123 1270 3178 Praestantissimum
1293 3125 1360 3177 hanc
1386 3125 1424 3176 le·

183 3193 264 3247 libros
281 3211 297 3247 a
313 3201 385 3247 secta
399 3211 446 3247 sue
455 3194 598 3262 discedere,
616 3195 697 3248 miror
705 3195 786 3248 etiarn
820 3193 933 3248 ctionem
957 3193 1076 3246 codicum
1097 3192 1178 3246 Bern.
1195 3192 1334 3273 utriusque
1351 3191 1424 3246 Flor.

183 3261 259 3324 Voss.
277 3268 293 3316 2
311 3280 364 3316 non
386 3263 600 3330 commemorari,
628 3281 786 3336 quamquam
820 3261 975 3315 ABCEGH
993 3269 1021 3314 et
1039 3259 1235 3332 Snakenburgii
1257 3270 1339 3314 trium
1356 3260 1424 3314 reci·

183 3329 285 3384 eumin
304 3331 477 3384 collocatione
502 3333 642 3386 verborum
667 3349 726 3384 cum
744 3349 786 3384 re·
820 3347 884 3402 pere
902 3329 960 3400 quis
978 3329 1098 3396 dubitet,
1124 3347 1182 3383 cum
1205 3329 1275 3400 regis
1298 3328 1325 3382 in
1347 3345 1379 3382 ea
1396 3345 1427 3382 re

182 3399 260 3452 linia
278 3399 367 3452 facere
384 3408 458 3470 puto.
494 3400 560 3453 Mox
584 3401 696 3454 eBern.
715 3402 740 3453 A
758 3408 787 3453 et
820 3400 934 3453 minores
959 3407 1049 3479 partes
1076 3398 1175 3452 fuerint
1201 3416 1281 3470 quem
1303 3398 1425 3451 fortunae

215 3471 288 3522 or.A
306 3468 385 3538 longe
402 3469 571 3539 integerrimo
588 3486 666 3521 ne-
683 3471 786 3538 quidem
820 3477 848 3521 et
871 3467 983 3520 numinis
1007 3466 1106 3520 divini?
1146 3466 1215 3520 Vide
1237 3468 1271 3520 de
1294 3467 1425 3520 radicibus

182 3535 286 3590 restitui
303 3555 354 3606 pro
371 3536 443 3606 vulg.
461 3555 508 3590 aec
522 3569 556 3578 -·—
572 3539 682 3606 quiden,
700 3553 786 3610 neque
820 3537 916 3590 montis
936 3535 1057 3589 Climacis
1074 3535 1207 3588 Phaselim
1228 3535 1299 3588 inter
1316 3543 1343 3588 et
1359 3535 1426 3588 Per-

182 3603 253 3657 enim
279 3605 462 3658 coniunctione
484 3605 513 3658 in
539 3605 694 3676 gradatione
719 3623 786 3676 opus
820 3623 881 3726 {arn
904 3603 1018 3658 feliciter
1040 3603 1169 3674 superatis
1196 3603 1301 3657 Arrien.
1328 3617 1353 3671 1,
1383 3609 1426 3658 26.

183 3679 238 3736 est3
258 3673 471 3741 ct.ad111‚28.
504 3725 509 3730 .
847 3674 916 3726 dhuc
933 3673 1062 3726 edebatur
1078 3674 1156 3738 mort,
1174 3672 1265 3726 ordine
1278 3671 1426 3724 etiamrer-

218 3741 246 3791 ia
274 3741 336 3794 illos
368 3744 507 3810 aequalius
539 3743 613 3795 eiecti
645 3744 784 3810 exercitur]
821 3743 914 3794 horum
948 3739 1056 3811 paulum
1091 3740 1238 3794 immutato.
1283 3739 1350 3808 (Sed
1385 3746 1427 3793 cst

183 3807 235 3861 Est
251 3807 317 3860 haec
334 3817 453 3863 veterum
471 3809 616 3863 editionum
630 3819 658 3864 et
672 3811 787 3881 optimo-
821 3809 927 3862 hercule
945 3817 975 3860 ut
992 3809 1087 3861 addam
1100 3826 1172 3861 more
1185 3825 1228 3861 me
1236 3807 1426 3862 nominativum

182 3893 243 3930 rum
269 3876 386 3930 codicum
410 3878 497 3947 (Laid.
524 3879 631 3932 Vosal
659 3879 740 3934 Bcrn.
761 3879 787 3932 Α
821 3895 910 3932 cesum
927 3875 1055 3946 accipere,
1074 3893 1107 3929 ne
1126 3875 1184 3948 quis
1202 3887 1295 3931 contre
1312 3893 1366 3942 me,
1386 3875 1426 3929 uti

181 3943 252 3998 Flor.
271 3945 385 4012 ABCG)
404 3947 492 4014 lectio,
512 3965 591 4018 quarn
609 3947 716 4001 Modius
733 3946 787 4018 pri-
821 3949 978 4011 factumest,
997 3952 1196 4015 argumentetur
1209 3945 1451 4000 cousuetudinem-

181 4031 239 4066 mus
264 4015 387 4068 deserens
405 4018 513 4068 coniecti
530 4015 621 4069 edidit.
660 4016 729 4068 Eum
747 4031 786 4068 se-
821 4014 982 4085 sequendam
1008 4029 1065 4066 esse
1089 4021 1117 4066 et
1142 4013 1258 4067 ablativo
1284 4031 1426 4067 casanon

181 4082 236 4135 cati
254 4090 317 4135 sunt
334 4083 450 4137 editores
466 4083 642 4151 recentiores,
660 4101 714 4138 non
732 4083 787 4136 sine
821 4101 909 4150 more,
928 4082 1062 4135 aedmeri
1084 4097 1141 4135 esse
1159 4081 1332 4135 scribendum.
1367 4081 1427 4135 Nec

182 4167 274 4218 causa,
293 4152 394 4216 fateor,
412 4169 473 4204 nam
491 4155 583 4206 eiicere
601 4155 630 4205 ia
647 4154 786 4222 arquerius
821 4151 891 4205 enim
907 4150 1060 4204 Alexander
1083 4149 1155 4203 illam
1185 4149 1254 4204 viam
1275 4167 1325 4220 per
1346 4149 1426 4203 maris

181 4218 264 4271 habet
289 4219 389 4290 aliquid
410 4222 481 4291 quod
503 4219 635 4287 offendat,
663 4219 786 4291 quoniam
821 4220 883 4273 litus
901 4227 1047 4285 straverat,
1072 4219 1143 4272 sedi
1164 4235 1222 4271 sum
1239 4235 1311 4272 mara
1329 4235 1345 4272 o
1365 4235 1427 4289 por-

180 4304 235 4340 non
262 4287 377 4341 exeundi
408 4305 487 4342 causa
521 4289 567 4342 sed
600 4288 785 4360 progrediendi
820 4297 884 4341 tune
892 4288 1017 4340 recedens
1030 4287 1130 4340 itineris
1144 4235 1296 4340 lacultstem
1309 4236 1425 4340 dederat

181 4355 285 4424 longius
309 4373 357 4410 rex
381 4355 516 4427 angustias
537 4357 655 4410 intrarit.
695 4359 786 4426 Atque
821 4357 864 4411 cf.
886 4355 1020 4409 Plutarch.
1044 4355 1072 4408 in
1096 4355 1150 4408 vita
1177 4355 1246 4425 regis
1278 4373 1299 4409 e
1324 4359 1370 4422 17,
1398 4362 1426 4406 et

182 4433 319 4478 senserunt
350 4425 401 4478 hoc
428 4425 532 4495 antiqui
556 4427 673 4479 codicum
698 4439 785 4478 corre-
821 4425 942 4478 Curtium
969 4441 1050 4476 unum
1076 4425 1109 4476 de
1133 4423 1220 4476 multis
1249 4439 1337 4476 rerum
1363 4421 1427 4476 scri·

182 4497 268 4544 eteros
299 4501 328 4548 ct
362 4493 526 4564 scripserunt
560 4496 632 4549 ducti
658 4495 784 4548 exemtus
820 4493 938 4565 ptoribus
948 4492 1034 4562 cogite
1052 4491 1098 4562 qui
1110 4491 1164 4546 illic
1176 4491 1426 4562 reprehenduntur.)
