3254 5292
536 371 585 420 na
613 370 740 421 enarra
767 371 875 420 anax.
903 371 952 438 ιν,
980 367 1007 414 5.
1358 357 1405 428 69

160 548 342 623 novandis
369 573 478 648 quam
503 550 670 650 gerendis
697 551 816 650 aptior
840 551 960 643 rebus,
987 575 1034 624 ex
1060 551 1134 624 suis
1162 554 1292 652 quique
1318 558 1406 631 vicis

160 659 402 758 urbibusque,
432 662 502 735 hoc
535 662 670 760 ipsum,
705 672 925 735 concurrunt
959 661 1007 734 ad
1042 659 1195 736 delenda
1228 667 1407 760 praesidia

159 769 367 844 Persarum.
427 769 497 861 Qui
531 773 660 863 territi,
699 783 822 846 tamen
854 795 956 870 spem
987 771 1164 846 retinendi
1194 772 1405 874 Aegyptum

103 902 139 950 ar
160 907 239 955 non
271 880 479 955 omiserunt.
532 879 606 956 Sed
640 905 702 956 eos
737 885 934 981 Amyntas,
968 883 1106 980 proelio
1133 897 1340 981 superatos,
1366 889 1405 960 in

160 991 290 1065 urbem
317 989 507 1089 compellit,
534 992 732 1089 castrisque
758 992 885 1089 positis
917 993 1073 1066 victores
1106 991 1153 1066 ad
1178 997 1403 1093 populandos

160 1125 290 1200 agros,
321 1103 423 1175 velut
452 1103 489 1175 in
518 1101 640 1176 'medio
674 1102 802 1199 positis
829 1103 987 1176 hostium
1013 1103 1167 1193 cunctis,
1194 1107 1403 1202 agebantur.

103 1229 139 1276 ³²
159 1210 289 1308 Itaque
313 1209 496 1303 Mazaces,
523 1237 741 1311 quamquam
765 1211 896 1286 infelici
930 1213 1066 1310 proelio
1092 1238 1240 1288 suorum
1266 1219 1404 1293 animos

157 1323 306 1396 territos
334 1347 414 1395 esse
441 1334 678 1423 cognoverat,
711 1333 833 1396 tamen
859 1323 1023 1421 palantes
1055 1335 1091 1396 et
1116 1325 1288 1400 victo1iae
1313 1328 1402 1401 fidu-

159 1429 217 1504 cia
255 1433 419 1506 incautos
459 1443 665 1524 ostentans,
703 1434 861 1532 perpulit
899 1457 946 1506 ne
980 1433 1189 1508 dubitarent
1227 1461 1274 1509 ex
1311 1439 1402 1513 urbe

104 1563 138 1612 ss
160 1565 348 1640 erumpere
375 1553 413 1616 et
438 1567 496 1617 res
523 1543 673 1617 amissas
699 1569 921 1642 recuperare.
966 1543 1010 1616 Id
1036 1545 1222 1618 consilium
1248 1573 1322 1620 non
1346 1573 1402 1622 ra·

158 1653 258 1725 tione
277 1652 500 1750 prudentiuS,
515 1679 622 1751 quam
636 1666 769 1730 eventu
795 1655 930 1728 felicius
957 1655 1039 1728 firit:
1066 1653 1113 1728 ad
1138 1660 1250 1746 unum
1277 1683 1401 1733 omnes

158 1787 243 1835 cum
276 1763 356 1860 ipso
391 1759 614 1838 duce'occisi
640 1775 735 1840 sunt.
787 1763 864 1838 Has
889 1790 1026 1864 poenas
1052 1764 1232 1865 Amyntas
1259 1769 1401 1864 utrique

157 1873 237 1972 regi
251 1870 360 1965 dedit,
373 1873 485 1948 nihilo
510 1876 625 1974 magis
653 1876 685 1948 ei
712 1875 759 1949 ad
785 1900 892 1974 quem
917 1875 1277 1972 transfugeratfidus,
1292 1903 1400 1972 quam

156 1984 209 2056 illi
235 2009 342 2082 quem
368 1985 584 2078 deseruerat.

102 2118 139 2166 ss
262 2093 371 2168 Darei
396 2107 596 2193 praetores,
629 2094 690 2192 qui
721 2095 858 2192 proelio
885 2091 982 2191 apud
1006 2091 1111 2165 Isson
1137 2081 1398 2191 superfuerant,
1427 2107 1448 2179 6

157 2205 243 2277 cum
282 2206 379 2278 omni
411 2229 538 2297 manu,
572 2230 666 2303 quae
705 2206 882 2304 fugientes
923 2213 1047 2276 secuta
1081 2213 1178 2293 erat,
1213 2219 1400 2305 assumpta

156 2315 268 2387 etiam
294 2313 550 2415 Cappadocum
576 2327 614 2390 et
639 2315 912 2414 Paphlagonum
936 2313 1140 2404 iuventute,
1166 2312 1320 2414 Lydiam
1345 2343 1399 2391 re·

100 2439 136 2488 3⁵
156 2448 330 2524 cuperare
361 2427 598 2524 temptabant
649 2425 872 2524 Antigonus,
898 2436 1049 2522 praetor
1080 2423 1296 2517 Alexandri,
1328 2425 1398 2527 Ly·

156 2533 238 2608 diae
264 2545 448 2633 praeerat:
481 2537 558 2634 qui,
585 2561 801 2635 quamquam
826 2535 1020 2633 plerosque
1044 2535 1197 2609 militum
1224 2560 1271 2609 ex
1293 2561 1398 2634 prae·

153 2793 276 2860 videtur‚
299 2801 332 2848 ut
349 2793 479 2866 significet
503 2797 551 2849 loc
572 2799 658 2866 speum
680 2795 758 2849 fidsee
791 2791 839 2916 ithui
851 2791 999 2872 editionem·
1010 2790 1156 2862 prinoipem
1172 2793 1288 2861 curavit,
1307 2795 1399 2849 addito

153 2861 228 2981 ffmd
243 2863 374 2932 Amyntas
395 2863 452 2918 fore
467 2863 643 2934 praedixerat.
680 2863 758 2918 Simi-

174 2927 321 2984 terGrseci
337 2928 412 2984 roor’
429 2934 521 2984 ἐκεῖνο
538 2931 664 2986 adiiciunt
680 2940 759 2985 extra
792 2931 821 2982 in
850 2931 935 2982 medio
957 2927 1055 2996 positia
1084 2927 1126 2979 dis
1156 2929 1267 2980 hostium
1297 2929 1399 2984 intacta

153 2996 282 3050 ordinem.
791 2995 914 3066 reliquit,
938 2996 1023 3048 donec
1044 2992 1129 3046 Aldu
1151 3011 1199 3070 pno
1221 2997 1263 3047 dis
1285 2997 1397 3050 sossium

188 3080 261 3134 apem
286 3067 416 3120 retinendi
444 3067 510 3120 Ae.
535 3084 588 3120 aon
616 3068 757 3120 miserum
792 3063 907 3118 correxit
942 3061 1063 3142 omnibus
1097 3061 1220 3140 hosam
1265 3061 1396 3133 Equidem

152 3132 298 3186 munima
314 3141 425 3188 tuentur
492 3135 517 3187 d.
535 3134 619 3188 nostri
636 3133 756 3188 etSnak
792 3131 855 3188 olim
871 3132 905 3184 de
923 3136 1075 3185 coniectura
1091 3128 1152 3181 dedi
1169 3137 1278 3183 actores
1296 3134 1396 3212 adpo-

152 3215 258 3268 omnes,
281 3209 313 3256 ut
333 3200 422 3256 mirari
443 3204 538 3256 subeat
554 3203 625 3256 unde
641 3201 756 3256 editores
808 3201 920 3254 suades
937 3215 1032 3268 apros,
1056 3198 1123 3250 velot
1141 3197 1170 3250 in
1186 3198 1271 3250 medio
1283 3209 1385 3267 poenos

152 3268 239 3322 multo
258 3269 416 3324 deteriorem
432 3269 573 3324 lectionem
581 3272 755 3324 obtinendi—
784 3219 900 3322 lesdam
918 3265 1178 3345 ewwtanqebaatanr,
1201 3265 1248 3320 sed
1270 3284 1340 3346 nunc
1361 3239 1397 3322 ed

152 3338 299 3391 amiseram
320 3337 460 3406 duxerint,
489 3356 557 3409 quse
580 3338 757 3410 superscripta
790 3335 943 3391 Modianam
965 3341 1122 3404 scripturam
1150 3339 1215 3386 rtem
1242 3343 1396 3390 coniectura

152 3411 195 3459 est
212 3405 240 3458 in
256 3404 328 3460 Flor.
345 3405 379 3460 E.
790 3412 882 3458 natam
903 3402 1015 3458 devenio
1036 3403 1104 3455 velet
1132 3402 1161 3453 in
1189 3403 1274 3456 medio
1295 3407 1394 3472 positia

187 3476 213 3540 5.
230 3479 273 3529 81.
300 3475 369 3528 velut
390 3475 419 3528 ia
442 3476 526 3528 medio
543 3475 655 3545 matis]
671 3474 758 3529 Locus
791 3474 904 3528 locatim
920 3472 1029 3526 euacua
1059 3469 1160 3522 Cuncta
1178 3471 1289 3524 hostium
1306 3472 1394 3527 omnia

152 3549 302 3612 eoeruptus,
315 3545 394 3613 quem
410 3540 524 3596 editores
532 3550 635 3596 veteres
644 3544 758 3613 quodam
791 3539 909 3596 hostium
925 3540 996 3594 bona
1012 3537 1138 3592 videntia
1156 3551 1221 3590 essa.

152 3608 228 3678 queri
245 3609 388 3682 emplastro
404 3608 444 3664 ite
461 3616 586 3664 texerunt
602 3619 635 3664 ut
648 3611 759 3666 ederent
844 3647 851 3661 .
869 3615 911 3664 82.
929 3607 1094 3686 recuperare]
1111 3603 1291 3668 [aarum
1311 3608 1393 3664 Bern.

151 3678 262 3732 adores
284 3681 323 3732 od
339 3679 507 3748 populandos
536 3695 616 3759 apros
643 3681 759 3732 ederit
792 3677 819 3730 A
859 3675 908 3730 lor.
926 3675 1213 3753 Anreceperorenncut
1231 3691 1253 3727 c.
1270 3682 1297 3740 6,
1317 3679 1339 3744 §-
1352 3684 1394 3744 ‚34

150 3761 188 3796 ae
218 3747 286 3799 velat
312 3748 341 3798 ia
371 3747 455 3800 medio
481 3747 578 3814 posius
608 3748 759 3800 omnibus
792 3746 940 3812 reciperare
957 3759 986 3794 m
1002 3739 1156 3819 tribusplhs
1169 3741 1216 3792 sed
1229 3741 1302 3796 nullo
1310 3743 1393 3814 Floa,

150 3813 263 3867 Mation
294 3823 387 3868 coacta
417 3815 592 3894 repeteretur..
614 3814 669 3868 Sed
698 3814 759 3894 liliri
793 3815 859 3881 §.86
877 3811 1077 3879 reciperandum
1093 3825 1122 3859 m
1138 3805 1190 3886 illu
1208 3808 1391 3890 etqur.AB:

149 3881 479 4021 madia?
495 3898 759 4021 &allolldd
792 3882 1029 4004 {attalam
1046 3882 1271 4023 ttsttattt,
1284 3897 1393 4018 att,

149 4015 355 4140 aaut
370 4034 493 4142 aa
507 4018 759 4142 qrarrr
793 4022 843 4137 a
856 4010 1289 4154 ,rrae
1310 4016 1393 4140 lae

148 4151 221 4208 Flor.
239 4153 288 4208 BG
307 4156 376 4223 diis,
393 4153 469 4209 leid.
486 4157 563 4221 odis,
586 4153 668 4208 ceteri
684 4125 756 4209 Flors
791 4171 800 4206 1
819 4168 907 4218 aneos,
925 4157 1098 4205 venmtamcn
1115 4163 1175 4200 cum
1191 4163 1233 4227 rea
1248 4167 1302 4231 non
1312 4152 1391 4207 sitex

148 4229 177 4275 et
200 4221 283 4275 Bern.
303 4221 337 4277 B.
364 4226 464 4277 emotae
485 4222 594 4277 habent.
634 4222 706 4276 Flor.
731 4221 758 4276 G
791 4237 823 4275 eo
846 4235 943 4290 genere
966 4225 998 4271 ut
1019 4214 1266 4270 Drakenborohrum
1292 4219 1391 4275 imitari

147 4289 257 4344 liberius
281 4290 396 4345 conexit
419 4293 486 4344 velut
514 4291 544 4345 in
570 4292 655 4344 medio
674 4291 759 4360 positi
792 4287 870 4343 velim
886 4289 922 4340 ed
938 4285 1074 4365 Liv3v11,
1093 4288 1125 4336 18
1146 4281 1176 4335 in
1200 4284 1309 4356 singulis
1326 4288 1390 4346 loos

148 4359 261 4412 tueatur
279 4368 372 4414 cancta
390 4360 510 4430 opetum.
545 4357 607 4412 Alia
628 4358 758 4413 recentio-
792 4373 821 4410 se
838 4357 914 4411 codd.
931 4371 1007 4425 seqiu
1023 4353 1207 4426 profitentem,
1234 4373 1390 4426 recuperare

148 4443 208 4478 rum
234 4425 361 4482 librorum
387 4425 487 4482 somnia
512 4426 615 4482 omitto.
656 4426 711 4480 Sed
736 4425 759 4480 is
793 4423 914 4496 praetuli.

821 2879 903 2915 osuo
920 2863 1008 2914 edum
1026 2877 1058 2913 ac
1075 2875 1143 2930 quse
1166 2868 1314 2929 sequuntur
1331 2865 1399 2916 velat
