3158 5294
502 390 551 492 nn
578 386 704 442 onsrrs
729 389 839 440 max.
865 392 902 458 x,
928 385 954 439 s.
1264 365 1336 436 491

105 570 284 672 quon'dam
323 573 495 647 adversus
529 573 711 649 libidinem
750 573 876 665 animi,
929 571 1076 646 arbitrio
1116 568 1223 643 scorti
1262 568 1338 641 aliis

105 711 215 784 regna
241 683 358 775 daret,
387 685 464 758 aliis
492 685 665 760 adimeret
689 685 813 758 vitam.

50 817 85 864 se
208 793 340 868 Iisdem
366 798 440 872 fere
467 796 592 869 diebus
620 796 756 868 litteras
783 796 911 893 accipit
936 795 982 866 de
1007 793 1114 868 rebus
1139 793 1176 866 in
1195 791 1340 890 Europa
1368 795 1388 864 6

13 973 14 986 ,
48 929 84 974 44
104 919 140 981 et
153 905 240 980 Asia
265 907 386 1004 gestis,
414 907 499 980 dum
524 907 601 1005 ipse
617 905 758 980 Indiam
784 906 935 1005 subegit.
975 903 1141 1002 Zopyri0,
1168 903 1339 978 Thraciae

104 1018 349 1116 praepositus,
376 1044 458 1116 cum
485 1017 749 1116 expeditionem
774 1019 811 1090 in
838 1014 948 1090 Getas
974 1016 1122 1104 faceret,
1149 1026 1339 1114 tempesta·

12 1173 14 1214 J
103 1129 199 1202 tibus
225 1129 459 1228 procellisque
486 1129 604 1202 subito
632 1129 773 1221 coortis,
800 1153 881 1200 cum
907 1137 986 1200 toto
1012 1128 1171 1200 exercitu
1197 1153 1340 1226 oppres-

48 1259 84 1306 45
105 1266 166 1313 sus
194 1250 280 1314 erat.
335 1236 414 1328 Qua
446 1240 590 1339 cognita
621 1239 740 1330 clade,
766 1237 918 1314 Seuthes
954 1235 1115 1336 Odrysas
1131 1333 1134 1340 ,
1149 1237 1340 1336 populares

12 1403 14 1414 J
106 1375 191 1423 suos
231 1348 277 1422 ad
317 1349 552 1424 defectionem
591 1352 821 1448 compulerat.
899 1348 1043 1424 Amissa
1081 1348 1341 1448 propemodum

11 1485 13 1556 g
105 1458 272 1550 Thracia,
298 1485 345 1534 ne
372 1441 521 1536 Graecia
547 1461 690 1560 quidem
716 1463 769 1508 ⁴⁶*
852 1517 855 1524 .

11 1641 13 1668 2
106 1626 271 1697 [tumultibus
289 1628 446 1682 inconcussa
464 1629 565 1683 mansit
600 1629 671 1682 Nam
689 1628 856 1695 Alexander,
881 1627 974 1698 punita
991 1635 1154 1697 satraparum
1176 1627 1342 1698 quorundam

11 1739 13 1778 ι
105 1703 259 1771 insolentia,
287 1722 379 1775 quam,
407 1707 469 1760 dum
486 1706 514 1760 in
541 1713 662 1760 extremo
679 1707 745 1760 orbe
763 1706 890 1758 Indorum
906 1703 985 1756 armis
1002 1702 1144 1768 attinetru,
1170 1721 1218 1775 per
1242 1721 1343 1758 summa

105 1779 205 1833 scelera
221 1789 300 1852 atque
318 1781 418 1852 flagitia
435 1782 463 1835 in
487 1781 663 1853 provinciales
680 1789 868 1849 exercuerant,
893 1788 1041 1833 ceterorum
1059 1789 1158 1834 metum
1181 1781 1341 1834 intenderat:

11 1865 12 1876 ¹
105 1855 150 1927 qui
167 1857 196 1910 in
213 1857 318 1929 paribus
344 1858 446 1913 delictis
467 1857 538 1913 idem
555 1859 727 1912 admissorum
753 1857 898 1929 praemium
920 1863 1105 1928 expectantes,
1132 1857 1159 1910 in
1184 1857 1341 1911 mercenari-

10 1965 13 2008 ς
107 1951 182 1987 orum
199 1933 312 1989 militum
330 1935 407 1990 fidam
426 1937 628 2006 confingiebant,
651 1934 755 1988 illorum
776 1934 911 1999 manibus,
935 1933 957 1986 si
975 1934 1010 1985 ad
1027 1933 1183 2004 supplicium
1204 1951 1341 2006 posceren-

10 2079 11 2084 ἵ
105 2017 162 2078 tur,
181 2010 294 2063 salutem
312 2029 386 2064 suam
402 2013 529 2080 tutaturi;
547 2021 593 2066 aut
609 2010 733 2082 pecunia,
752 2021 853 2082 quauta
870 2019 989 2083 poterat,
1008 2019 1106 2078 macta,
1124 2010 1214 2080 sugam
1231 2010 1341 2064 inibant.

10 2091 13 2122 '¹
104 2085 147 2139 Ea
163 2103 192 2139 re
210 2086 316 2156 cognita
333 2087 437 2142 litterae
458 2089 492 2142 ad
516 2106 607 2143 omnes
624 2088 703 2142 Asiae
720 2097 855 2159 praetores
881 2087 975 2142 missae
993 2097 1068 2154 sunt,
1097 2088 1199 2158 quibus¹
1218 2086 1342 2158 inspectis

105 2164 249 2234 evestigio
266 2181 357 2219 omnes
374 2166 526 2236 peregrinos
551 2165 663 2232 milites,
691 2164 736 2236 qui
753 2164 883 2236 stipendia
899 2165 948 2219 sub
966 2164 1029 2236 ipsis
1053 2168 1184 2231 lacerent,
1210 2163 1342 2218 dimittere

105 2241 272 2296 iubebannn.
307 2241 373 2294 Erat
390 2241 521 2296 intereos
538 2241 683 2314 Harpalus,
709 2258 788 2312 quem
805 2242 971 2308 Alexander,
996 2244 1069 2312 quod
1095 2243 1131 2296 ob
1148 2239 1229 2312 ipsius
1251 2240 1339 2296 amici-

9 2319 13 2346 ’·
106 2317 170 2370 tiam
188 2317 251 2371 olim
268 2336 284 2370 a
301 2315 426 2388 Philippo
444 2317 543 2373 eiectus
566 2318 652 2372 solum
676 2318 809 2386 vertisset,
834 2317 904 2375 inter
920 2317 1057 2372 fidissimos
1074 2319 1197 2386 habebat,
1223 2327 1250 2372 et
1275 2326 1345 2390 post,

105 2392 210 2447 Mazaei
227 2401 340 2448 mortem
358 2395 472 2466 senapis
489 2395 654 2465 Babyloniae
671 2396 830 2463 donaverat,
855 2397 1091 2465 thesaurorumque
1111 2395 1247 2450 custodiae
1264 2412 1343 2466 prae·

9 2561 11 2574 '
105 2571 201 2693 reliqui
218 2581 408 2655 propagmunt.
444 2574 497 2630 Sed
514 2582 591 2647 patet
607 2574 646 2628 ita
663 2575 709 2628 ad·
743 2575 823 2643 beat,
849 2593 898 2646 pro
932 2593 985 2646 quo
1009 2574 1101 2629 Iunius
1131 2577 1164 2629 de
1192 2573 1344 2630 coniectura

106 2645 158 2694 den
177 2641 198 2694 is
225 2643 412 2714 domandisque
437 2643 526 2698 verbis
548 2661 603 2698 non
628 2659 708 2714 posse
742 2643 817 2697 dedit
860 2645 907 2697 sub
938 2645 966 2710 ¹,
1010 2645 1080 2714 quod
1119 2643 1213 2715 reliqui
1248 2659 1343 2714 propa·

8 2757 9 2786 ,
105 2710 194 2764 locum
211 2721 364 2782 corruptum
380 2713 494 2766 mactari.
527 2711 659 2783 Equidem
675 2711 709 2764 'in
742 2719 846 2781 gerunt.
904 2654 969 2766 llbh
994 2729 1064 2781 nego
1092 2729 1183 2766 vesum
1213 2728 1270 2764 essa
1296 2727 1344 2781 per

8 2793 9 2798 ¹
105 2777 194 2849 priore
212 2778 330 2834 editione
352 2780 386 2832 de
405 2780 556 2834 coniectura
572 2780 609 2834 sic
626 2781 707 2832 dede·
743 2797 772 2832 se
798 2781 906 2848 subiqit,
939 2780 987 2831 sed
1009 2781 1069 2832 'hoc
1092 2789 1180 2832 tamen
1211 2779 1269 2832 loeo
1304 2778 1343 2830 vi-

105 2863 173 2899 ram:
191 2849 229 2900 ad
245 2850 362 2900 ultimum
378 2859 462 2900 tamen
480 2849 560 2902 itaut
573 2849 708 2916 semetipso
743 2847 821 2900 detur
838 2847 1003 2900 coniunctum
1026 2847 1137 2902 alterum
1177 2864 1282 2901 raesens
1300 2863 1344 2899 uc-

106 2917 286 2984 deqeoeram't,
314 2925 342 2970 ut
369 2917 480 2970 inuictus
506 2919 635 2987 quondum
659 2917 708 2970 ed·
742 2917 805 2984 capit
823 2913 850 2968 in
868 2931 946 2970 causa
963 2915 1041 2984 trisse
1063 2933 1110 2970 cur
1127 2866 1227 2986 subegit
1244 2914 1343 2968 melue-

107 3001 196 3035 versas
215 2984 364 3048 libidinem,
382 3000 432 3036 nec
449 2982 551 3036 interea
568 2983 707 3054 quicquam
741 2983 777 3036 rit
794 2991 902 3050 auctor,
922 2985 993 3054 quod
1011 3001 1069 3037 cum
1085 2986 1166 3052 pestis
1184 2984 1263 3037 rebus
1281 2999 1343 3036 con-

8 3051 9 3082 ³
106 3051 140 3103 ab
159 3049 216 3103 aliis
234 3051 413 3121 excogitatum
431 3052 546 3122 comperi
564 3051 635 3122 quod
651 3067 707 3104 ma·
742 3051 904 3120 iungeretur.

107 3118 147 3188 gis
174 3117 345 3200 satisfecerat.
371 3119 460 3201 ,Nunc
486 3128 650 3240 tamem
673 3135 707 3172 eo
777 3124 801 3185 3.
823 3126 864 3199 44.
899 3137 957 3198 oum
974 3123 1156 3200 espeduiouem
1178 3151 1212 3162 -
1227 3117 1342 3187 fuceret]

8 3285 9 3288 =
106 3187 379 3321 plquvppohppsme'zq
393 3198 591 3326 lidhedbmrlhnec
615 3204 708 3308 meli&
742 3186 1344 3327 dxdddrrdtdtflidddhpdsdnddllqddh'laetehallleddl

106 3321 142 3374 ali
162 3322 209 3376 uid
225 3322 378 3378 inveniatur
392 3341 523 3405 propono.
743 3333 931 3404 propagarunt
971 3325 999 3378 N
1033 3341 1067 3378 ue
1094 3323 1164 3378 enim
1181 3325 1235 3377 fert
1257 3339 1344 3392 gram·

105 3339 248 3530 turghl’rlgb
264 3395 364 3514 liuhada
382 3393 620 3516 d‘b'ebhhoahcddmlt
644 3391 708 3514 Esdeid
742 3391 1155 3516 ffdsttldiacruhtloIsbhlfflVldgsmlw
1172 3407 1264 3446 omne!
1281 3407 1343 3444 m

105 3545 123 3580 o
145 3527 229 3580 Coeno
247 3528 342 3582 salsum
360 3545 418 3583 esse
445 3538 534 3600 patet,
558 3479 708 3600 {pisone-
774 3537 798 3598 ς.
812 3537 854 3583 st.
878 3547 910 3582 ne
930 3531 1045 3584 Graecia
1063 3531 1176 3600 quidest]
1209 3528 1344 3582 Lacunam

8 3675 9 3678 κ
106 3603 315 3716 tibitibi?
338 3615 480 3734 ffl
503 3597 552 3720 ll‘
580 3596 708 3718 httt
741 3597 1125 3720 tt⁸⁵⁸ttt²⁰t¹³tt2⁰tt¹f
1142 3597 1299 3718 ilh‘lfiw'
1317 3595 1344 3648 ³¹¹

217 3701 224 3726 ‚
542 3705 548 3718 .
808 3707 815 3718 .
907 3705 912 3718 .
1037 3707 1043 3720 .

107 3728 171 3782 olim
190 3729 270 3782 fune
289 3734 377 3797 dmno,
403 3733 451 3784 sed
472 3705 535 3786 ‘cum
552 3732 604 3787 boe
620 3733 706 3786 ineer-
742 3735 769 3787 in
792 3734 911 3802 margine
939 3733 998 3798 „hic
1016 3735 1111 3786 desunt
1137 3735 1204 3785 duae
1230 3733 1343 3786 lineae.“

106 3804 163 3850 tum
180 3795 215 3850 sit
235 3806 354 3868 praestat
379 3799 476 3853 tollere
493 3817 525 3853 ea
550 3800 632 3853 verba
649 3819 708 3854 cum
742 3805 865 3880 Apparet
887 3811 991 3854 tautum
1009 3803 1065 3854 sere
1088 3800 1199 3871 spatium
1225 3801 1345 3854 relictum

107 3864 183 3919 lunio
201 3865 350 3920 audonbus
366 3866 442 3920 libris
459 3868 530 3921 Flos.
543 3867 607 3921 DFI
624 3867 705 3920 Pell
736 3871 822 3922 -ttusse
840 3868 868 3922 iu
885 3867 953 3922 libro
971 3869 1041 3922 unde
1058 3869 1104 3922 illa
1120 3885 1196 3922 exem
1216 3869 1281 3922 laria
1298 3869 1345 3921 de·
1438 3889 1442 3899 ·

108 3941 138 3987 et
152 3933 224 3987 Flor.
243 3931 317 3986 CEH
335 3935 456 3988 Bern.B
478 3935 554 3989 Voss.
573 3942 597 3988 2.
632 3937 708 3988 Acci·
743 3936 854 4006 scripta,
872 3953 934 3989 nam
951 3952 980 3988 re
997 3955 1060 3990 vern
1078 3937 1163 3990 multo
1181 3886 1241 4006 plus
1260 3938 1344 3990 deest.

100 4004 145 4073 pit
162 4011 251 4056 autem
268 4000 365 4072 legitur
382 4003 410 4058 iu
426 4002 500 4056 leid.
518 4003 618 4058 Voss.1
638 4003 707 4056 Dan.
742 4005 814 4058 Natu
831 4022 892 4058 casu
908 4003 948 4056 ita
965 4005 1089 4060 accidisse
1116 4005 1289 4071 videtur,·ut
1305 4004 1344 4058 illi

107 4073 280 4141 (quemquam
306 4070 369 4124 mihi
396 4071 503 4143 quidem
530 4087 563 4125 ex
585 4071 665 4126 Bsrn.
682 4072 708 4125 A
743 4071 870 4126 Graeciae
896 4073 1023 4126 tumultus
1057 4091 1117 4128 oum
1142 4071 1253 4143 Harpali
1280 4074 1345 4142 fuga

106 4157 161 4192 non
191 4141 313 4208 noman)
345 4139 416 4194 Flor.
442 4137 535 4192 ADGI
561 4139 651 4192 Pall
680 4148 709 4193 et
742 4141 853 4194 lacunae
883 4140 1022 4196 occasione
1054 4141 1241 4207 convenirent,
1276 4159 1344 4207 etun,

107 4206 171 4261 edit.
197 4206 338 4274 Modiana,
365 4208 539 4279 convenitque
567 4215 709 4262 consuetu·
742 4207 793 4262 nisi
810 4226 906 4262 novam
933 4209 1001 4264 inter
1019 4227 1076 4289 cap.
1104 4216 1199 4264 tett
1224 4210 1344 4263 lacunam

107 4274 162 4326 dini
191 4275 340 4346 scriptoris,
376 4277 421 4348 qui
455 4276 483 4330 in
513 4275 561 4330 tali
596 4275 708 4330 uandtu
742 4286 859 4330 statuere
877 4276 1001 4344 velimus,
1028 4287 1110 4332 etiam
1127 4279 1161 4330 de
1187 4276 1343 4332 continuato

128 4344 237 4398 raesenti
256 4344 311 4398 sere
325 4353 443 4415 tempore
460 4344 554 4409 utitur,
572 4361 633 4398 raro
667 4361 708 4396 er·
741 4361 826 4426 usque
844 4345 911 4399 Susa
937 4345 1034 4400 itinere
1061 4355 1090 4405 et
1115 4345 1212 4415 nuptiis
1239 4346 1343 4411 ducum,

107 4361 178 4463 lescle
194 4420 224 4464 ut
240 4427 284 4478 ιν,
312 4419 342 4466 21
370 4433 410 4494 pr.
450 4413 504 4468 sed
530 4429 622 4467 omnes
647 4362 707 4465 libri
743 4413 812 4481 alirs,
831 4431 898 4484 quae
914 4415 986 4494 apud
1004 4414 1084 4468 Diod.
1103 4431 1125 4466 o.
1146 4421 1192 4467 107
1211 4414 1343 4483 leguntur,

108 4493 170 4530 mss.
188 4487 216 4532 et
232 4479 295 4534 olim
312 4482 378 4536 editi
397 4485 501 4536 dum-
517 4483 616 4551 sueyse
633 4479 708 4534 exhi-
742 4481 892 4552 expositum
908 4483 989 4536 sursse
1008 4499 1116 4536 neeesse
1135 4481 1177 4534 sit.

1195 3665 1249 3718 itur
1265 3663 1345 3718 etiam
