3270 5290
536 391 583 442 nn
611 389 739 444 aasrrs
765 389 875 444 anna
901 389 952 461 vr,
979 390 1021 438 aa.
1319 373 1392 446 259

108 591 142 640 18
159 575 274 672 prima
299 573 462 664 cohorte,
497 598 568 670 quo
604 574 889 649 introduceretur
915 575 961 648 ad
987 599 1117 673 regem.
1169 573 1277 649 Forte
1304 587 1394 650 cete-

157 685 206 758 ris
241 684 411 775 dimissis,
447 709 539 758 unus
573 684 749 779 Philotas,
785 686 1028 762 Parmenionis
1057 684 1178 778 'filiua
1218 688 1394 761 incertum

159 823 267 895 quam
293 797 340 871 ob
366 821 521 889 causam,
547 797 757 872 substiterat
781 800 818 874 in
844 799 950 898 regia
989 796 1085 874 Huic
1109 795 1307 891 cebalinus,
1334 825 1396 874 ore

160 909 309 982 confuso
340 935 490 1008 magnae
521 909 799 1007 perturbationis
832 921 942 986 notas
970 911 1279 1009 praeseferens,
1314 935 1394 1012 ape·

159 1020 206 1093 rit
241 1046 332 1118 quae
365 1047 412 1096 ex
442 1022 553 1094 tratre
584 1033 822 1121 compererat,
858 1034 896 1098 et
927 1024 1003 1100 sine
1035 1021 1204 1096 dilatione
1238 1024 1394 1096 nuntiari

110 1151 141 1199 19
158 1133 235 1231 regi
260 1134 368 1210 iubet
407 1133 578 1225 Philotas,
606 1132 808 1208 collaudato
835 1160 888 1226 eo,
901 1134 1063 1233 protinus
1090 1135 1201 1208 intrat
1226 1134 1272 1208 ad
1286 1135 1394 1208 Alex-

159 1243 327 1339 andrum
365 1246 549 1342 multoque
586 1245 738 1320 invicem
775 1246 819 1320 de
854 1245 930 1320 alis
962 1246 1070 1320 rebus
1108 1271 1271 1320 sermone
1313 1271 1394 1320 con·

159 1369 313 1456 sumpto,
339 1357 425 1432 nihil
450 1381 584 1449 eortun,
611 1383 703 1456 quae
728 1383 775 1432 ex
802 1355 971 1433 Cebalino
997 1369 1225 1457 cognoverat,
1242 1358 1393 1432 rmntiat.

107 1487 141 1535 so
160 1464 234 1542 Sub
260 1493 447 1569 vesperam
473 1493 556 1542 eum
579 1462 817 1567 prodeuntem
842 1471 878 1542 in
904 1469 1082 1544 vestibulo
1116 1469 1235 1568 regiae
1261 1469 1394 1569 exeipit

106 1599 138 1646 21
158 1579 315 1673 iuvenis,
341 1607 389 1654 an
414 1579 623 1654 mandatum
650 1591 821 1656 executus
848 1582 942 1655 foret
965 1581 1159 1678 requirens.
1213 1581 1294 1674 Ille,
1320 1608 1393 1656 non

159 1715 306 1767 vacasse
332 1693 486 1766 sermoni
512 1717 578 1766 suo
604 1717 726 1791 regem
751 1702 928 1783 causatus,
954 1691 1125 1768 discessit.
1161 1691 1311 1768 Postero
1338 1692 1395 1766 die

161 1799 350 1878 Cababum
392 1805 549 1880 venienti
588 1806 626 1878 in
664 1807 799 1905 regiam
832 1815 980 1903 praesto
1022 1816 1095 1896 est,
1130 1804 1393 1902 intrantemque

158 1914 329 1991 admonet
354 1915 467 2016 pridie
493 1919 772 1993 communicatae
798 1917 983 2015 cumipse
1009 1918 1070 1990 rei.
1105 1915 1168 1989 Ille
1194 1939 1300 1989 curae
1327 1914 1394 1988 sibi

159 2051 237 2100 esse
262 2025 472 2126 respondet:
499 2055 541 2103 ac
566 2055 612 2104 ne
638 2040 716 2103 tum
741 2026 885 2127 quidem
910 2027 986 2126 regi
1012 2052 1103 2126 quae
1129 2025 1292 2100 audierat
1312 2051 1393 2124 ape·
1621 2107 1622 2110 Ἴ

106 2157 139 2206 aa
157 2139 214 2211 rit
267 2136 443 2239 Coeperat
474 2139 644 2216 Cebalino
676 2165 755 2215 esse
787 2149 984 2239 suspectus.
1042 2139 1168 2237 Itaque
1200 2163 1274 2211 non
1298 2139 1394 2210 ultra
1621 2147 1622 2152 ’

159 2249 456 2350 interpellandum
481 2264 598 2346 ratus,
633 2252 743 2328 nobili
768 2252 897 2343 iuveni,
923 2251 1065 2326 Metron
1091 2261 1170 2326 erat
1195 2250 1227 2324 ei
1253 2273 1393 2340 nomen,
1620 2243 1622 2322 l

159 2383 268 2460 super
293 2365 604 2439 armamentarium
628 2366 757 2464 posito,
783 2363 880 2461 quod
906 2365 1021 2438 scelus
1046 2372 1233 2462 pararetur
1251 2359 1393 2434 indicat.
1620 2369 1622 2374 “

107 2493 139 2542 aa
158 2469 222 2547 Ille
255 2471 424 2549 Cebalino
460 2475 496 2548 in
534 2476 807 2550 armamentario
841 2473 1067 2566 abscondito,
1107 2474 1270 2572 protinus
1306 2471 1392 2568 regi,

158 2610 287 2685 corpus
313 2588 406 2661 forte
432 2589 580 2679 curanti,
607 2585 693 2685 quid
719 2588 751 2660 ei
776 2586 887 2661 index
913 2585 1108 2677 detulisset,
1135 2585 1301 2659 ostendit
1440 2636 1445 2648 -
1619 2615 1620 2624 ³

107 2715 141 2764 ²4
261 2696 357 2790 Rex,
392 2696 441 2771 ad
471 2695 845 2797 comprehendendum
874 2697 1045 2772 Dimnum
1078 2699 1195 2772 missis
1235 2693 1443 2770 satelliti-27

159 2808 242 2902 bus,
274 2810 587 2883 armamentarium
623 2809 742 2882 intrat.
799 2809 854 2883 lbi
888 2807 1077 2883 Cebalinus
1108 2807 1240 2907 gaudio
1267 2798 1392 2898 elatus,

158 2921 274 2997 Habeo
308 2935 352 3013 te,
385 2921 515 3019 inquit,
549 2921 743 2997 iaoolwaem
769 2945 810 2994 ea
843 2919 1023 3020 impioram
1056 2919 1209 2994 monebas
1234 2933 1392 3019 ereptam.
1618 2921 1620 2938 ¹

107 3047 141 3096 aa
159 3028 396 3106 Percontatus
423 3031 551 3107 deinde
576 3030 783 3107 Alexander
808 3055 900 3129 quae
924 3029 1107 3106 noscenda
1133 3041 1245 3124 erant,
1272 3029 1395 3103 ordine

159 3220 192 3267 ut
208 3213 293 3268 nostri
309 3214 395 3270 solent
412 3217 455 3269 die
472 3217 700 3271 Lerbsclroodroa.
718 3216 759 3271 Cs.
794 3215 925 3296 Medendi
944 3217 1026 3271 verbo
1047 3215 1156 3296 propria
1167 3215 1250 3296 'sedes
1267 3221 1322 3282 est,
1348 3212 1396 3266 ubi

159 3283 194 3336 td
211 3289 380 3351 1V,50,26.
416 3283 495 3348 Quod
516 3284 635 3357 sequitur
652 3303 701 3356 pao
718 3287 760 3338 ia·
793 3283 877 3355 pnnci
946 3300 977 3338 ae
999 3285 1100 3339 nobiles
1125 3286 1174 3338 srbr
1196 3283 1302 3356 plaeere
1329 3297 1397 3353 quae

382 3370 414 3407 ro
441 3371 458 3407 o
484 3371 533 3426 qao
556 3371 575 3408 a
672 3371 760 3434 quent,
813 3352 854 3406 uis
882 3352 966 3407 ecerit
982 3352 1133 3408 humaniter
1150 3353 1305 3424 signitiesnt
1323 3350 1397 3405 Infra
1618 3359 1619 3413 t

159 3420 239 3490 paulo
263 3420 418 3476 insolentius
438 3422 546 3477 dietum
586 3371 646 3476 &l
658 3439 696 3476 arc
712 3421 760 3476 Se·
794 3421 812 3475 lr
833 3427 1011 3490 .v11,8,17
1035 3424 1199 3476 collaudatos
1217 3431 1240 3475 et
1252 3421 1396 3490 promissa

159 3505 224 3542 neca
242 3489 368 3546 Controv.
381 3490 494 3545 aedan.
512 3491 760 3545 coatraMoat'mum
794 3501 926 3558 oneratus,
944 3505 997 3558 vu,
1011 3497 1054 3558 at,
1068 3495 1103 3545 88
1120 3491 1273 3546 Alexander
1289 3491 1396 3543 mutam

160 3557 322 3626 Stertinium,
341 3577 398 3630 qao
411 3561 588 3628 prementur,
606 3577 664 3614 crem
677 3575 761 3612 amatr
795 3561 941 3614 conradere
960 3560 1117 3630 Spitamene.

159 3626 216 3676 etas
232 3625 350 3692 fuisset,
381 3629 456 3682 dixit.
496 3627 572 3682 Unus
598 3627 705 3681 Medius
732 3637 761 3681 at
1258 3661 1265 3674 ·
1301 3661 1307 3672 ·

159 3693 250 3744 inm
274 3693 386 3748 mahero
403 3711 481 3748 mm
502 3705 543 3749 m
560 3704 588 3749 et
605 3697 689 3751 mdex
705 3695 760 3750 eius
829 3680 945 3716 aenaeae
962 3680 1066 3716 cauam
1085 3672 1110 3716 to
1135 3679 1224 3717 omnes
1247 3659 1308 3714 lrbrr
1325 3677 1395 3728 msa,

160 3731 265 3813 efflator
290 3759 412 3815 laudatur
432 3762 461 3815 in
486 3764 617 3834 lanugine
641 3764 760 3818 Freinsh.
795 3731 860 3785 editi
876 3739 983 3802 praem
999 3729 1030 3784 Μ
1067 3730 1182 3784 '⁰⁸5oe
1198 3730 1310 3784 invem

159 3827 247 3898 Bong.
268 3836 290 3880 1.
325 3829 420 3883 Melius
438 3829 528 3884 Iunius
546 3851 563 3886 a
582 3850 645 3902 φφ,
663 3833 710 3886 „ed
727 3849 760 3886 „0
830 3821 854 3882 S.
873 3823 914 3896 ².¹'
938 3833 1017 3868 caerae
1034 3817 1086 3894 sp'bi
1104 3833 1159 3868 esse
1176 3815 1325 3885 respondet]
1343 3815 1396 3868 Re·

159 3896 210 3950 hoo
226 3894 333 3967 quidem
351 3896 379 3950 in
397 3898 472 3951 codd,
491 3907 539 3954 ega,
795 3887 900 3954 sperem
916 3883 996 3953 vulgo
1013 3884 1114 3950 editur,
1141 3884 1187 3936 sed
1213 3901 1228 3936 r
1275 3886 1350 3936 oadet
1368 3890 1397 3936 et

193 3967 217 4033 ς,
237 3971 277 4018 13,
301 3967 358 4020 ,im
376 3967 499 4020 dilatam
536 3965 610 4022 Libri
627 3976 655 4024 ee,
672 3968 756 4024 nom-5
795 3951 880 4032 oratio
917 3951 1016 4006 ustulat
1032 3961 1061 4006 et
1073 3949 1210 4005 meliorum
1268 3952 1396 4005 deuote·

158 4040 187 4086 ει
203 4031 285 4088 smk,
303 4051 393 4089 0111„oe
410 4033 448 4088 350
463 4035 498 4088 h„
549 4043 575 4104 t,
596 4044 628 4089 ut
645 4037 756 4092 nmium
789 4029 863 4075 ritas.
923 4029 976 4074 sset
992 4019 1116 4074 mendosa
1132 4019 1214 4074 Bern.
1229 4021 1256 4074 A
1273 4019 1345 4076 Flor.
1361 4019 1395 4072 B.

157 4101 227 4154 unda
244 4101 328 4173 prinei
401 4101 514 4158 editores
537 4104 661 4158 duxerint
704 4105 758 4160 uod
827 4110 852 4174 s.
870 4111 912 4159 28.
948 4107 1014 4174 qaid
1030 4107 1055 4158 ei
1071 4108 1149 4159 {adea
1184 4105 1223 4158 Ei
1239 4111 1330 4174 potest
1347 4103 1395 4157 ali-

157 4170 331 4250 hucuaquea
375 4171 496 4226 omnibus
516 4185 622 4255 praeter
638 4173 668 4228 M
706 4173 759 4228 'um
794 4173 836 4229 cui
855 4191 1013 4245 quamquam
1030 4173 1125 4227 iniuria
1166 4171 1297 4228 atinitatis
1317 4189 1397 4226 eausa

157 4239 258 4292 edrtum
276 4241 390 4294 estsine
408 4252 577 4298 coaetaneae.
794 4257 851 4296 esse
868 4250 1035 4314 suspectrm,
1057 4241 1140 4313 magia
1157 4240 1214 4296 aliis
1251 4242 1304 4295 uod
1321 4242 1396 4294 deest

160 3354 338 3406 traduceretur
362 3371 381 3424 p

193 4310 216 4376 ξ.
242 4316 282 4363 19.
328 4311 475 4364 codoadato
501 4312 542 4432 θος]
596 4311 760 4365 Ooaloudoto
794 4311 822 4365 in
840 4313 911 4365 Mod.
929 4319 958 4364 et
975 4311 1066 4364 abesse
1084 4317 1224 4364 nutatura
1275 4309 1395 4364 idVoss.

157 4373 229 4429 Flor.
260 4378 286 4430 A
316 4377 397 4433 Bern.
423 4379 450 4434 A
476 4379 523 4433 Lei
544 4419 550 4432 .
574 4380 651 4435 Voss.
677 4379 760 4448 Mon,
797 4388 826 4446 1,
852 4397 943 4434 aerum
970 4379 996 4432 in
1022 4380 1118 4433 nostris
1149 4379 1173 4432 le
1194 4379 1247 4431 'tur
1275 4377 1396 4432 omnstrns

159 4446 307 4499 colbadoto
329 4445 400 4502 Flor.
423 4446 484 4516 BG,
502 4447 597 4530 reliqui
623 4455 652 4502 et
679 4447 761 4518 vulgo
796 4457 903 4520 praeter
918 4448 990 4502 Flor.
1006 4445 1040 4513 G,
1058 4465 1107 4502 nec
1125 4465 1161 4518 qu
1213 4455 1254 4500 ast
1271 4447 1298 4499 in
1316 4445 1396 4500 Bern.

157 4511 224 4566 editi
240 4515 356 4569 badura.
390 4515 547 4572 Rectissime
563 4517 614 4571 ali:
632 4533 694 4572 nam
710 4518 763 4572 col·
797 4518 824 4571 A
841 4519 1014 4587 patrantes
1032 4515 1084 4570 alio
1100 4515 1225 4587 pertinet.
1331 4543 1338 4552 ·
