3270 5290
551 368 601 447 on
628 395 754 449 ersus
780 396 889 450 Anax.
915 398 951 468 v,
978 397 1020 445 11.
1163 385 1168 394 “
1331 381 1405 456 201

168 605 291 656 comae
324 579 529 680 prominent
562 581 692 674 hirtae,
732 581 846 658 vestis
886 606 993 680 super
1026 609 1145 683 genua
1179 596 1253 674 est;
1296 583 1408 661 fundu

166 691 329 766 vinciunt
352 693 528 784 frontem,
555 694 624 768 hoc
645 704 686 774 ,et
713 703 964 768 ornamentum
989 697 1114 796 capitis
1142 707 1179 770 et
1204 698 1315 771 telum
1342 707 1406 773 est.

117 824 149 874 rs
168 801 241 878 Sed
274 804 368 878 hunc
402 829 544 902 quoque
578 817 723 906 gentem
757 807 853 881 idem
887 806 1053 884 fortunae
1078 809 1233 909 impetus
1259 807 1406 882 domuit.

167 913 293 1013 Itaque
323 915 508 1013 trigesimo
535 916 611 1010 die,
636 929 828 1018 postquam
854 944 876 992 u
902 917 1086 1020 Persepoli
1111 921 1293 1019 profectus
1320 931 1407 1012 erat,

115 1047 150 1095 ro
168 1026 296 1102 eodem
321 1027 436 1102 rediit
487 1027 594 1103 Dona
620 1028 749 1104 deinde
774 1030 895 1104 amieis
922 1033 1120 1130 ceterisque
1145 1057 1212 1130 pro
1232 1032 1407 1130 cuiusque

167 1138 296 1214 merito
322 1137 432 1214 dedit.
484 1139 750 1240 Propemodum
776 1143 911 1234 omnia,
943 1146 1097 1242 quaein
1123 1171 1166 1218 ea
1192 1143 1281 1219 urbe
1306 1169 1407 1244 cepe·

167 1261 235 1342 rat,
263 1251 462 1326 distributa
1432 1275 1435 1278 ·

115 1381 171 1431 ru⁴
276 1359 445 1437 Ceterum
468 1363 628 1462 ingentia
653 1361 760 1436 animi
784 1363 891 1456 bona,
904 1366 1000 1440 illam
1013 1366 1264 1465 indolemque
1285 1372 1457 1445 omnes22

167 1498 271 1573 reges
302 1474 511 1565 antecessit,
545 1474 642 1548 illam
673 1474 710 1548 in
746 1475 941 1550 subeundis
966 1479 1132 1576 perieulis
1160 1481 1407 1573 constantiam,

169 1586 206 1658 in
231 1585 339 1660 rebus
364 1586 552 1660 moliendis
580 1585 847 1685 efficiendisque
870 1590 1114 1684 velocitatem,
1141 1593 1177 1665 in
1203 1591 1345 1668 deditos
1371 1595 1410 1667 fi-

169 1696 261 1790 dem,
286 1699 324 1772 in
350 1697 513 1796 captivos
540 1697 774 1788 clementiam,
793 1699 830 1772 in
842 1701 1088 1799 voluptatibus
1113 1705 1296 1803 permissis
1323 1731 1408 1803 quo·

141 1871 145 1877 .
170 1835 238 1907 que
264 1821 302 1883 et
327 1809 468 1884 usitatis
494 1809 777 1908 temperantiam,
791 1810 889 1884 haud
914 1812 1089 1901 tolerabili
1114 1815 1188 1887 vini
1214 1815 1409 1913 cupiditate

135 1919 338 1994 rfoedavit
403 1919 520 1996 Hoste
556 1932 593 1994 et
627 1922 767 1996 aemulo
804 1922 906 2020 regni
949 1935 1137 2022 reparante
1172 1925 1436 2000 cummaxime

170 2033 319 2124 bellum,
352 2057 469 2134 nuper
494 2033 652 2108 subactis
679 2057 769 2131 quos
796 2035 946 2125 vicerat,
981 2060 1187 2134 novumque
1220 2037 1409 2136 imperium

123 2147 127 2153 '
170 2144 451 2243 aspernantibus,
473 2143 519 2222 de
544 2144 603 2220 die
629 2147 743 2220 inibat
769 2146 943 2237 convivia,
970 2148 1099 2244 quibus
1125 2149 1277 2224 feminae
1302 2151 1408 2226 inter·

73 2280 75 2284 ·
173 2266 293 2346 erant,
317 2281 390 2329 non
416 2257 558 2360 quidem
585 2283 673 2356 quas
701 2258 826 2331 violari
850 2259 951 2332 nefas
978 2269 1083 2351 esset,
1098 2260 1229 2359 quippe
1255 2262 1409 2360 pellices,

135 2365 335 2441 alieentius
368 2393 472 2466 quam
505 2370 656 2444 decebat
691 2395 772 2444 eum
807 2379 944 2444 armato
976 2369 1099 2446 vivere
1125 2381 1301 2446 assuetae.
1352 2371 1410 2447 Ex

171 2477 227 2552 his
261 2503 333 2553 una
359 2479 482 2573 Thais,
515 2490 553 2557 et
584 2483 662 2582 ipsa
696 2483 909 2574 temulenta,
942 2484 1136 2558 maximam
1162 2484 1260 2586 apud
1286 2510 1409 2562 onmes

205 2668 290 2731 519.
326 2667 459 2736 imperinm
483 2667 552 2786 dieb
579 2665 679 2722 Mirum
701 2667 773 2790 quod
807 2675 928 2725 extreme
941 2667 1057 2736 Medius,
1074 2667 1187 2724 multum
1205 2670 1286 2728 irrisis
1302 2671 1410 2742 reliquis

168 2731 253 2786 tradit
277 2733 358 2790 Suu.
379 2734 407 2788 in
429 2734 504 2790 Laid.
552 2742 678 2791 011112
725 2737 773 2791 lor.
808 2736 960 2804 editoribus,
979 2754 1038 2791 eum
1056 2738 1144 2792 afficta
1160 2748 1280 2794 censeret
1296 2740 1409 2806 auctori,

168 2800 273 2856 Heinsii
287 2801 339 2873 legi
348 2804 488 2872 tricesimo,
506 2822 565 2858 eum
583 2803 649 2858 nibil
666 2823 773 2876 prorsus
807 2805 908 2872 omisit,
931 2823 1089 2877 quamquem
1107 2805 1234 2861 librorum
1252 2809 1410 2862 auctoritate

169 2887 187 2924 a
208 2871 340 2925 constanti
370 2873 430 2926 edd.
456 2872 588 2944 scriptura
612 2875 773 2944 tricesimum
807 2874 913 2927 abunde
935 2874 1045 2928 munita
1080 2875 1176 2945 Neque
1198 2895 1251 2930 non
1274 2885 1342 2947 puto
1364 2878 1410 2929 de·

169 2938 303 3020 diuersum
319 2957 335 2992 e
351 2941 448 3022 nestris
460 2943 536 2997 codd.
548 2950 680 3024 epotetur.
699 2941 773 2996 Alio-
807 2941 880 2996 feudi
894 2959 982 3022 possm
1000 2943 1100 2996 vicerat
1113 2943 1183 2997 enim
1192 2953 1285 3026 gentes
1289 2945 1409 3026 :alexan-

170 3025 316 3132 etim
333 3011 773 3151 mmmm
807 3011 1411 3154 tulltlleubttttffmmttmlt:

172 3144 227 3198 Sed
244 3163 305 3200 mox
317 3157 456 3217 postqrmm
469 3167 517 3219 pro
525 3148 596 3219 vulg.
600 3160 694 3230 poetro
729 3167 773 3202 cm
806 3149 936 3202 munitate
953 3156 1100 3220 pacaverat.

171 3229 262 3268 omnes
284 3214 366 3270 nostri
393 3223 422 3270 et
448 3215 530 3270 Snek.
552 3217 661 3272 codices.
695 3167 772 3270 qlium
842 3221 865 3286 ς.
888 3223 913 3271 3.
954 3234 985 3269 er
1010 3219 1052 3270 lia
1074 3235 1128 3271 uua
1154 3219 1247 3286 ibris]
1290 3218 1334 3273 Sic
1356 3237 1410 3273 non

171 3283 252 3336 rediit
268 3301 321 3338 non
338 3291 379 3338 est
395 3283 444 3341 nisi
462 3285 489 3340 in
506 3285 659 3352 FleuDFI,
678 3283 771 3356 reliqui
805 3285 891 3339 solum
915 3285 994 3338 Bam.
1016 3286 1043 3338 A
1068 3285 1139 3341 Flor.
1166 3287 1230 3349 AB,
1258 3289 1304 3341 sed
1331 3287 1411 3341 etiam

170 3359 200 3406 et
215 3352 290 3406 codd.
308 3351 390 3407 Snak.
408 3356 483 3408 redit.
518 3354 618 3408 Varum
639 3353 771 3425 praesenti
804 3353 875 3408 Flor.
888 3354 947 3422 OG,
983 3371 1076 3408 uorum
1092 3355 1189 3408 similes
1206 3355 1266 3410 libri
1278 3357 1411 3411 mesolim

170 3421 328 3492 temporib.
346 3421 613 3495 liuterpraeteritu
630 3441 683 3477 nou
700 3423 772 3476 vide·
825 3423 919 3494 rincipi
949 3422 1044 3477 e'tori
1079 3425 1114 3477 ad
1148 3441 1253 3478 manum
1287 3425 1411 3480 videntur

171 3497 291 3544 teresse
308 3490 389 3544 loeus.
807 3441 894 3544 luisse.
929 3491 1036 3562 Reliqui
1062 3509 1125 3568 vero
1149 3492 1220 3548 Flor.
1243 3502 1271 3547 et
1287 3495 1410 3548 Bern.B

207 3557 274 3628 (lup.
292 3565 335 3624 22,
355 3563 379 3624 s.
398 3565 422 3614 1.
457 3561 486 3613 io
508 3561 608 3614 deditur
621 3561 720 3627 μάθοι,
744 3562 773 3614 iu
807 3569 836 3613 et
852 3560 962 3614 Vocet
986 3579 1017 3614 er
1039 3563 1080 3614 bis
1101 3562 1183 3615 Τὴοὶε
1208 3572 1231 3614 et
1253 3564 1312 3632 ipsu
1331 3575 1410 3618 temu-

172 3627 288 3694 captivos
305 3628 463 3680 electuarium
509 3628 680 3682 Accusativos
706 3627 772 3683 h.l.
807 3629 1237 3684 lentamchThaideAtticaes.
1246 3632 1411 3686 Athenaeum

173 3709 264 3746 omncs
288 3694 340 3748 mei
364 3703 393 3748 et
418 3694 456 3749 Sn
493 3696 619 3750 ‚cedices
636 3696 772 3759 exhibent.
807 3696 853 3750 lib.
871 3711 941 3765 xm,
963 3715 986 3751 e.
1003 3705 1055 3764 37,
1081 3715 1106 3768 p.
1132 3705 1181 3754 576
1204 3705 1267 3772 περὶ
1288 3691 1322 3766 ἧς
1344 3721 1411 3772 φησι

173 3760 244 3815 sicut
260 3779 301 3816 res
321 3763 378 3831 ipse
398 3762 481 3817 iubet.
515 3763 590 3818 Editi
606 3773 697 3820 tamen
713 3764 774 3819 libri
807 3764 978 3838 Κλείταρχος
999 3763 1038 3822 cde
1061 3771 1151 3823 αἰτίαν
1179 3773 1333 3838 γενομένης
1359 3777 1411 3822 τοῦ

172 3831 361 3956 mmm&
377 3840 405 3886 et
422 3834 518 3888 deditis
535 3841 564 3886 et
581 3833 774 3904 eaptivieexhi·
809 3837 1007 3920 ἐμπρησθῆναι
1030 3833 1067 3887 τὰ
1086 3841 1118 3888 ἐν
1135 3835 1308 3908 Περσεπόλει
1327 3841 1409 3904 fluct·
1484 3833 1488 3842 ¹

228 3899 432 3962 &similitudine
445 3919 505 3956 eum
518 3902 678 3972 praegressis
691 3901 774 3956 abusi.
809 3901 878 3954 λεια.
913 3900 994 3968 Αὕτη
1022 3899 1052 3955 δὲ
1076 3903 1092 3969 ἡ
1114 3905 1180 3960 Θαῒς
1205 3911 1251 3957 καὶ
1268 3905 1340 3972 μετὰ
1358 3913 1410 3959 τοῦ

207 3971 230 4038 ξ.
249 3975 273 4023 2.
309 3979 449 4039 reparante
476 3973 646 4024 cummaxime
668 3972 773 4042 bellum]
802 3966 987 4043 Ἀλεξάνδρου
1013 3971 1147 4026 θάνατον
1170 3979 1216 4024 καὶ
1241 3972 1410 4042 Πτολεμαίῳ

171 4037 311 4092 Edebatur
326 4037 408 4108 vulgo
425 4037 489 4094 olim
506 4049 559 4093 tum
576 4041 698 4106 maxime,
716 4047 775 4110 poet
810 4039 939 4111 ἐγαμήθη
956 4046 998 4107 τῷ
1017 4041 1121 4112 πρώτῳ
1139 4037 1338 4108 βασιλεύσοντι
1355 4047 1409 4095 Αἶ-

170 4105 293 4160 Modium
306 4116 359 4160 lum
368 4109 546 4174 cummaxime,
560 4107 775 4162 neeulterutrum
809 4107 934 4181 yrirrrov,
959 4114 1005 4162 καὶ
1028 4114 1176 4183 ἐγέννησεν
1203 4109 1279 4176 αὐτῷ
1309 4115 1410 4164 τέκνον

172 4175 332 4242 condemn03
351 4175 397 4228 sed
415 4175 476 4228 libri
494 4183 582 4230 tumen
600 4183 629 4230 et
646 4177 776 4246 pluresct
809 4181 988 4232 Λεοντίσκον
1011 4184 1057 4231 καὶ
1073 4179 1188 4251 Λάγον,
1212 4180 1356 4266 θυγατέρα
1380 4175 1411 4232 δὲ
1459 4189 1460 4192 ’

222 4243 339 4298 batiores
364 4244 546 4311 cumrimxime,
573 4254 658 4298 tumm.
686 4253 727 4298 est
748 4245 776 4300 in
810 4245 943 4314 Εἰρήνην,
969 4241 1005 4310 ἢν
1027 4251 1128 4319 ἔγημεν
1145 4247 1331 4308 Erinomae
1349 4254 1410 4300 τῶν

198 4329 249 4366 ees.
267 4319 282 4366 2
309 4311 382 4367 Flor.
398 4311 464 4380 BE,
491 4323 545 4367 tum
562 4314 731 4368 cummaxime
748 4313 776 4367 in
809 4311 914 4368 Σόλων
931 4319 992 4367 τῶν
1011 4319 1042 4368 ἐν
1060 4316 1166 4389 raupa)
1180 4314 1322 4437 facilem.

173 4379 245 4434 nullo
262 4397 312 4436 nee
327 4397 445 4436 meomm
463 4398 513 4436 nee
529 4391 687 4449 ceterorum,
704 4382 776 4453 quod
844 4385 918 4452 ομοᾰ
934 4400 1020 4436 omnes
1033 4385 1161 4455 Graecos]
1195 4383 1318 4438 nsolitum
1335 4403 1409 4438 mon-

174 4447 294 4518 equidem
311 4449 400 4504 scium.
436 4449 480 4505 Cf.
497 4449 531 4504 ad
549 4465 593 4518 111,
612 4457 638 4518 5,
657 4457 698 4504 1⁷.
809 4457 893 4504 strum
910 4450 991 4521 vulgo
1007 4451 1113 4507 fovetur
1129 4471 1146 4506 α
1184 4456 1305 4507 domnae
1325 4453 1409 4506 Grec·

209 4533 289 4588 nuper
314 4517 431 4575 subdetis
462 4537 525 4591 quoe
550 4521 657 4589 uicerat]
701 4518 776 4576 Haec
809 4537 910 4588 eorum,
935 4520 1006 4593 qued
1022 4520 1091 4578 sicut
1108 4539 1144 4577 nu
1165 4519 1317 4593 isundquis
1333 4519 1409 4575 testi·
