3270 5290
522 412 571 462 nn
598 410 724 464 ansus
740 373 859 464 'anun
884 411 935 480 vr,
962 408 1004 457 as.
1303 389 1375 462 257

144 593 214 686 leti,
241 593 298 664 cui
324 590 540 666 Nicomacho
566 606 644 669 erat
668 619 815 686 nomen,
850 619 971 668 amore
995 593 1181 692 flagrabat,
1208 593 1379 691 obsequio

109 705 205 776 suni
230 703 298 776 sibi
323 702 434 778 dediti
461 706 619 804 corporis
644 707 795 780 vinctus.
834 705 880 797 Is,
912 705 1008 804 quod
1034 730 1081 779 ex
1107 706 1212 779 vultu
1237 729 1379 802 quoque

142 816 296 914 perspici
322 825 474 912 poterat,
489 817 610 891 similis
624 819 788 909 attonito,
801 818 948 893 remotis
974 817 1116 890 arbitris
1143 840 1225 890 cum
1249 817 1380 889 iuvene

144 926 292 1000 secessit
316 926 353 999 in
379 929 562 1027 templum,
588 953 719 1002 arcana
745 953 784 1018 se
810 939 847 1002 ct
872 928 1010 1004 silenda
1035 929 1162 1002 afferre
1188 927 1380 1025 praefatus,

112 1058 432 1137 rsuspensumque
466 1041 715 1138 expectatione
750 1065 815 1138 per
848 1051 1011 1114 mutuam
1045 1041 1230 1114 caritatem
1263 1049 1300 1112 et
1329 1037 1379 1135 pi·

145 1175 259 1248 gnore
284 1151 470 1248 utriusque
495 1151 602 1224 animi
627 1161 748 1250 rogat,
774 1163 816 1226 ut
841 1153 994 1226 affirmet
1018 1151 1263 1242 iureiurando,
1290 1173 1381 1247 quae
1474 1237 1476 1240 Ι

112 1261 396 1352 scommisisset,
431 1263 571 1338 silentio
604 1287 682 1338 esse
716 1273 904 1337 tectorum.
956 1261 1005 1338 Et
1038 1263 1097 1337 ille
1128 1273 1245 1355 ratus,
1279 1261 1378 1351 nihil,

145 1373 242 1472 quod
277 1373 385 1447 etiam
419 1399 500 1448 cum
534 1375 688 1472 periurio
721 1373 961 1473 detegendum
993 1377 1100 1465 foret,
1133 1372 1380 1464 indicaturum,

111 1504 211 1583 oper
234 1495 442 1584 praesentes
469 1483 555 1559 deos
579 1485 684 1558 iurat
728 1483 821 1558 Tum
845 1484 997 1561 Dimnus
1023 1487 1147 1585 aperit,
1174 1486 1212 1557 in
1237 1486 1383 1559 tertium

146 1593 241 1668 diem
271 1596 346 1694 regi
380 1595 526 1670 insidias
552 1606 793 1695 comparatus,
826 1621 935 1695 seque
961 1599 1036 1672 eius
1068 1597 1204 1671 consilii
1229 1598 1381 1670 fortibus

112 1724 125 1770 ι
146 1707 231 1778 viris
258 1718 296 1780 et
319 1707 517 1781 illustribus
543 1733 622 1781 esse
647 1708 866 1806 participem.
911 1706 1048 1798 Quibus
1074 1707 1213 1781 iuvenis
1241 1706 1382 1797 auditis,

112 1833 188 1888 sse
213 1842 298 1890 vero
324 1818 433 1892 fidem
458 1819 496 1891 in
521 1817 710 1916 parricidio
737 1817 877 1894 dedisse
910 1831 1116 1895 constanter
1142 1818 1282 1909 abnuit,
1317 1842 1384 1891 nec

149 1928 220 2001 ulla
245 1929 431 2028 religione,
466 1941 508 2004 ut
533 1931 649 2005 scelus
675 1941 791 2030 tegat,
825 1955 931 2030 posse
965 1929 1170 2026 constringi.
1222 1927 1385 2019 Dimnus,

147 2049 185 2112 et
210 2065 332 2114 amore
358 2052 395 2116 ct
418 2052 519 2115 metu
544 2067 686 2134 amens,
721 2041 909 2117 dexterum
935 2044 1067 2117 exoleti
1094 2041 1319 2138 complexus,
1347 2049 1385 2111 et

145 2151 351 2242 lacrimans,
390 2177 494 2226 orare
527 2154 695 2252 primum,
729 2163 772 2226 ut
806 2154 983 2252 particeps
1027 2151 1163 2227 consilii
1197 2152 1385 2250 operisque

113 2261 269 2337 slieret:
295 2264 325 2335 si
349 2261 388 2336 id
412 2265 586 2339 sustinere
612 2291 686 2340 non
712 2275 851 2363 posset,
883 2274 1042 2340 attamen
1067 2292 1114 2339 ne
1138 2263 1309 2363 proderet
1336 2287 1385 2352 se,

149 2373 250 2446 cuius
285 2399 369 2472 erga
401 2377 519 2474 ipsum
555 2377 817 2451 benivolentiae
841 2386 999 2477 ¹practer
1035 2380 1104 2452 alia
1138 2377 1208 2449 hoc
1245 2397 1386 2472 quoque

148 2484 298 2558 haberet
330 2487 562 2562 fortissimum
595 2477 739 2587 pignus,
774 2485 871 2583 quod
898 2499 1006 2586 caput
1038 2515 1143 2563 suum
1169 2486 1387 2586 permisisset

95 2613 130 2661 ιο
148 2594 232 2668 fidei
257 2595 373 2671 adhuc
398 2599 616 2698 inexpertae.
668 2596 729 2670 Ad
755 2599 918 2673 ultimum
944 2601 1103 2674 aversari
1128 2598 1242 2672 scelus
1268 2621 1386 2696 perse·

149 2719 334 2782 verentem
358 2709 484 2784 mortis
509 2722 608 2785 metu
635 2719 765 2784 terret:
791 2709 837 2784 ab
864 2711 924 2786 illo
951 2713 1067 2810 capite
1093 2709 1296 2784 coniuratos
1309 2707 1385 2806 pul·

96 2837 128 2883 11
151 2819 365 2892 uberrimum
398 2821 534 2894 facinus
569 2821 808 2895 inchoaturos.
862 2822 961 2896 Alias
989 2821 1117 2895 deinde
1144 2821 1386 2894 effeminatum

150 2941 188 3004 et
218 2931 437 3004 muliebriter
472 2932 650 3024 timidum,
688 2934 776 3007 alias
815 2934 1035 3031 proditorem
1067 2932 1236 3006 amatoris
1270 2930 1388 3027 appel·

149 3043 246 3130 lans,
279 3065 376 3115 nunc
409 3042 569 3140 ingentia
593 3044 821 3142 promittens,
852 3041 1103 3141 interdumque
1127 3066 1277 3140 regnum
1303 3066 1388 3138 quo·

152 3175 240 3251 que,
276 3152 445 3225 versabat
479 3153 636 3226 animum
662 3164 763 3227 tanto
794 3155 951 3228 facinore
977 3154 1102 3254 procul
1127 3152 1388 3226 abhorrentem.

97 3285 129 3332 ra
153 3260 325 3337 Strictum
351 3261 481 3338 deinde
506 3263 664 3362 gladium
689 3264 797 3340 modo
822 3265 932 3358 illius,
968 3265 1075 3341 modo
1102 3291 1167 3338 suo
1194 3263 1389 3338 admovens

151 3375 288 3473 iugulo„
316 3376 471 3476 supplex
495 3373 591 3450 idem
617 3385 653 3449 et
678 3375 828 3450 infestus
855 3379 1034 3476 expressit
1059 3376 1223 3466 tandem,
1250 3384 1390 3450 utnon

99 3505 130 3553 rs
153 3486 268 3559 solum
302 3486 496 3579 silentium,
531 3486 596 3562 aed
627 3487 735 3560 etiam
769 3513 915 3586 operam
940 3490 1175 3588 polliceretur.
1229 3485 1391 3585 Namque

188 3703 289 3756 rinctus
318 3703 367 3757 scri
401 3705 407 3716 '
439 3705 546 3776 quidem
574 3721 678 3772 omnes,
710 3704 757 3758 red
842 3713 908 3759 .11.
933 3709 1111 3776 interdumque
1128 3725 1201 3778 regn.
1220 3709 1328 3778 quoque]
1347 3705 1391 3762 Sic

153 3769 221 3825 editi
242 3779 347 3842 praeter
402 3772 444 3826 od.
467 3775 557 3828 vidue
590 3773 663 3828 Illud
680 3773 756 3828 unice
790 3791 826 3826 vu
872 3777 944 3841 ‚sed
961 3793 1014 3830 non
1030 3783 1097 3846 puto
1111 3791 1202 3828 varum
1215 3783 1393 3830 essentiae-

153 3855 260 3904 verum,
283 3857 341 3892 cnm
363 3855 449 3894 sermo
471 3859 524 3897 non
545 3842 581 3897 sit
598 3843 632 3896 de
648 3841 756 3913 mrcipi-
790 3844 968 3912 interdumque
995 3844 1066 3915 quod
1092 3843 1174 3896 debet
1195 3859 1251 3896 esse
1272 3863 1342 3898 nunc
1358 3871 1389 3884 -·

153 3907 224 3962 endo
248 3924 338 3962 amore
358 3909 406 3961 sed
428 3909 462 3963 de
478 3911 627 3966 constantia
648 3919 678 3964 et
694 3927 756 3982 per·
790 3912 928 3964 interdum.
951 3911 1022 3966 Flor.
1040 3911 1094 3965 ΕΗ
1118 3911 1240 3965 Bernss
1263 3915 1393 3966 interritum

152 3975 286 4049 potnitute
302 3975 405 4032 moris.
790 3995 889 4050 quicque
906 3997 1023 4050 requam,
1041 3988 1121 4052 utque
1139 3979 1176 4034 sic
1193 3980 1277 4034 edidit
1292 3980 1393 4048 Iunius,

189 4048 212 4115 ξ.
231 4051 255 4100 t.
290 4047 348 4116 rapi
373 4047 487 4100 insidias
513 4059 691 4117 comparatus,
713 4065 756 4102 or·
789 4049 835 4102 sed
852 4048 936 4102 multo
952 4049 1043 4103 melius
1060 4051 1189 4103 interdum
1206 4065 1314 4120 reguum
1331 4067 1393 4120 quo·

153 4113 216 4168 dine
232 4115 373 4168 verborum
389 4123 493 4170 mutato
510 4133 600 4170 omnes
616 4117 676 4171 libri
693 4133 754 4170 mss.
793 4133 849 4188 que.

154 4181 230 4236 Editi
246 4184 298 4236 im.
314 4185 373 4253 rapi
390 4193 564 4253 corapurotus.
828 4189 851 4255 ς.
863 4191 903 4239 12.
923 4187 1050 4255 cupressi!
1063 4190 1166 4240 landem
1182 4189 1222 4254 ut]
1237 4185 1395 4240 'SicFreins

207 4292 212 4304 .
232 4257 255 4304 8.
274 4253 405 4305 deuteron
422 4253 527 4376 eroice}
544 4252 613 4307 md.
632 4256 760 4320 mutum,
794 4253 915 4308 hemisno
932 4262 961 4307 et
977 4261 1059 4308 reete.
1093 4255 1163 4308 Edd.
1180 4262 1248 4310 vett
1266 4256 1394 4326 expressit

218 4335 300 4390 pareo
317 4337 435 4375 meorum
452 4321 502 4375 cod
546 4321 691 4375 ermensul.
794 4333 823 4377 ut
841 4325 944 4376 taudem
964 4323 1106 4378 secundum
1128 4323 1205 4379 codd.
1227 4323 1298 4379 Flor.
1320 4323 1394 4378 CDE

190 4391 274 4456 sio.
292 4390 383 4442 morde
400 4392 478 4458 mnu]
496 4389 594 4443 Adhuc
606 4388 670 4442 editi
684 4405 761 4460 prae-
794 4389 887 4445 FGHI
913 4392 993 4444 Bern.
1014 4392 1049 4459 B,
1080 4391 1134 4446 noli
1165 4390 1287 4446 dubitare
1314 4391 1394 4445 etism

155 4463 200 4510 ter
220 4455 375 4510 Modianum
400 4467 469 4512 matu
495 4460 599 4524 mortis,
628 4458 676 4511 sed
695 4457 761 4510 illud
795 4458 853 4516 Pal.
875 4467 887 4512 1
907 4458 983 4513 Voss.
1005 4466 1020 4514 2
1047 4464 1218 4532 (quamquam
1241 4477 1293 4514 non
1319 4466 1395 4531 petet

155 4523 259 4582 eodiees
276 4525 351 4582 leid.
358 4526 437 4581 Voss.
448 4534 460 4581 1
471 4525 666 4582 BeruAFlor.
674 4523 761 4581 ABG.
795 4528 868 4599 apud
884 4527 979 4597 Snslr.)

1157 4617 1187 4666 1⁷
