3238 5296
516 358 565 410 nu
591 357 718 410 unsms
744 356 853 408 snex.
880 356 957 427 mn,
984 354 1027 408 os.
1313 339 1385 413 391

150 544 245 618 trices
283 541 423 617 retestari
458 541 533 617 siat.
598 537 691 624 Quae
730 555 839 616 tamen
879 541 991 616 omnia
1031 542 1167 616 tolerare
1204 542 1384 642 potuimus,

151 667 326 753 autequam
350 679 410 729 uos
435 655 585 729 barbaris
604 651 749 745 dederes,
767 667 797 726 et
813 679 896 728 uooo
916 678 1005 727 more
1027 655 1163 729 uiatores
1185 655 1245 728 sub
1271 654 1388 752 ispum

102 783 132 832 12
151 765 301 839 mitteres.
359 767 543 842 Persarum
580 778 609 838 te
644 764 741 837 uestis
784 777 814 837 et
852 764 1032 862 disciplina
1072 764 1222 856 deiectat,
1256 763 1388 864 patrios

150 899 257 950 mores
282 901 400 950 eaosus
425 900 469 949 es.
521 877 705 952 Persarum
731 901 824 974 erpa,
849 900 915 948 uon
941 875 1179 966 Macedonum,
1205 900 1315 975 repom
1342 899 1390 949 oo·

101 1004 132 1053 18
152 986 259 1060 sidere
284 989 462 1078 voluimus,
492 1001 523 1062 et
547 1002 575 1062 te
601 990 810 1088 trousfiepam
836 985 910 1060 beiti
939 988 1012 1059 iure
1031 986 1276 1085 persequimur.
1336 984 1391 1058 Tu

150 1096 356 1172 Maaedouus
380 1097 512 1172 uoluisti
532 1123 645 1198 persua
670 1097 728 1170 rai
751 1121 887 1196 ponere,
918 1096 1133 1194 venerarique
1159 1109 1187 1169 te
1212 1109 1248 1170 ut
1274 1097 1390 1170 deum.-

152 1221 187 1281 tu
211 1207 408 1307 Philippum
427 1223 561 1309 putrem
587 1207 773 1299 aversaris,
805 1207 891 1280 etsi
915 1208 990 1305 quis
1016 1207 1154 1281 deorum
1179 1221 1254 1281 ante
1279 1207 1391 1282 Iouem

102 1337 134 1386 14
152 1319 338 1410 laberetur,
366 1320 546 1422 fastidires
572 1319 671 1393 etiam
695 1315 816 1393 Iouem.
869 1317 1032 1406 Miraris,
1066 1316 1099 1390 si
1122 1317 1217 1392 tiberi
1241 1319 1388 1394 homiues

151 1430 342 1526 superbiam
373 1443 464 1504 tuam
486 1435 583 1532 ferre
614 1455 681 1503 nou
704 1427 912 1527 passumus?
967 1423 1060 1510 Quia
1084 1453 1260 1526 speramus
1286 1453 1327 1502 eu
1352 1442 1390 1519 te,

153 1540 272 1639 quilius
297 1555 355 1614 aut
380 1541 559 1617 insoaa'hus
584 1539 793 1614 moriendum
818 1551 877 1631 est,
915 1552 988 1631 aut,
1021 1539 1110 1639 quod
1139 1539 1265 1616 tristim
1290 1553 1392 1614 morte

105 1669 135 1718 1⁵
154 1663 213 1742 est,
251 1652 287 1724 in
322 1654 474 1727 semiitrete
504 1648 708 1728 uiuendum?
765 1652 821 1726 Tu
846 1651 993 1752 quidem,
1030 1651 1062 1724 si
1092 1651 1265 1724 unendari
1289 1664 1393 1750 potes,

153 1763 293 1837 muitum
318 1763 402 1836 niti
426 1763 530 1838 debes.
582 1762 640 1836 Ea
664 1786 717 1834 me
743 1764 831 1836 enim
855 1763 940 1835 seire
965 1762 1113 1860 coepisti,
1145 1761 1227 1861 quid
1257 1763 1394 1862 inpeuui

153 1873 299 1948 tantm
320 1876 416 1974 ferre
447 1899 515 1948 noa
540 1873 681 1973 possint.
734 1871 791 1946 De
821 1885 923 1946 aetem
947 1897 1069 1970 purae,
1109 1899 1249 1972 pirorum
1280 1874 1393 1945 orbam

152 1997 345 2058 senectutem
369 1985 544 2082 suppliciis
567 2009 608 2058 ue
635 1982 841 2057 maavms:
872 2007 933 2056 nos
958 1984 1030 2057 iube
1056 1983 1143 2073 duri,
1169 1994 1213 2073 ut,
1240 1981 1329 2082 quod
1353 2006 1394 2054 ea·

154 2106 212 2166 tua
229 2107 331 2168 morte
345 2098 560 2192 petieramus,
581 2116 820 2191 emesepmmur
837 2119 879 2166 ea
896 2106 1018 2167 nostra.
1053 2090 1154 2166 Haeo
1166 2091 1390 2167 Hermolaus.

85 2221 155 2270 vui.
258 2203 310 2277 At
336 2229 423 2290 rex;
465 2200 575 2286 Quam
596 2203 695 2304 salsa
724 2203 806 2295 siut,
843 2204 974 2301 inquit,
1013 2229 1097 2303 puae
1128 2204 1187 2277 iste
1219 2205 1343 2278 tradita
1368 2227 1392 2276 a
1411 2204 1460 2276 26

124 2313 317 2413 rmapistro
347 2339 407 2388 suo
437 2314 538 2408 dire't,
572 2313 737 2414 patientia
766 2340 841 2390 mea
872 2316 1018 2390 ostendit.
1073 2311 1270 2414 Confessum
1305 2315 1393 2389 enim

154 2423 308 2500 ultimum
331 2427 487 2529 futinus,
513 2439 622 2500 tamea
647 2449 713 2500 uon
737 2425 843 2500 solum
869 2425 1017 2524 [audiui
1042 2425 1103 2500 sed
1127 2424 1177 2524 ut]
1205 2427 1274 2525 ipsi
1299 2425 1394 2500 audi·

154 2535 249 2628 retes,
290 2537 452 2638 repressi,
485 2563 552 2612 non
577 2535 788 2637 imprudens,
823 2561 899 2610 ouon
918 2539 1148 2636 permisissem
1175 2537 1296 2626 latroni
1319 2535 1395 2610 leuia

188 2756 211 2819 ς.
238 2758 279 2806 15.
320 2756 386 2826 quid
409 2785 444 2796 -
463 2755 541 2824 serre
566 2773 619 2808 noa
640 2755 757 2824 possint]
791 2771 824 2807 ne
841 2771 930 2820 onera,
948 2753 1126 2809 construxisse
1143 2759 1233 2807 sutem
1249 2769 1394 2825 pronomen

154 2819 253 2874 Peecet
270 2822 394 2876 adversus
411 2823 639 2892 grammatioorum
652 2822 758 2892 regulus
792 2821 928 2874 relativum
946 2822 992 2888 sio,
1019 2823 1060 2875 uti
1077 2840 1136 2876 oum
1154 2822 1209 2892 ipso
1227 2821 1395 2876 coniunctim

154 2889 227 2958 quod
241 2890 321 2960 vulgo
335 2890 424 2944 editur
438 2895 548 2962 quost-
559 2900 681 2961 possunt,
697 2907 758 2942 nem
792 2889 869 2942 solet.
905 2889 1023 2944 Clericus
1044 2890 1071 2943 in
1095 2889 1152 2941 lud.
1175 2891 1208 2942 de
1231 2889 1308 2944 Curt.
1325 2907 1347 2942 o„
1364 2895 1395 2943 lt)

155 2972 213 3008 eum
227 2957 331 3028 quidem
344 2977 410 3025 rem,
424 2977 501 3030 quum
511 2959 673 3014 Macedones
688 2958 758 3010 serre
811 2975 839 3010 ro
849 2975 932 3026 poree
946 2975 1053 3026 quorum
1063 2957 1143 3011 scribi
1151 2957 1235 3010 voluit
1267 2967 1394 3024 arentum,

156 3041 211 3076 non
269 3033 363 3080 terunt.
381 3029 430 3081 ie.
448 3027 604 3098 peregrinos
622 3042 708 3079 mores
727 3042 758 3078 ao
791 2975 941 3079 dehemus
959 3043 1011 3096 per
1029 3037 1052 3079 te
1069 3029 1168 3078 torum.
1203 2976 1264 3079 Sei
1274 3024 1314 3078 his
1331 3041 1395 3095 epu·

157 3109 188 3145 su
256 3093 324 3160 inm,
355 3096 441 3150 noluit
466 3095 624 3148 Hermolaus
655 3093 757 3146 dissere
792 3093 823 3146 lis
842 3111 892 3147 nou
911 3101 978 3147 utor.

157 3161 345 3215 sexanorum.
396 3165 466 3226 aisa
494 3175 536 3216 est
566 3163 594 3215 in
624 3161 758 3232 plerisque
826 3161 892 3242 Cup.
908 3169 950 3227 ⁶26,
970 3166 992 3230 5.
1007 3169 1031 3215 2.
1066 3172 1094 3215 ut
1116 3163 1169 3231 ipsi
1190 3162 1328 3227 audiretis,
1352 3177 1395 3213 ex·

156 3226 230 3281 libris
248 3231 356 3298 nostris,
397 3233 482 3284 assint
504 3230 632 3284 invenisse
649 3247 678 3284 se
694 3229 757 3283 sori-
786 3231 887 3300 presse]
915 3229 1015 3284 Locum
1029 3230 1168 3283 manifesto
1183 3238 1333 3299 comptum
1348 3237 1396 3282 sut

157 3295 197 3349 bit
218 3295 299 3352 Snnlr.
326 3299 354 3353 in
419 3299 452 3353 id.
475 3299 552 3352 Voss.
573 3308 584 3353 1
609 3307 638 3352 et
663 3307 704 3352 est
729 3297 757 3351 in
791 3298 913 3352 mutilum
925 3299 1038 3363 correxi,
1056 3306 1086 3351 ut
1098 3297 1181 3352 intelli
1203 3297 1311 3368 'possit
1330 3297 1395 3350 Mss.

155 3363 284 3420 Bemerui
301 3370 342 3433 A,
363 3366 459 3438 reliqui
476 3367 561 3421 nostri
577 3377 689 3436 possunt
710 3367 756 3419 hu-
791 3384 879 3421 omues
895 3376 924 3420 et
937 3367 1020 3438 prino.
1030 3368 1089 3420 edd.
1099 3367 1137 3421 sie
1149 3316 1291 3420 exiibent:
1310 3377 1396 3419 tarsen

156 3433 235 3500 bont,
261 3435 341 3489 solito
364 3452 466 3499 errore,
494 3453 547 3506 quo
570 3434 699 3506 inserpat
718 3434 757 3488 ite
790 3453 842 3488 aon
859 3437 941 3489 solum
958 3437 1011 3516 ipsi
1029 3439 1154 3490 erudireris
1174 3433 1306 3498 (nonnulli
1323 3451 1395 3488 men-

154 3453 756 3625 irroimmmmts
790 3503 1395 3626 tereremirruemus

155 3636 262 3689 hebent„
792 3642 858 3709 ipse,
877 3642 1013 3706 audiretis,
1035 3590 1119 3709 eequis
1136 3589 1214 3692 liciti
1231 3638 1283 3692 iam
1301 3639 1393 3708 vulgu-

185 3721 283 3772 purce,
308 3723 415 3774 priorum
463 3707 572 3760 Medius
593 3708 632 3759 tis
655 3706 758 3760 eddidit
791 3707 827 3760 ris
844 3708 915 3760 fecta
932 3716 985 3773 est,
1013 3706 1062 3760 etsi
1087 3707 1156 3759 inest
1178 3706 1277 3776 aliquid
1299 3708 1393 3760 durum

156 3771 229 3841 quod
255 3771 318 3826 item
343 3772 372 3825 in
431 3792 469 3826 or.
493 3774 519 3828 G
544 3776 577 3827 sb
604 3783 757 3827 enarratores
791 3784 820 3827 et
834 3783 994 3840 contortum,
1012 3783 1042 3828 ut
1055 3793 1088 3826 ex
1103 3775 1187 3827 ultera
1205 3791 1317 3844 persone
1334 3774 1393 3845 plu·

155 3841 360 3911 superscriptum
378 3850 460 3894 extat.
496 3843 537 3896 Eo
553 3841 658 3912 quidem
675 3841 756 3894 ulmi·
791 3842 853 3894 ralis
870 3842 957 3922 primu
970 3843 1036 3909 sing,
1046 3843 1080 3894 ud
1097 3859 1241 3912 pronomen
1259 3846 1314 3912 ipsse
1331 3844 1392 3895 sub-

154 3907 242 3962 nioulo
260 3927 312 3962 non
330 3925 451 3978 egemus,
475 3910 573 3980 quipe
612 3911 663 3963 uod
681 3909 757 3962 facile
790 3909 964 3978 intelligetur.
999 3909 1053 3964 Sed
1075 3923 1214 3981 praeterea
1240 3910 1319 3964 lectio
1342 3911 1394 3964 iste

154 3977 381 4048 subintelligamus
404 3977 460 4048 ipsi.
496 3929 556 4032 Sed
569 3927 679 4032 aliendit
697 3993 756 4047 par-
790 3976 878 4030 Aldin.
903 3977 1027 4031 librorum
1050 3979 1209 4032 auctoritate
1231 3978 1391 4045 destituitur,

154 4043 297 4112 ticulum,
324 4063 374 4116 pro
391 4046 482 4117 qussi
504 4064 557 4101 noa
573 4055 657 4113 esset,
684 4045 755 4099 loeus
791 4061 877 4116 neque
893 4045 970 4098 fusile
992 4046 1137 4116 intelligas,
1161 4047 1207 4118 qui
1229 4049 1325 4101 furtum
1347 4049 1390 4112 sit,

154 4113 295 4182 expeditus
313 4123 394 4168 esset:
421 4131 499 4182 perse
521 4114 617 4168 nostris
638 4113 755 4184 perenti—
790 4121 821 4166 ut
839 4122 879 4168 tot
896 4115 1022 4169 voonbulu
1039 4114 1175 4168 intellectu
1188 4115 1274 4168 fusilia
1287 4121 1394 4167 extrusa

154 4182 210 4248 bus,
229 4181 328 4253 quippe
346 4200 458 4254 quorum
475 4182 604 4236 miseriem
627 4181 756 4253 supplicio
790 4181 852 4237 sint.
887 4183 994 4236 Medius
1021 4193 1123 4248 eutem,
1150 4183 1250 4236 omissis
1275 4197 1343 4250 quse
1366 4181 1394 4235 in

153 4266 320 4373 stifft
340 4251 524 4374 liiltff
541 4252 650 4374 lude-il*
668 4261 756 4373 {llil
789 4260 1076 4373 &lilim’sildll
1091 4249 1395 4374 ttts‘t‘ttt'tt

153 4384 279 4507 ppzuiese,
298 4389 420 4459 quonism
437 4390 516 4460 longe
524 4337 696 4460 lirequediius
714 4395 756 4441 est
807 4405 838 4466 ιιιΙ
861 4361 990 4444 audiretis
1013 4337 1137 4458 enqpressi.
1172 4387 1215 4440 Ita
1234 4401 1267 4438 ue
1291 4335 1394 4466 vepqium

219 4453 325 4526 hugum
341 4465 430 4513 estate
451 4475 484 4512 ne
505 4458 654 4512 onuuoeris
677 4473 756 4528 quam
788 4405 889 4512 inedies
921 4456 1124 4529 impetraturum
1156 4456 1223 4512 eunti
1242 4471 1275 4523 ο,
1306 4471 1329 4508 ιι
1351 4452 1393 4509 eui
