3158 5294
440 363 490 413 ms
517 361 643 415 cassis
669 361 779 417 sarx.
806 368 843 434 x,
861 361 901 410 ra.
1243 351 1313 421 501

73 547 216 620 rabiem
240 545 294 618 ira
318 557 541 644 pervenerat.
594 543 719 644 Itaque
744 571 868 620 rursus
890 547 994 646 (nam
1027 573 1219 648 parumper
1246 553 1319 648 qui·

74 657 148 730 bus
174 657 388 754 imperatum
414 668 492 732 eret
517 657 796 756 dubitaverant)
831 661 943 756 mergi
968 661 1003 732 in
1031 685 1186 751 amnem,
1226 664 1319 736 sicut

25 767 191 840 evincti
217 779 329 858 erant,
363 769 475 841 iussit.
527 767 580 842 Ne
607 769 675 842 hoc
701 769 844 867 quidem
871 771 1082 870 supplicium
1108 771 1318 847 seditionem

72 879 231 952 militum
256 879 379 952 movit.
430 875 592 977 Namque
614 879 796 977 copiarum
814 879 923 954 duces
950 893 1057 978 atque
1083 883 1215 957 amicos
1242 887 1317 960 eius

72 990 250 1087 manipuli
277 988 411 1062 adeunt
437 1001 619 1088 petentes,
654 1002 697 1063 ut
723 993 752 1064 si
779 1018 868 1088 quos
895 992 1013 1065 adhuc
1046 993 1195 1089 pristina
1221 1020 1319 1072 noxa

73 1099 253 1174 iudicaret
279 1124 357 1172 esse
384 1111 580 1193 contactos,
607 1102 747 1176 iuberet
772 1103 932 1192 interfici,
961 1104 1089 1177 offerre
1111 1130 1150 1178 se
1168 1131 1318 1204 corpora

75 1214 165 1301 irae,
192 1208 434 1282 trucidaret*
460 1214 482 1257 *
508 1214 530 1257 *

151 1349 285 1422 [Tandem
307 1367 371 1420 prae
392 1351 485 1407 dolore
506 1352 552 1408 vix
574 1354 669 1408 mentis
694 1361 829 1426 compotes
849 1353 963 1407 universi
981 1363 1141 1410 concurrunt
1158 1357 1192 1410 ad
1209 1358 1318 1428 regiam,

76 1428 212 1500 armisque
229 1435 292 1480 ente
309 1426 378 1480 fores
395 1428 535 1499 proiectis,
560 1429 669 1484 tunicati
687 1439 818 1496 astantes,
837 1431 907 1484 nuda
924 1439 951 1485 et
968 1431 1083 1486 obnoxia
1100 1433 1191 1503 poenis
1208 1453 1319 1505 corpora

76 1502 184 1559 admitti
201 1503 295 1556 flentes
312 1504 429 1558 orabant
464 1505 527 1560 Non
545 1523 573 1560 se
591 1505 739 1578 deprecari,
768 1507 833 1578 quin
856 1507 989 1577 suppliciis
1006 1508 1120 1562 sontium
1138 1510 1318 1581 expiarentur,

16 1631 18 1650 ,
78 1597 149 1653 quae
177 1597 228 1650 per
253 1581 444 1635 contumaciam
465 1581 644 1652 deliquissent.
688 1581 770 1654 Bagis
801 1583 962 1637 iracundiam
987 1583 1036 1638 sibi
1063 1594 1149 1639 morte
1175 1588 1318 1642 tristiorem

76 1675 145 1712 esse.
190 1655 309 1726 Cumque
336 1655 391 1711 dies
422 1667 565 1730 noctesque
596 1667 659 1714 ante
691 1659 791 1731 regiam
816 1659 1000 1730 persistentes,
1035 1661 1176 1716 miserabili
1204 1665 1318 1720 clamore

16 1749 18 1776 2
77 1733 225 1804 habituque
247 1732 438 1802 poeniteutiam
460 1739 533 1789 suam
556 1737 748 1806 approbarent;
776 1735 885 1790 biduum
906 1745 993 1790 tamen
1016 1739 1140 1792 adversus
1162 1740 1318 1796 humillimas

16 1855 19 1862 .
76 1829 186 1866 suorum
207 1825 297 1879 preces
320 1808 454 1864 iracundia
475 1813 545 1884 regis
568 1812 681 1866 duravit.
718 1811 812 1866 Tertio
834 1813 877 1868 die
900 1813 986 1868 victus
1005 1815 1153 1870 constantia
1171 1817 1318 1888 supplicum

16 1883 19 1898 ⁸
76 1885 220 1960 processit,
247 1885 418 1956 incusataque
433 1887 541 1942 leniter
566 1887 695 1942 exercitus
721 1889 896 1958 immodestia,
928 1909 981 1945 non
1003 1892 1058 1945 sinc
1080 1891 1169 1946 multis
1192 1894 1317 1965 utrinque

16 2015 18 2024 ,
76 1963 206 2030 lacrimis,
231 1959 260 2014 in
280 1962 394 2030 gratiam
416 1979 445 2018 se
466 1983 526 2020 cum
548 1965 611 2035 ipsis
634 1965 719 2020 redire
741 1966 873 2035 professus
895 1973 944 2018 est.
978 1966 1068 2036 Digna
1090 1977 1180 2023 tamen
1201 1988 1243 2023 res
1260 1971 1317 2024 visa

16 2035 20 2046 '
76 2050 132 2109 est,
156 2054 224 2110 quae
246 2037 388 2092 maioribus
411 2041 504 2096 hostiis
527 2039 687 2112 expiaretur.
723 2041 817 2112 Itaque
839 2041 966 2096 sacrificio
988 2043 1126 2114 magnifice
1149 2055 1316 2116 perpetrato,

16 2155 18 2186 :
76 2117 255 2172 Macedonum
273 2112 350 2166 simul
368 2115 559 2190 Persarumque
581 2116 708 2188 primores
734 2117 856 2171 invitavit
877 2119 911 2171 ad
933 2118 1031 2188 epulas.
1065 2119 1169 2174 Novem
1190 2121 1261 2175 milis
1283 2140 1316 2176 eo

16 2223 18 2254 r
77 2191 200 2250 convivio
218 2189 367 2260 excepisse,
394 2194 530 2264 proditum
551 2201 593 2246 est
613 2192 769 2262 memoriae,
796 2211 892 2266 eosque
918 2211 1008 2248 omnes
1034 2195 1164 2251 invitante
1190 2215 1254 2268 rege
1282 2217 1317 2252 ex

16 2293 17 2300 2
77 2271 172 2325 eodem
189 2277 291 2323 cratere
308 2269 442 2339 libauisse,
470 2269 577 2326 Graecis
595 2269 766 2340 barbarisque
783 2271 888 2324 vatibus
909 2280 967 2326 tum
984 2271 1035 2326 alia
1052 2275 1137 2328 fausta
1155 2283 1223 2328 vota
1239 2293 1316 2344 prae-

16 2363 17 2372 *
77 2347 216 2416 euntibus,
242 2359 300 2406 tum
322 2345 442 2418 inprimis
463 2356 494 2402 ut
516 2365 548 2402 ea
571 2345 706 2417 utriusque
727 2346 832 2418 imperii
848 2347 876 2400 in
893 2347 962 2402 idem
981 2367 1075 2422 corpus
1093 2351 1189 2406 coalita
1206 2351 1316 2406 societas

76 2432 207 2496 perpetua
222 2426 301 2482 soret.
336 2426 472 2480 Maturata
490 2423 585 2478 deinde
602 2430 643 2476 est
660 2423 757 2489 missio,
776 2432 804 2477 et
818 2423 1005 2480 infirmissimus
1018 2427 1129 2500 quisque
1143 2429 1315 2483 exauctorati.

76 2500 228 2556 Amicorum
246 2519 352 2576 quoque
369 2501 499 2556 seniorum
517 2500 672 2573 quibusdam
691 2511 866 2555 commeatum
884 2501 965 2556 dedit.
992 2503 1036 2556 Ex
1051 2505 1108 2576 quis
1119 2505 1203 2559 Clitus
1216 2524 1315 2576 cogno-

77 2585 168 2633 mento
194 2579 278 2635 Albus
301 2578 467 2650 Gorgiasque
492 2587 521 2632 et
542 2576 699 2648 Polydamas
725 2585 753 2632 et
774 2576 920 2650 Antigenes
946 2579 1028 2634 fuere.
1062 2582 1232 2636 Abeuntibus
1260 2600 1316 2636 non

77 2656 155 2709 modo
183 2657 317 2726 praeteriti
339 2653 463 2726 temporis
486 2653 618 2724 stipendia
639 2671 700 2708 cum
720 2655 773 2708 fide
795 2654 938 2725 persolvit,
965 2673 1055 2710 verum
1082 2657 1162 2710 etiam
1187 2659 1316 2712 talentum

78 2732 173 2787 adiecit
189 2732 218 2786 in
234 2734 351 2805 ungulos
368 2731 475 2798 milites,
492 2730 581 2784 viatici
598 2730 713 2784 nomine.
749 2730 829 2784 Filios
847 2747 881 2784 ex
894 2731 1018 2786 Asiaticis
1035 2733 1162 2787 uxoribus
1180 2743 1316 2804 susceptos

79 2808 125 2874 (ad
142 2808 234 2862 decem
250 2809 322 2864 milia
339 2809 419 2862 fuisse
436 2807 588 2872 traduntur)
607 2807 678 2875 apud
695 2822 723 2860 se
740 2805 853 2877 relinqui
870 2805 955 2875 iussit,
973 2826 1007 2862 ne
1019 2809 1240 2864 inlllacedoniam
1256 2826 1316 2862 cum

78 2884 231 2955 parentibus
252 2884 423 2956 transgressi,
450 2891 478 2938 et
494 2881 650 2953 coniugibus
667 2881 808 2954 liberisque
824 2883 955 2953 prioribus
972 2885 1112 2955 permixti,
1135 2885 1246 2939 familias
1264 2885 1316 2938 sin-

113 3024 170 3089 §.8.
197 3021 255 3075 Nec
272 3024 319 3076 hoc
328 3019 443 3092 quidem]
468 3019 564 3073 Adhuc
581 3017 681 3070 editum
715 3017 870 3085 accessisse,
897 3019 1047 3088 omisimus,
1074 3021 1316 3074 Freinshemianum

83 3091 222 3161 estquod
239 3099 267 3145 et
283 3107 343 3143 mss.
361 3089 442 3146 libros
460 3103 549 3141 omues
567 3103 632 3140 occu
653 3103 680 3138 a·
715 3085 755 3139 ele
775 3086 862 3140 antius
888 3095 917 3140 et
942 3088 1088 3142 accuratius
1115 3089 1255 3158 scripura,
1282 3105 1316 3141 ne

77 3157 185 3211 vitNec
202 3161 249 3211 hoc
266 3161 377 3228 quidem.
396 3157 449 3211 Sed
467 3155 577 3226 copulae
595 3105 682 3207 nullus
714 3162 758 3207 stu
778 3155 831 3207 'um
848 3155 974 3208 historiae
997 3157 1193 3226 cognoscendae
1213 3156 1317 3208 fallere-

79 3243 186 3296 prorsus
199 3225 322 3280 hirsus
335 3233 385 3291 est,
404 3241 452 3279 nec
461 3222 593 3278 dubitabis
607 3224 680 3293 quod
714 3231 775 3303 tur,
811 3224 959 3276 adiecimus.
1011 3224 1193 3306 Reprehendit
1227 3232 1317 3277 autem

80 3294 179 3346 totiens
197 3294 380 3348 adiuvantibus
401 3292 475 3347 libris
498 3309 559 3345 mss.
576 3290 678 3358 feceris,
714 3291 921 3346 Fremshemium
953 3290 1095 3346 Tellienus
1127 3293 1217 3363 quod,
1257 3309 1317 3345 cum

78 3361 220 3432 aliquando
239 3363 319 3416 etiam
335 3363 421 3416 tacere
438 3359 638 3484 retiaquntihus.
714 3375 749 3412 ex
771 3362 964 3426 Anienem,
986 3367 1002 3414 8
1029 3369 1135 3416 constet
1161 3360 1317 3414 seditionem

111 3448 181 3484 noxa
198 3461 233 3471 —
250 3431 392 3510 contactos]
420 3430 494 3484 Libri
524 3445 569 3482 ere
585 3445 677 3482 omnes
713 3427 825 3482 militum
841 3429 920 3482 lirisse
937 3429 971 3482 ad
989 3430 1082 3483 urbem
1093 3428 1175 3499 Opim
1189 3429 1216 3482 in
1227 3428 1317 3498 Tigris

79 3509 235 3564 contractos,
261 3515 353 3552 verum
379 3517 406 3552 m
432 3497 488 3554 solo
514 3496 619 3570 quidem
645 3497 678 3550 de
712 3495 769 3566 ripa
786 3497 873 3565 sitam,
891 3495 935 3548 ille
952 3495 980 3549 in
997 3515 1027 3550 su
1046 3497 1181 3567 plemento
1198 3497 1316 3550 Alexan·

79 3566 141 3620 meis
158 3564 264 3620 Flor.G
282 3575 362 3620 extat
712 3566 797 3631 drum,
821 3563 996 3619 reconciliatis
1033 3583 1120 3618 eurum
1138 3565 1316 3618 Macedonum

113 3635 206 3702 afferre
232 3652 259 3686 aa
286 3652 315 3686 co
351 3651 398 3687 ora
426 3637 496 3702 irae,
524 3635 677 3713 accideret]
713 3632 814 3700 animis,
832 3633 905 3687 Susis
922 3634 1072 3703 prol'cctum
1090 3633 1234 3703 scripserit.
1261 3633 1316 3701 Ve-

80 3700 124 3754 Sic
148 3699 248 3770 primus
274 3701 316 3755 edi
337 3701 357 3753 't
384 3701 489 3754 Modius
515 3719 530 3753 c
556 3709 678 3753 mss.·utr
712 3719 770 3752 rum
788 3700 982 3754 Freinshemius
1006 3701 1033 3751 in
1055 3717 1087 3752 ea
1109 3709 1258 3753 resecatus
1276 3706 1317 3752 est

81 3767 151 3834 dicit,
165 3767 264 3838 priores
279 3769 339 3821 edd.
352 3771 409 3821 irae
423 3770 574 3822 omiserunt
592 3768 678 3821 Ocdd.
713 3767 858 3821 Diodorum
884 3774 970 3821 c.109
993 3775 1021 3818 et
1044 3785 1084 3837 sq.
1110 3785 1269 3836 quamquam
1290 3775 1317 3818 et

82 3837 184 3908 quidem
205 3835 290 3890 nostri
314 3852 404 3889 omnes
427 3853 537 3906 corporo
565 3837 607 3887 ira
637 3853 678 3887 re·
713 3835 768 3904 ipse
785 3835 906 3888 existimo
924 3834 1046 3887 Curtium
1070 3835 1145 3887 aliter
1165 3853 1221 3887 rem
1242 3834 1317 3887 insti-

81 3907 233 3971 tracidaret,
260 3904 324 3957 edit.
350 3904 432 3974 princ
459 3913 487 3956 st
504 3903 609 3957 Vosa2
637 3905 678 3955 ira
713 3902 795 3954 tuisse
820 3911 850 3958 ss
878 3902 1017 3972 aliquante
1049 3910 1129 3967 ante,
1161 3902 1207 3954 ubi
1233 3901 1318 3971 prima
1410 3913 1413 3923 ·

80 3975 229 4028 trucidaret.
266 3971 321 4026 Sed
338 3980 409 4026 recte
426 3971 541 4026 Modius.
712 3987 808 4049 magna
825 3971 919 4023 lacuna
936 3977 997 4039 post
1010 3977 1221 4040 caputnostrum
1231 3978 1255 4022 6.
1265 3977 1316 4034 est,

113 4042 168 4096 lam
185 4040 305 4111 sequitur
322 4039 479 4111 amplissima
489 4039 591 4102 amns,
611 4054 679 4108 quae
713 4037 746 4089 de
765 4037 797 4090 ris
819 4054 887 4108 quae
909 4054 956 4090 rex
974 4037 1049 4090 Susis
1073 4037 1159 4107 egerit
1179 4036 1317 4106 imprimis-

81 4111 107 4164 in
124 4107 255 4164 codicibus
271 4109 368 4162 acaria
385 4118 433 4163 aut
450 4125 533 4179 parsu
550 4104 678 4160 eutnullo
714 4122 766 4175 que
788 4106 821 4158 de
843 4105 943 4176 nuptiis
969 4105 1119 4176 principum
1141 4105 1319 4157 Macedonum

81 4176 215 4232 intervallo
238 4177 258 4231 si
298 4177 411 4244 ilicatur,
438 4175 563 4248 quoniam
589 4191 679 4227 veram
713 4191 772 4226 cum
781 4173 886 4227 Asianis
899 4173 1052 4228 mulieribus
1070 4173 1214 4243 scripsisse,
1233 4171 1318 4238 (cuius

82 4245 133 4299 eius
159 4245 263 4326 longitu
282 4245 353 4299 inem
385 4245 485 4298 librarii
545 4242 600 4296 atio
628 4241 679 4295 iam
713 4241 752 4294 rei
770 4243 893 4296 admonet
911 4241 1009 4294 milites
1028 4259 1086 4311 cap.
1100 4249 1141 4308 12,
1161 4243 1206 4308 12)
1225 4257 1255 4291 ac
1273 4239 1318 4290 de-

83 4331 134 4366 non
142 4330 291 4384 exprimere
299 4321 433 4396 poterant.
452 4263 678 4383 supplementum,
714 4308 776 4363 inde
798 4310 996 4382 navigationem
1020 4318 1049 4362 et
1070 4309 1120 4361 iter
1141 4307 1210 4388 regis
1237 4323 1320 4384 usque

103 4381 151 4434 uod
168 4381 280 4452 primum
298 4400 326 4436 ru
344 4381 425 4436 Basil.
444 4381 560 4435 editione
580 4383 646 4432 1545
663 4396 680 4431 a
714 4379 748 4432 ad
765 4379 857 4432 urbem
877 4378 959 4448 Opim
977 4392 1107 4430 narrasse.
1142 4375 1275 4453 Diodorus
1292 4391 1321 4425 ra

85 4399 207 4502 imaeue
232 4451 380 4505 consectum
397 4447 616 4519 Snakenbmgius
642 4449 680 4501 ait
714 4447 764 4501 bac
780 4456 857 4518 parte
875 4445 1002 4500 historiae
1020 4445 1091 4498 iusto
1109 4443 1215 4495 brevior
1232 4447 1281 4491 est.
