3238 5296
542 403 591 453 oa
617 401 744 456 oasrrs
769 404 878 458 saux.
905 403 982 472 vm,
1001 401 1025 448 ⁵·
1323 373 1396 446 363
1422 451 1428 459 .

163 565 346 660 oraculum
371 585 536 678 eludens,
570 588 712 662 veriora
738 613 777 663 se
802 590 892 688 regi,
925 611 1032 687 quem
1058 595 1196 683 patrem
1222 581 1314 669 eius,
1345 604 1398 652 re·

112 717 145 766 rs
163 695 351 795 spondisse
378 697 528 772 dicebat
580 698 656 772 Iam
681 709 823 774 tantum
848 702 922 775 irae
948 704 1161 795 conceperat
1186 717 1262 783 rex,
1289 715 1397 789 quan·

162 819 241 882 tum
266 809 330 880 vix
356 809 495 882 sobrius
521 810 613 882 ferre
639 807 823 908 potuisset.
867 810 1060 884 Enimvero
1087 808 1171 881 olim
1196 819 1295 878 m‘ero
1321 827 1398 876 sen·

112 939 145 986 44
163 920 262 992 sibus
288 920 407 1010 victis,
434 947 480 995 ex
506 923 598 996 lecto
625 932 771 1019 repente
797 923 969 1021 prosiluit.
1021 918 1176 994 Attoniti
1203 915 1321 1004 amici,
1353 938 1399 988 ne

163 1031 288 1134 positis
314 1031 467 1128 quidem,
493 1033 557 1106 sed
575 1033 720 1107 abiectis
746 1035 892 1131 poculis,
919 1040 1148 1130 consurgtmt
1174 1031 1211 1102 in
1231 1035 1399 1102 eventum

111 1159 145 1207 4⁵
162 1141 224 1230 rei,
250 1165 358 1239 quam
383 1153 486 1216 tanto
511 1144 647 1243 impetu
672 1156 817 1218 acturus
845 1154 955 1234 esset,
992 1143 1129 1217 intenti.
1181 1135 1398 1228 Alexander,

163 1263 268 1351 rapta
299 1254 423 1327 lancea
454 1279 501 1328 ex
532 1256 696 1330 manibus
728 1257 923 1355 armigeri,
951 1252 1083 1329 Clitum
1119 1252 1237 1327 adhuc
1275 1248 1400 1324 eadem

163 1365 304 1462 linguae
329 1365 603 1463 intemperantia
628 1368 805 1441 fruentem
831 1377 1017 1466 percutere
1043 1375 1208 1455 conatus,
1236 1389 1258 1436 a
1282 1360 1399 1434 Ptole-

111 1493 144 1542 4s
163 1499 265 1549 maao
291 1486 328 1550 et
346 1474 518 1550 Perdicca
542 1478 731 1552 inhibetur.
784 1477 943 1552 Medium
969 1475 1146 1574 complexi
1168 1486 1205 1548 et
1226 1473 1400 1549 obluctari

163 1599 453 1684 perseverantem
472 1590 720 1679 morabantur;
747 1589 981 1689 Lysimachus
1005 1600 1041 1663 et
1059 1587 1266 1661 Leonnatus
1294 1584 1399 1658 etiarn

112 1717 144 1763 4⁷
163 1699 323 1772 lanceam
357 1702 589 1776 abstulerant.
641 1700 705 1774 llle
737 1702 888 1776 rnilitum
925 1699 1033 1774 fidem
1063 1700 1272 1797 implorans,
1307 1721 1399 1770 com·

162 1809 334 1907 prehendi
359 1835 398 1885 se
425 1837 447 1885 a
471 1813 644 1911 proximis
670 1815 874 1903 amicorum,
906 1811 1002 1909 quod
1027 1809 1147 1884 Dareo
1163 1811 1287 1908 'nuper
1313 1808 1399 1882 acci·

164 1919 284 2010 disset,
310 1923 497 2015 exclamat,
524 1925 736 2024 signumque
761 1925 851 1998 tuba
877 1921 963 2014 dmi,
989 1934 1030 1997 ut
1049 1919 1096 1995 ad
1115 1922 1248 2019 regiam
1273 1920 1399 1994 armati

110 2051 145 2099 es
163 2033 308 2122 coirent,
335 2033 443 2107 iubet.
496 2034 588 2108 Tum
614 2059 702 2109 vero
728 2035 954 2109 Ptolemaeus
982 2043 1017 2108 et
1035 2032 1223 2106 Perdiccas
1249 2032 1399 2131 genibus

163 2142 324 2216 advoluti
345 2155 461 2236 orant,
487 2147 587 2220 nain
608 2157 683 2219 tam
709 2146 894 2246 praecipiti
910 2146 964 2218 ira
989 2154 1205 2243 perseveret,
1231 2144 1399 2242 spatium·

164 2281 233 2352 que
263 2255 383 2353 potius
409 2258 528 2330 animo
555 2257 634 2330 det:
667 2258 786 2330 omnia
818 2267 963 2356 postero
990 2255 1048 2329 die
1080 2255 1206 2330 iustius
1231 2264 1399 2328 executu-

110 2387 144 2435 ra
162 2391 252 2440 rum.
306 2365 378 2441 Sed
412 2369 553 2444 clausae
588 2379 691 2443 erant
731 2393 855 2457 aurea,
895 2367 1127 2466 obstrepente
1160 2367 1222 2440 ira
1274 2364 1400 2464 ltaque

161 2480 339 2578 impotens
374 2479 481 2552 animi
521 2482 699 2579 procurrit
732 2481 769 2554 in
802 2481 921 2578 regiae
955 2479 1188 2567 vestibulum,
1227 2487 1265 2550 et
1303 2477 1400 2575 vigili

162 2589 354 2663 excubanti
379 2591 484 2664 hasta
510 2592 639 2683 ablata,
666 2592 825 2666 constitit
851 2592 888 2664 in
913 2590 1024 2680 aditu,
1051 2614 1122 2688 quo
1149 2612 1294 2664 necesse
1321 2599 1399 2662 erat

110 2719 145 2768 eo
161 2700 227 2791 his,
254 2701 314 2798 qui
340 2701 445 2774 simul
470 2711 718 2793 coenaverunt,
745 2701 876 2802 egredi.
922 2701 1097 2774 Abierant
1122 2699 1240 2772 ceteri.
1286 2696 1398 2773 Clitus

162 2812 308 2884 ultimus
344 2811 419 2884 sine
454 2812 586 2886 lumine
621 2813 752 2887 exibat.
807 2810 921 2901 Quem
956 2837 1040 2902 rex,
1082 2812 1245 2908 quisnam
1279 2809 1398 2882 esset?

161 2922 368 3020 interrogat.
407 2921 598 2996 Eminebat
624 2924 731 2996 etiam
757 2924 794 2996 in
821 2947 909 3007 voce
935 2923 1087 3013 sceleris,
1115 2921 1211 3019 quod
1237 2920 1399 3018 parabat,

111 3051 142 3098 51
164 3033 342 3106 atrocitas
390 3031 437 3106 Et
471 3035 529 3107 ille
564 3036 635 3108 iarn
669 3059 743 3108 non
779 3058 883 3122 suae,
919 3031 982 3106 sed
1017 3033 1111 3132 regis
1146 3033 1220 3106 irae
1254 3056 1399 3121 memor,

112 3163 144 3210 52
164 3140 296 3216 Clitum
322 3169 410 3235 esse,
438 3157 475 3218 et
502 3145 547 3218 de
573 3145 739 3218 convivio
766 3144 864 3217 exire
890 3144 1085 3242 respondit
1125 3141 1224 3218 Haec
1251 3143 1399 3216 dicentis

162 3253 256 3326 latus
276 3255 381 3329 basta
399 3255 595 3330 transfixit:
615 3255 867 3352 morientiaque
887 3257 1058 3352 sauguine
1077 3281 1254 3354 aspersus,
1273 3253 1301 3329 I
1304 3279 1400 3346 mune,

162 3363 286 3461 inquit,
312 3367 360 3441 ud
383 3367 579 3467 Philippum
605 3379 634 3440 et
658 3366 913 3442 Parmenionem
938 3379 968 3439 et
992 3367 1152 3441 Attalum.

197 3552 271 3618 §.ta
293 3551 354 3603 olim
363 3567 432 3604 mero
445 3551 565 3606 secribus
579 3552 665 3622 victis]
695 3551 763 3606 Olim
797 3551 826 3604 in
848 3549 955 3604 FleaF
977 3567 1035 3604 vero
1058 3551 1118 3604 olim
1140 3553 1208 3606 enim
1229 3568 1301 3619 vero,
1328 3557 1357 3604 et
1375 3550 1401 3603 in

161 3633 212 3688 pro
230 3617 339 3683 dudum,
361 3618 463 3688 pridem
480 3637 500 3672 s.
517 3619 570 3672 ism
587 3619 693 3685 dudum,
712 3619 763 3675 iem
797 3619 869 3673 Flor.
887 3617 913 3673 G
933 3619 1002 3672 Olim
1020 3623 1163 3673 enimvero
1181 3637 1259 3674 mero.

161 3684 278 3756 pridem,
302 3701 355 3737 uon
378 3703 437 3740 raro
458 3687 568 3757 ponitur
589 3705 605 3740 s
623 3687 716 3742 Curtio
734 3697 763 3743 et
832 3690 907 3756 §att-
942 3689 1100 3757 obstrepente
1117 3691 1171 3756 iro]
1199 3688 1283 3743 Codd.
1297 3686 1402 3758 plurimi

161 3750 345 3886 stati?
353 3753 762 3878 ’ὃῖἦῑωῗξῗιῗωῗέωἲψ
797 3757 1134 3878 ttttt‘ttttt
1150 3756 1222 3879 llll
1237 3757 1403 3878 egam

161 3889 305 3944 Persarum
326 3858 555 3972 lpibrsltnleasi,
571 3843 670 3972 qydzpppd
682 3843 763 3948 dalll
797 3844 952 3946 linrisrslias
969 3864 1075 3946 minime
1092 3893 1167 3946 bonis
1185 3864 1325 3963 reperitur.
1365 3864 1371 3878 ·

161 3967 184 4011 et
201 3959 310 4027 superbe
334 3967 509 4026 imperantem
529 3961 580 4040 aa
603 3977 657 4014 esse
675 3965 763 4016 crede-
819 3967 920 4041 μθ..
933 3962 1115 4041 proterritis
1132 3963 1222 4041 rapine
1239 3963 1401 4041 uestibulum]

55 4065 59 4072 -
160 4027 239 4092 tom,
265 4029 303 4080 od
321 4044 393 4094 spem
411 4029 536 4080 adventus
555 4045 610 4080 erus
628 4040 763 4084 erexeram
797 4031 843 4084 Src
865 4036 998 4100 aptissime
1021 4029 1081 4083 bbn
1105 4047 1150 4100 qm
1174 4039 1203 4083 at
1227 4029 1291 4084 alias
1309 4037 1402 4100 optrmr

160 4096 271 4148 animos.
306 4093 380 4148 Infra
401 4109 458 4164 cap.
473 4101 506 4148 20
532 4096 668 4164 elicuitque
696 4099 764 4152 iram
797 4105 938 4154 censentur
954 4097 1029 4151 Leid.
1043 4099 1148 4152 Vosal
1170 4098 1241 4152 Flor.
1260 4097 1319 4166 AB,
1342 4115 1403 4151 narn

159 4163 311 4218 Alexandri
328 4181 407 4235 quom
424 4165 499 4217 olim
514 4163 763 4243 animorpperenon
797 4166 936 4236 vulgatum
954 4168 1089 4236 percurrit
1112 4167 1184 4246 pulla
1205 4167 1308 4222 rstiom
1332 4183 1402 4220 oom-

155 4241 276 4353 ib‘i‘i
301 4233 486 4354 ttttlt
504 4230 764 4354 llllir‘lsl‘ffi
797 4235 1403 4358 ttttaltttttttttlttffltt

160 4369 195 4420 sd
211 4339 379 4435 Modiausm,
406 4369 469 4424 item
489 4341 602 4437 ‘postllac
625 4320 763 4422 albedes-
797 4373 838 4425 lis
865 4389 954 4426 omnes
977 4389 1037 4425 mss.
1059 4391 1108 4494 ll?
1131 4373 1202 4443 vulg.
1221 4375 1270 4440 iis,
1295 4344 1401 4425 lentum

1097 4460 1119 4494 8·

160 4435 246 4490 bemio
264 4437 394 4502 omissum,
435 4437 534 4492 uanvis
552 4437 657 4508 legatur
673 4437 701 4491 in
719 4455 762 4490 co·
796 4437 868 4494 Flor.
886 4440 910 4494 B
930 4448 960 4494 ut
976 4441 1044 4494 solet

160 4502 261 4558 dicibus
277 4523 337 4560 mss.
356 4523 429 4572 cmm
447 4525 490 4575 us,
515 4507 562 4562 sed
584 4515 687 4560 mutato
704 4505 762 4560 loeo
831 4509 854 4578 ξ.
870 4515 910 4562 tt.
945 4509 1058 4577 Istunc,
1076 4510 1170 4580 inquit,
1188 4511 1226 4563 od
1238 4509 1400 4580 Plilr'ppom]
