3254 5292
229 365 301 434 140
696 379 729 441 o.
758 358 882 430 bearn
907 379 991 429 aum

223 575 308 664 post
342 588 424 636 eum
459 559 611 636 Orestae
641 561 911 661 Lyncestaeque
943 570 1042 633 senat:
1075 570 1159 658 post
1183 561 1263 633 illos
1289 559 1459 660 Polyper·

224 701 302 766 con,
328 673 404 746 dux
430 673 607 772 peregrini
631 672 760 744 militis.
812 669 928 743 Huius
960 669 1108 767 agminis
1134 671 1299 768 princeps
1324 670 1460 772 Amyn-

223 797 280 858 tas
307 796 399 858 erat:
424 784 609 881 Philippus
635 780 774 853 Balacri
800 805 862 854 eos
887 780 1045 876 regebat,
1058 780 1096 851 in
1112 781 1320 854 societatem
1346 809 1460 881 nuper

224 897 366 968 ascitus.
417 892 517 966 Haec
549 892 668 964 dextri
699 917 829 965 cornus
860 877 967 964 facies
1001 899 1087 962 erat.
1140 890 1182 964 In
1207 891 1311 966 laevo
1338 890 1458 967 Crate—
1476 915 1511 962 aa

222 1031 285 1079 rus
311 1002 637 1102 Peloponnensium
663 1003 799 1100 equites
825 1003 992 1094 habebat,
1006 1003 1234 1077 Achaeorum
1260 1011 1297 1074 et
1308 1001 1459 1078 Locren-

224 1117 325 1206 sium,
353 1113 544 1187 etMaleon
571 1112 697 1184 turmis
724 1113 791 1185 sibi
817 1113 1002 1188 adiunctis.
1041 1114 1119 1189 Hos
1134 1113 1296 1187 Thessali
1322 1114 1458 1208 equites

222 1225 448 1316 claudebant,
473 1223 638 1321 Philippo
665 1221 764 1296 duce.
817 1223 984 1298 Peditum
1010 1226 1103 1299 acies
1130 1225 1291 1321 equitatu
1316 1225 1459 1322 tegeba-
1476 1243 1511 1291 so

221 1349 290 1411 tur.
356 1335 470 1407 Frons
511 1335 604 1406 laevi
643 1359 772 1408 cornus
810 1335 899 1408 haec
938 1346 1025 1408 erat.
1091 1333 1164 1409 Sed
1200 1359 1247 1407 ne
1285 1335 1458 1406 circumiri

222 1458 346 1547 posset
365 1443 636 1535 amultitudine,
662 1446 826 1518 ultimum
852 1471 981 1544 agmen
1006 1446 1127 1520 valida
1151 1471 1260 1517 manu
1287 1444 1458 1517 cinxerat.

224 1557 368 1632 Cornua
393 1581 534 1653 quoque
561 1555 727 1629 subsidiis
754 1557 925 1646 firmavit,
958 1583 1033 1630 non
1062 1567 1162 1630 recta
1187 1555 1320 1644 fronte,
1348 1555 1459 1629 seda

219 1670 332 1740 latere
359 1667 500 1764 positis,
536 1677 592 1756 ut,
619 1667 649 1739 si
674 1667 788 1740 hostis
815 1668 1072 1740 circumvenire
1097 1667 1210 1740 aciem
1234 1675 1458 1762 temptasset,

220 1787 349 1877 parata
379 1802 521 1874 pugnae
552 1777 679 1850 forent.
731 1775 799 1849 Hic
825 1776 975 1874 Agriani
1001 1789 1118 1868 erant,
1155 1773 1284 1874 quibus
1310 1773 1457 1848 Attalus
1475 1795 1507 1843 ar

220 1898 396 1988 praeerat,
424 1886 600 1960 adiunctis
628 1888 820 1984 sagittariis
849 1886 1089 1962 Cretensibus.
1133 1885 1287 1959 Ultimos
1315 1887 1457 1960 ordines

220 2000 352 2074 avertit
378 2022 400 2070 a
425 1997 561 2087 fronte,
587 2008 629 2071 ut
654 2008 770 2070 totam
796 1998 909 2071 aciem
935 1999 1023 2071 orbe
1047 1999 1211 2071 muniret.
1264 1995 1375 2095 Illyrii
1401 1998 1458 2070 hic

221 2170 341 2244 speret.
379 2163 481 2216 Verum
507 2162 590 2230 melo,
617 2179 685 2232 quae
706 2179 748 2216 ras
770 2171 820 2232 est,
855 2163 964 2216 Malean
990 2166 1082 2218 tamis
1108 2165 1161 2216 siti
1190 2163 1334 2232 adiunctis]
1374 2159 1458 2216 Facta

273 2231 375 2300 lippum
392 2229 502 2300 cogitari
520 2230 631 2283 ascitum
648 2247 704 2284 esse
721 2232 748 2284 in
755 2249 822 2310 par·
856 2240 897 2284 est
922 2231 1007 2285 oratio
1033 2230 1132 2285 facilior
1153 2239 1182 2284 et
1202 2229 1350 2300 elegantior
1370 2229 1458 2284 deleta

221 2305 276 2350 tem
313 2297 443 2363 otestatis,
453 2298 504 2350 etsi
516 2301 568 2350 non
582 2299 615 2350 ab
624 2299 742 2368 Amynta
753 2317 822 2369 rpso,
874 2299 985 2354 articula
1002 2317 1051 2368 que
1067 2308 1128 2370 post
1141 2301 1315 2352 Actaeorum:
1332 2303 1412 2368 atque
1430 2299 1458 2350 id

222 2367 268 2418 sed
286 2383 301 2416 a
336 2381 400 2434 rege
417 2365 577 2417 institutum.
855 2317 1117 2421 leciomnibuseodd.
1134 2367 1198 2419 meis
1215 2365 1376 2419 iubentibus.
1393 2367 1457 2418 Μα-

256 2435 319 2485 λααο
344 2435 431 2486 dextri
452 2450 545 2486 omaus
558 2436 650 2503 socies
677 2436 745 2505 erat]
780 2435 823 2489 Dc
857 2438 914 2488 leon
931 2435 991 2488 libri
1008 2452 1111 2503 omnes,
1133 2434 1184 2487 nisi
1218 2434 1272 2486 uod
1288 2451 1347 2486 cum
1365 2433 1456 2487 Pall

221 2500 338 2622 {quitivo
361 2517 456 2554 comas
481 2500 541 2553 vide
558 2519 638 2570 supra
654 2503 688 2554 ad
706 2520 762 2573 cap.
780 2509 822 2556 45.
856 2502 926 2556 Flor.
936 2503 998 2556 EFI
1015 2505 1166 2557 Meteonem
1172 2521 1181 2568 ,·
1198 2451 1382 2555 dehmederus
1394 2503 1458 2556 Μα-

168 2617 173 2636 ,
261 2568 333 2637 gitur
349 2568 375 2620 h.
393 2568 411 2620 l.
434 2576 462 2621 et
483 2568 564 2638 paulo
615 2579 641 2622 st
656 2569 685 2622 in
702 2569 822 2624 Snalren-
856 2572 924 2624 licon
941 2570 1009 2639 vult,
1026 2572 1114 2626 nescio
1131 2589 1165 2624 an
1181 2586 1252 2636 vere,
1272 2569 1373 2624 Graece
1386 2577 1458 2624 certe

220 2639 272 2690 bur
291 2635 308 2688 ‘i
325 2635 399 2688 Leid.
417 2635 494 2689 Voss.
510 2637 577 2705 La(
593 2642 604 2706 )
623 2646 651 2690 et
668 2638 821 2692 meirssern.
856 2636 986 2702 Μαλιεῖς,
1006 2656 1067 2709 gen.
1085 2637 1219 2691 Μαλιέων
1235 2645 1371 2692 vocantur.

221 2705 248 2757 A
272 2653 342 2783 Plora
369 2704 427 2756 AB.
468 2704 499 2784 ln
526 2705 589 2784 acie·
606 2715 695 2759 autem
721 2707 823 2777 reliqua
891 2709 964 2774 §.SL
982 2709 1085 2760 ultimos
1101 2707 1205 2760 ordines
1215 2709 1308 2758 orrartit
1325 2723 1342 2758 a
1351 2707 1456 2778 fronte]

220 2772 391 2825 describenda
400 2771 508 2826 Curtius
526 2773 672 2827 aDrodoro
689 2793 742 2828 non
760 2792 822 2827 sane
856 2773 916 2826 Hoc
941 2785 981 2826 est
1010 2775 1081 2846 quod
1107 2773 1234 2828 Arrianus
1257 2789 1306 2840 m,
1335 2781 1366 2827 12
1394 2773 1458 2827 dicit

220 2840 333 2893 multum
356 2840 476 2906 aberrat,
507 2843 552 2894 sed
574 2851 715 2913 utrumque
737 2842 822 2896 minus
857 2841 973 2902 ἐπέταξε
1000 2839 1030 2895 δὲ
1058 2847 1104 2894 καὶ
1135 2839 1269 2912 δευτέραν
1295 2841 1385 2904 τάξιν,
1420 2839 1459 2897 alr

220 2915 372 2962 accuratum
404 2925 460 2961 esse
495 2908 677 2964 Schmiederus
709 2911 822 2964 Arriano
857 2910 930 2961 εἶναι
954 2908 1008 2974 τὴν
1033 2909 1162 2981 φάλαγγα
1181 2908 1376 2980 ἀμφίατομονι
1392 2909 1458 2962 alte-

219 2995 282 3030 usos
303 2977 388 3030 docet.
434 2976 559 3030 Crateuas
583 2977 637 3030 sine
664 2978 743 3032 dubio
769 2997 822 3032 non
856 2995 914 3030 ram
940 2978 1022 3030 aciem
1047 2977 1186 3044 instruxit,
1226 2993 1289 3044 uae,
1317 2977 1338 3030 si
1360 2978 1458 3031 Persae

220 3053 278 3098 erat
296 3044 430 3114 equitatus
448 3045 475 3098 in
492 3045 599 3098 sinistro
612 3063 694 3100 cornu
708 3064 822 3100 summus
857 3063 916 3098 suas
949 3046 1036 3116 copias
1067 2995 1321 3111 circrnnflrnderent,
1354 3045 1459 3099 obviam

220 3114 284 3179 dux,
303 3114 348 3165 sed
366 3111 493 3181 pediturn.
516 3114 551 3165 Hi
569 3121 658 3166 autern
675 3115 777 3185 pedites
794 3125 823 3167 et
856 3113 907 3166 illis
924 3112 982 3166 iret.
1018 3113 1070 3167 Hic
1087 3121 1180 3180 erant,
1198 3131 1263 3184 quos
1281 3114 1350 3184 apud
1368 3113 1459 3166 Arria-

221 3179 324 3234 (lratcri
342 3180 422 3250 ipsius
439 3197 534 3250 agmen
552 3180 654 3250 (τάξις)
677 3181 823 3261 etreliqua
856 3199 919 3233 num
946 3183 1045 3238 frustra
1067 3199 1191 3252 quaeras,
1217 3181 1319 3251 pedites
1345 3181 1407 3234 socii
1429 3188 1458 3234 et

221 3248 336 3317 quinque
366 3255 443 3299 erant
464 3248 578 3317 agmina,
611 3266 679 3318 quac
714 3249 822 3302 Curtius
856 3251 976 3302 mercede
994 3249 1125 3316 conducti,
1143 3249 1332 3303 Macedonibus
1349 3265 1458 3302 numero

219 3316 299 3366 modo
323 3314 470 3378 recensuit,
498 3319 671 3387 πεζέταιροι,
699 3315 765 3370 adeo
791 3325 822 3369 ut
857 3318 912 3369 fere
952 3333 1017 3370 ares.
1056 3317 1170 3370 Videtur
1199 3317 1281 3388 igitur
1306 3316 1458 3370 Alexander

219 3381 265 3432 ubi
283 3381 390 3434 Curtius
412 3382 534 3434 dextrum
552 3399 633 3434 cornu
651 3383 764 3450 claudit,
782 3383 818 3436 ibi
854 3335 1234 3456 Macedonioamphalangcrn
1259 3384 1337 3438 latius
1363 3391 1457 3436 exten-

219 3449 271 3501 iam
288 3448 394 3500 ultimos
403 3448 504 3518 pedites
513 3449 611 3502 sinistri
619 3451 697 3503 fuisse
706 3451 819 3505 Arriano
854 3451 922 3506 disse
942 3453 1039 3523 quippe
1056 3453 1176 3506 subsidiis
1199 3453 1302 3507 abunde
1318 3452 1456 3518 firmatam,

218 3515 341 3574 referenti
362 3516 505 3568 credamus.
542 3515 606 3570 Toti
627 3535 690 3572 vero
715 3519 820 3572 sinistro
855 3529 886 3573 ut
912 3520 939 3572 in
964 3520 1049 3591 prima
1082 3521 1136 3575 acic
1162 3521 1265 3592 pedites
1289 3537 1342 3572 non
1368 3527 1457 3572 essent

219 3583 311 3636 curaui
344 3583 462 3652 pediturn
496 3584 667 3656 equitumque
700 3597 821 3658 praeerat
855 3588 905 3640 nisi
926 3587 1092 3643 Macedones.
1126 3589 1170 3642 En
1196 3588 1244 3643 tibi
1271 3587 1384 3658 effigiem
1408 3587 1458 3640 du·

221 3651 371 3704 Parmenio.
856 3656 931 3727 plicis
948 3655 1025 3709 acici:

254 3723 278 3787 ς.
295 3726 337 3773 29.
373 3721 536 3774 Achaeorum
559 3731 582 3773 et
605 3722 775 3777 Locrensium
798 3733 822 3777 et

342 3843 347 3852 ,
403 3807 543 3882 Thesffiqqcll
559 3809 726 3880 Πεζέῃαροι
813 3811 956 3859 Ηῃιααρίαλαα
1058 3809 1162 3858 Eannlcl

454 3883 533 3942 ..n
562 3878 723 3980 «τα-λ
777 3877 999 3980 ml
1024 3877 1214 3944 affl

448 4011 461 4052 ἑ

447 4047 528 4114 5,,,1
1151 4013 1230 4090 -ἒ

1145 4151 1230 4316 e}

585 4419 795 4486 Moemffi'
903 4419 1097 4494 tl‘crlltsbmlllyr.
1112 4443 1114 4489 l

582 4506 789 4527 t—.——-
903 4500 931 4524 l..
1056 4492 1115 4522 --Ι
