3238 5296
211 319 284 391 372
681 339 715 402 o.
743 338 867 392 curru
891 341 977 393 aurr

212 517 328 609 Quam
353 529 395 594 ut
412 547 614 625 respersam
634 547 759 596 cruore
779 525 976 624 conspexit,
1002 531 1102 597 ratus
1122 523 1169 596 ad
1189 521 1453 621 deplorandam

207 634 460 706 contumeliam
486 636 637 725 venisse,
666 634 782 708 dicere
809 661 900 733 quae
926 638 1035 712 vellet
1060 635 1168 708 iubet.
1220 635 1273 706 At
1298 634 1359 706 illa
1377 658 1452 707 ser·
1474 649 1508 696 ¹2

207 770 305 837 vum,
333 771 440 843 quem
457 747 494 819 in
513 747 691 821 vestibulo
710 757 807 820 stare
830 748 993 838 iusserat,
1020 746 1197 820 introduci
1218 744 1450 819 desideravit.

207 852 277 945 Qui
303 859 386 955 quia
411 871 519 957 caput
538 856 752 957 Spitamenis
779 870 881 932 veste
906 871 1041 932 tectum
1066 856 1232 946 habebat,
1259 871 1452 953 suspectus

206 971 449 1043 scrutantibus
484 968 570 1067 quid
601 972 781 1045 occuleret
810 969 977 1045 ostendit
1030 967 1250 1044 Confuderat
1281 967 1354 1040 oris
1387 984 1509 1038 err-1³

206 1083 351 1180 sanguis
382 1093 488 1155 notas
523 1083 638 1180 pallor
645 1139 655 1174 ,
694 1107 760 1154 nec
795 1081 873 1178 quis
908 1092 1003 1156 esset
1035 1083 1134 1155 nosci
1169 1081 1256 1155 satis
1292 1087 1450 1177 poterat.

192 1190 302 1291 ‘Ergo
328 1219 395 1268 rex
420 1195 549 1267 certior
566 1194 692 1284 sactus,
718 1194 913 1267 humanum
935 1203 1044 1292 caput
1061 1195 1189 1266 afferre
1207 1217 1299 1281 eum,
1327 1190 1449 1302 taber·

205 1307 333 1379 naculo
360 1306 529 1395 excessit,
561 1314 863 1403 percontatusque
890 1303 975 1400 quid
1000 1305 1052 1378 rei
1077 1306 1139 1395 sit,
1165 1305 1226 1377 illo
1252 1302 1451 1401 profitente

204 1417 397 1516 cognoscit.
440 1415 571 1490 Variae
597 1415 679 1488 hino
705 1415 938 1512 cogitationes
956 1416 1107 1491 invicem
1125 1417 1283 1490 animum
1301 1413 1451 1486 diversa
1473 1429 1509 1476 14

203 1529 400 1628 agitantem
435 1538 712 1603 commoverant.
772 1524 940 1600 Meritum
978 1529 1104 1626 ingens
1143 1529 1181 1600 in
1216 1537 1331 1601 semet
1365 1547 1451 1597 esse

206 1638 394 1731 credebat,
438 1639 535 1737 quod
570 1639 755 1736 transfuga
789 1648 827 1712 et
861 1638 1042 1736 proditor,
1091 1639 1201 1712 tantis
1245 1637 1374 1726 rebus,
1420 1633 1452 1706 si

202 1751 362 1842 vixisset,
388 1751 581 1825 iniecturus
607 1775 755 1840 moram,
781 1750 987 1824 interfectus
1014 1762 1134 1825 essetz·
1154 1739 1281 1823 contra
1305 1747 1450 1822 facinus

201 1863 327 1961 ingens
354 1864 603 1954 aversabatur,
631 1887 713 1934 cum
738 1862 870 1958 optime
896 1862 1062 1935 meritum
1087 1861 1133 1936 de
1160 1863 1253 1959 ipsa,
1286 1883 1450 1933 commu-

201 1973 301 2046 nium
334 1985 520 2072 parentem
555 1975 722 2062 liberum,
761 1997 826 2070 per
864 1972 1010 2046 insidias
1044 1973 1292 2046 interemisset.
1346 1967 1451 2041 Vicit
1472 1985 1508 2032 ¹⁵

155 2145 158 2150 .
201 2095 323 2158 tamen
348 2087 501 2183 gratiam
527 2085 644 2164 meriti
660 2084 812 2162 ,sceleris
827 2086 1011 2175 atrocitas,
1038 2083 1310 2181 denuntiarique
1330 2081 1450 2168 iussit,

200 2205 244 2267 ut
269 2195 460 2270 excederet
494 2197 636 2287 castris,
675 2221 746 2269 neu
780 2195 942 2269 licentiae
976 2195 1151 2269 barbarae
1185 2193 1379 2291 exemplar.
1409 2191 1451 2262 in

202 2302 421 2378 Graecorum
447 2333 564 2380 mores
592 2318 629 2380 et
654 2307 754 2379 mitia
779 2306 921 2404 ingenia
946 2307 1164 2380 transferret.

152 2419 198 2489 13
303 2414 438 2506 Dahae,
466 2414 679 2515 Spitamenis
705 2414 815 2490 caede
841 2428 1038 2516 comperta,
1064 2416 1353 2514 Dataphernem,
1386 2411 1450 2485 de·
1471 2429 1508 2478 16

200 2527 362 2600 fectionis
389 2528 464 2602 eius
490 2528 709 2626 participem,
736 2528 895 2602 vinctum
920 2529 1130 2602 Alexandro
1157 2550 1266 2625 seque
1293 2523 1448 2598 dedunt.

199 2637 272 2728 Ille,
299 2639 456 2712 maxima
482 2640 724 2738 praesentium
750 2664 915 2711 curamm
933 2652 1035 2738 parte
1068 2642 1074 2655 '
1104 2649 1236 2728 eratus,
1264 2635 1451 2710 convertit

199 2750 357 2823 animum
383 2750 430 2824 ad
456 2745 688 2824 vindicandas
715 2749 860 2822 iniurias
888 2775 1026 2843 eorum,
1058 2778 1082 2849 q
1119 2750 1238 2824 busa
1270 2745 1449 2846 praetori·

231 3013 255 3080 5.
270 3017 310 3064 11.
346 3015 384 3066 ad
401 3013 589 3080 deplorandam
608 3012 799 3078 contumeliam]
833 3008 912 3077 rexit,
926 3005 1451 3081 quodnunclegirnus,Modiusqucfi·u-

197 3080 339 3148 „Honesta
369 3080 496 3134 vocabulo
528 3080 632 3133 videtur
665 3079 800 3132 involvere
833 3087 888 3132 stra
898 3077 1033 3148 antiquam
1042 3077 1184 3132 revocavit
1205 3079 1332 3132 Invehere
1344 3091 1449 3128 morena

196 3149 249 3201 vim
266 3147 407 3217 pudicitiae
423 3148 533 3215 illatam,
552 3165 612 3200 nam
629 3155 656 3201 et
673 3147 710 3201 sic
726 3163 800 3201 aoce-
834 3145 898 3199 nihil
915 3155 965 3213 est,
983 3147 1021 3200 ita
1040 3148 1116 3200 nand
1131 3146 1285 3200 sollemnem
1295 3143 1450 3198 scribarum

195 3216 237 3286 pit
252 3214 343 3268 Livius
361 3217 394 3268 de
412 3216 532 3284 Virginis
554 3215 651 3286 duplici
668 3233 745 3268 seusu
762 3215 800 3268 al-
833 3230 951 3266 errorem
968 3165 1147 3285 confligimus,
1172 3215 1206 3267 de
1224 3231 1278 3285 quo
1296 3213 1360 3266 vide
1396 3227 1451 3264 nne

196 3293 256 3335 tero
273 3293 367 3353 aperto
381 3285 414 3335 de
428 3284 563 3350 servituto,
582 3285 666 3336 altero
680 3282 800 3336 dissimu-
834 3281 935 3335 notavit
952 3281 1087 3336 Drakenb.
1097 3283 1132 3335 ad
1145 3281 1204 3335 Lir.
1214 3297 1255 3348 rx,
1271 3288 1316 3348 40,
1328 3289 1370 3334 14.

195 3350 252 3402 lato
266 3351 299 3401 de
312 3360 417 3420 stupro:
435 3362 514 3404 morte
527 3353 713 3404 amittimetiua
739 3369 800 3403 uam
833 3359 863 3402 ut
880 3350 963 3403 Aldus
981 3350 1048 3404 hanc
1064 3369 1120 3404 rom
1138 3351 1208 3404 bens
1226 3349 1290 3420 egit,
1310 3347 1349 3402 sic
1362 3348 1449 3412 idam,

196 3420 350 3486 contumelia
367 3421 471 3482 liberos,
490 3418 536 3470 lib.
545 3431 589 3484 111,
600 3425 641 3470 50.
668 3420 709 3470 La
730 3420 799 3470 ibria
834 3427 865 3470 ut
888 3417 996 3487 opinor,
1025 3418 1157 3489 participii
1183 3436 1232 3472 usu
1260 3418 1349 3488 (apud
1377 3415 1451 3470 Cur·-

195 3483 315 3604 appellat
336 3494 427 3606 nppter
448 3485 550 3606 lim
564 3491 605 3564 l⁰‘
622 3491 653 3537 2⁷
679 3489 799 3554 (nostrae
833 3486 900 3606 gum
918 3485 1142 3608 sreqpepppssimp,
1159 3503 1239 3606 quaem
1253 3485 1408 3606 notavfimus
1421 3484 1451 3536 in

232 3571 261 3603 l.
332 3593 337 3604 .
943 3594 950 3605 .
986 3595 991 3605 .

196 3568 352 3674 barnabipes
362 3559 531 3674 tleludlirius
548 3571 595 3673 lili.
604 3569 799 3689 gemmarii-iri:
833 3571 958 3674 orblibiiis
969 3563 1113 3692 {mppp
1133 3559 1193 3675 durii
1207 3571 1306 3675 {1:1qu
1324 3569 1452 3692 qbbudbnd

195 3705 242 3740 aer
260 3698 284 3739 et
297 3690 432 3757 priacrper
448 3690 613 3758 feminarum
630 3699 722 3757 stupra
740 3717 741 3720 =
758 3706 798 3740 er-
833 3691 914 3742 taatia
930 3691 1007 3742 rebar
1027 3719 1059 3730 -
1075 3693 1219 3743 iniecturus
1237 3707 1341 3744 moram
1352 3690 1453 3760 sais-

189 3771 273 3875 psessa
291 3773 428 3825 corporum
442 3759 558 3810 ludibria
573 3757 709 3826 aptabant.
756 3756 799 3808 ida
833 3766 891 3822 sat,
909 3757 980 3826 quod
995 3756 1052 3810 iure
1060 3757 1167 3810 Medius
1182 3768 1267 3828 atque
1284 3757 1370 3812 ceteri
1389 3755 1452 3809 adi·

224 3823 315 3875 urneb.
331 3824 441 3877 Advers.
455 3824 499 3878 lib.
509 3839 615 3886 xxvrrr,
629 3830 691 3878 32⁸⁴
716 3824 797 3877 Snalr.
832 3833 903 3878 toras
921 3834 1085 3894 spreverunt.
1117 3825 1186 3878 Mox
1205 3827 1385 3880 aversabatur
1402 3841 1453 3876 ve-
1547 3861 1553 3872 .

196 3889 238 3943 cui
256 3888 328 3942 licuit
346 3891 426 3943 ctiam
442 3907 483 3957 rv,
499 3899 542 3958 42,
556 3899 589 3945 ‘29
608 3893 660 3944 hnc
678 3893 797 3945 trahere:
832 3907 891 3945 rum
908 3901 950 3944 est
964 3901 992 3945 et
1006 3893 1103 3973 legiun-
1116 3893 1238 3948 inBern.
1248 3894 1274 3946 A
1287 3893 1364 3948 Laid.
1375 3893 1452 3946 Flor.

195 3959 377 4010 aecdubiraoir
389 3961 562 4028 Dareusqain
574 3961 709 4028 interserta
722 3970 797 4027 esset,
832 3962 867 4026 A,
886 3961 932 4011 scd
955 3961 1046 4031 reliqui
1068 3960 1129 4014 libri
1147 3962 1232 4015 nostri
1251 3971 1280 4015 et
1298 3966 1378 4016 Voss.
1394 3968 1452 4015 Η

196 4027 258 4096 qaia
276 4029 405 4094 nequisset
421 4029 642 4080 contumeliam
654 4031 767 4096 perpeti.
832 4029 1021 4082 adversabatur
1039 4029 1143 4092 habent,
1168 4031 1241 4100 quod
1258 4032 1375 4084 verbnm
1393 4047 1454 4083 non

231 4095 253 4158 §.
275 4097 313 4144 12.
349 4096 377 4145 in
403 4097 525 4147 vestibula
552 4095 636 4162 arare]
672 4094 716 4148 Sic
737 4111 797 4148 mss.
831 4095 993 4150 construitur
1011 4115 1071 4150 cum
1088 4098 1250 4152 accusativo.
1544 4135 1548 4142 ·

196 4176 297 4224 omnes,
315 4159 374 4213 libri
391 4161 456 4213 editi
472 4161 663 4230 praeterMod.
680 4171 751 4214 stara
768 4165 798 4216 ia
866 4167 1034 4217 communium
1050 4175 1187 4234 parentem
1209 4167 1334 4238 liber-ma]
1369 4167 1455 4219 Lite-

195 4229 329 4281 vesrr'bulo.
830 4249 890 4284 ram
907 4247 940 4284 cx
958 4231 1032 4285 Leid.
1046 4236 1144 4286 Vocat
1167 4234 1239 4289 Flor.
1254 4235 1306 4288 AB
1326 4234 1456 4288 restitui-

230 4299 252 4362 §.
268 4303 307 4347 14.
342 4298 483 4350 iniecturus
501 4297 611 4366 mam]
644 4297 796 4352 Iaoectarar
830 4315 889 4351 mus
906 4315 954 4368 pro
972 4300 1015 4352 vul
1061 4303 1213 4370 liberomm,
1233 4303 1267 4357 cf.
1286 4303 1375 4370 advr,
1387 4311 1415 4368 7,
1427 4310 1455 4357 5.

194 4363 644 4418 ood‹t.r10r.ssscar1neiu.v0u.
657 4371 703 4416 1.2
716 4365 795 4419 Bam.
830 4364 897 4419 Post
914 4368 992 4435 paulo
1032 4368 1106 4422 odius
1125 4372 1185 4423 uicit
1203 4374 1312 4424 tandem
1330 4372 1367 4425 dc
1386 4387 1457 4426 oon-

193 4432 228 4499 B,
244 4431 309 4483 item
324 4433 381 4485 edd.
391 4431 528 4503 principes,
546 4433 630 4485 donec
640 4431 722 4485 Aldus
739 4452 796 4488 cor-
829 4433 931 4487 iectura
947 4435 1039 4504 edidit,
1056 4455 1109 4508 qua
1126 4455 1196 4508 opus
1214 4457 1270 4493 non
1288 4446 1341 4494 est.
