3238 5296
261 367 334 442 368
730 387 763 452 o.
791 383 917 442 curru
942 386 1027 442 nom

259 573 454 664 concussit,
490 571 679 670 fimdisque
716 583 754 645 et
791 569 931 673 sagittis
971 573 1273 672 propugnantium
1309 573 1499 669 plerosque

262 683 406 758 deiecit:
450 709 538 780 quos
565 683 626 756 ubi
653 681 833 782 dispersos
860 685 1013 782 fugavit,
1048 684 1169 758 ruinas
1195 683 1500 757 munimentorum

260 819 510 893 supergressus
537 791 584 867 ad
610 805 750 894 petram
776 794 938 870 admovit
959 795 1165 870 exercitum.
1205 792 1373 869 Ceterum
1392 794 1499 866 inter·
1516 811 1543 860 2⁸

258 905 427 979 veniebat
451 905 581 979 fluvius
588 959 597 996 ,
636 905 846 992 coeuntibus
874 909 974 1005 aquis
1001 931 1048 980 ex
1075 907 1257 1006 superiore
1288 905 1431 1003 fastigio
1463 905 1500 977 in

259 1017 406 1092 vallem:
445 1017 635 1114 magnique
661 1017 779 1114 operis
805 1015 996 1093 videbatur
1022 1029 1097 1092 tam
1123 1029 1265 1092 vastam
1290 1016 1499 1116 voraginem

260 1129 414 1227 explere.
467 1125 577 1201 Caedi
602 1137 723 1200 tamen
749 1128 896 1202 arbores
922 1139 960 1202 et
992 1153 1082 1202 saxa
1113 1129 1258 1228 congeri
1285 1129 1408 1202 iussit:
1448 1128 1499 1200 in·
1517 1146 1546 1194 aa

259 1265 418 1340 gensque
443 1238 615 1313 barbaros
641 1263 765 1337 pavor,
792 1242 900 1316 rudes
927 1241 974 1314 ad
1000 1241 1088 1315 talia
1114 1265 1232 1338 opera,
1259 1249 1499 1330 concusserat,

260 1351 453 1424 excitatam
479 1351 609 1424 molam
636 1351 756 1425 subito
782 1365 978 1428 cernentes.
1598 1379 1599 1392 ¹

211 1467 232 1538 9
362 1461 489 1559 Itaque
513 1487 580 1538 rex
606 1461 653 1534 ad
679 1461 896 1539 deditionem
927 1477 1027 1539 metu
1060 1489 1167 1562 posse
1199 1463 1361 1561 compelli
1387 1473 1498 1552 ratus,
1516 1479 1546 1528 2⁵

261 1570 425 1647 Oxarten
450 1574 547 1646 misit
572 1574 725 1647 nationis
752 1576 921 1668 eiusdem,
948 1575 1012 1650 sed
1037 1573 1184 1648 dicionis
1211 1599 1307 1665 suae,
1334 1575 1396 1672 qni
1422 1599 1498 1648 sua-

262 1684 363 1760 deret
389 1685 480 1777 duci,
506 1695 547 1759 ut
572 1683 732 1760 traderet
757 1697 906 1786 petram.
958 1687 1105 1762 interim
1131 1685 1178 1760 ad
1204 1683 1406 1785 augendam
1431 1687 1499 1760 for·
1516 1703 1547 1751 26

260 1797 429 1871 midinem
456 1807 493 1871 et
517 1807 636 1870 turres
662 1797 958 1891 admovebantur,
985 1811 1022 1873 et
1048 1823 1201 1872 excussa
1219 1798 1411 1872 tormentis
1429 1797 1501 1870 tela
1600 1816 1601 1902 p

260 1909 448 1983 micabant.
507 1907 633 2006 Itaque
678 1910 849 1984 verticem
891 1920 1035 2010 petrae,
1078 1909 1174 1983 omni
1211 1909 1281 1983 alio
1322 1907 1499 2008 praesidio
1600 1909 1601 1952 ³

263 2020 442 2114 damnato,
477 2021 692 2119 petiverunt.
744 2019 795 2096 At
822 2020 978 2098 Oxartes
1005 2021 1184 2122 trepidum
1211 2020 1501 2118 diffidentemque
1517 2033 1547 2082 27
1601 2091 1602 2122 ζ

259 2134 367 2208 rebus
395 2133 467 2207 suis
494 2129 743 2232 Sysimithrem
770 2136 886 2233 eoepit
912 2136 1064 2226 hortari,
1093 2144 1133 2207 ut
1158 2131 1267 2206 fidem
1293 2157 1402 2230 quam
1429 2133 1501 2206 vim
1601 2123 1602 2156 ³

260 2243 497 2318 Macedonum
533 2245 656 2316 maliet
693 2247 863 2342 experiri,
902 2272 972 2322 neu
1004 2255 1206 2321 moraretur
1236 2243 1501 2317 festinationem

262 2356 407 2430 victoris
434 2356 611 2429 exercitus
637 2355 674 2428 in
699 2355 838 2431 Indiam
868 2357 1070 2432 tendentis=
1110 2359 1166 2431 cui
1198 2355 1356 2455 quisquis
1389 2364 1503 2428 semet

262 2467 418 2557 offerret,
444 2466 481 2539 in
508 2491 613 2539 suum
639 2478 746 2566 caput
772 2470 924 2542 alienam
950 2468 1088 2542 cladem
1114 2495 1194 2543 esse
1220 2491 1419 2542 versurum.
1455 2462 1502 2538 Et
1517 2479 1548 2529 28

262 2579 339 2676 ipse
380 2574 524 2674 quidem
562 2572 791 2676 Sysimithres
837 2579 1055 2655 deditionem
1098 2579 1296 2654 annuebat:
1343 2589 1502 2650 ceterum

262 2701 377 2763 mater
408 2687 602 2786 eademque
642 2688 798 2762 coniunx
834 2693 1043 2765 morituram
1078 2717 1118 2765 se
1154 2701 1238 2764 ante
1276 2687 1503 2778 demmtiaus,

260 2825 372 2899 quam
408 2801 445 2873 in
475 2801 580 2873 ullius
617 2799 757 2875 veniret
793 2813 1027 2901 potestatem,
1070 2801 1213 2876 barbari
1251 2801 1410 2874 animum
1457 2797 1504 2873 ad

258 2906 468 2988 'honestiora
505 2935 613 3009 quam
650 2910 785 2986 tutiora
825 2923 1066 3004 converterat,
1113 2909 1360 3011 pudebatque,
1400 2910 1503 2984 liber·

264 3025 349 3099 tatis
374 3025 488 3098 maius
520 3048 600 3097 esse
632 3021 729 3120 apud
759 3024 924 3115 feminas,
956 3049 1063 3122 quam
1089 3022 1187 3121 apud
1213 3022 1310 3096 viros
1336 3021 1502 3119 pretium

262 3135 387 3235 Itaque
414 3133 560 3208 dimisso
586 3134 806 3209 internuntio
821 3135 938 3233 pacis,
965 3132 1188 3208 obsidionem
1213 3133 1306 3206 farre
1333 3131 1500 3206 decreve-
1518 3147 1549 3196 2⁹

144 3245 149 3264 '
261 3261 327 3321 rat.
381 3243 452 3321 Sed
478 3269 559 3319 cum
583 3243 697 3316 hostis
724 3246 818 3320 vires
844 3271 998 3344 suasque
1025 3254 1203 3344 pensaret,
1229 3267 1353 3316 rursus
1380 3242 1502 3316 mulie·

261 3357 335 3431 bris
362 3356 511 3447 consilii,
550 3352 646 3454 quod
677 3383 847 3459 praeceps
878 3359 991 3456 magis
1019 3381 1127 3454 quam
1156 3353 1399 3430 necessarium
1425 3376 1502 3428 esse

263 3467 440 3557 credebat,
468 3468 649 3565 poenitere
664 3495 746 3544 eum
764 3469 896 3567 coepit:
922 3479 1162 3566 revocatoque
1189 3475 1333 3540 strenue
1352 3460 1502 3552 Oxarte,

297 3749 492 3819 mperqressus]
527 3747 608 3804 Bam.
623 3749 650 3802 Δ
666 3747 860 3802 Leid.Voas.1
932 3749 1006 3815 §.aa
1033 3750 1084 3828 tela
1096 3747 1236 3826 micabunt,
1254 3741 1500 3824 insplendebant

261 3816 861 3940 idriffibaffimmtiifdmm”⁰³
896 3814 1501 3960 'nitfflttttrttttttffi

297 3953 396 4026 Ospa,
414 3957 489 4023 §.aa
527 3954 653 4027 Oxarten]
679 3955 740 4009 Hoc
756 3954 861 4025 quidem
896 3952 1036 4006 lectionem
1049 3951 1142 4006 mirum
1159 3959 1200 4005 est
1209 3968 1256 4005 cur
1264 3956 1427 4004 recentiores
1436 3948 1501 4027 duca

261 4022 322 4077 loco
339 4023 411 4076 varie
428 4022 504 4076 codd.
514 4023 635 4078 Exortan
654 4022 779 4091 (ΒΜΔ
789 4021 860 4076 Flor.
895 4019 988 4076 Modio
999 4019 1171 4089 desemerint,
1190 4027 1270 4091 atqua
1287 4017 1422 4084 ediderint
1440 4033 1500 4070 aas

261 4091 287 4144 A
310 4091 384 4144 Leid.
406 4091 484 4144 Voss.
500 4095 527 4157 1)
554 4093 697 4159 Exortum,
726 4091 860 4158 Osortum,
896 4091 998 4143 cubant.

264 4161 420 4226 Orat-titum,
455 4158 592 4240 Ooeurtegn,
624 4159 672 4240 sed
697 4159 776 4230 paulu
800 4167 863 4240 poet
931 4161 955 4226 §.
968 4164 1011 4212 28.
1046 4159 1074 4211 in
1097 4157 1177 4211 ullius
1200 4173 1255 4210 oen.
1293 4156 1344 4276 ⁰th
1379 4155 1410 4206 in
1427 4153 1501 4206 illim

262 4243 352 4282 omues
376 4228 495 4309 Oxartes.
531 4226 560 4280 Si
581 4229 723 4308 Amanum
746 4243 863 4299 aequam
897 4224 1154 4308 armabamur
1167 4223 1246 4279 Bern.
1294 4223 1317 4276 P
1345 4225 1501 4301 .JVoas.2,

261 4294 862 4432 titt,¹¹¹b²tttt'²nttn⁰ttfflt
896 4296 973 4418 tt}
993 4291 1405 4416 ‘fidnpimv‘tnsi‘bffi‘diii
1420 4289 1502 4413 ,tt

261 4451 319 4488 rum
341 4434 421 4504 longe
443 4431 522 4488 abum
543 4432 570 4486 in
597 4433 647 4488 bac
671 4441 751 4503 parte
775 4433 862 4505 operis
896 4449 974 4553 guum
998 4433 1107 4498 tutiora,
1135 4430 1281 4485 recidentes
1304 4425 1433 4500 quioquid
1458 4441 1501 4480 re-

261 4503 352 4559 habet.
914 4500 1013 4554 undare
1029 4499 1143 4553 videtur.
1259 4563 1265 4571 ¹
