3158 5294
279 359 351 429 446
746 380 780 442 Q·
808 378 1041 432 eneruem
1568 369 1569 444 l

276 561 435 635 Puberes
466 561 641 636 interfecti
668 572 768 654 sunt,
803 563 911 636 ceteri
937 564 1135 638 venierunt
1187 563 1351 638 Alteram
1387 562 1551 652 deinde}

274 673 400 748 urbem
427 699 635 773 expugnare
660 672 824 764 adortus,
850 699 1051 774 magnaque
1077 676 1114 748 vi
1142 675 1420 754 defendentium
1448 677 1526 775 pul-

275 810 354 875 sus,
398 785 530 858 multos
565 783 802 859 Macedonum
836 787 962 861 amisit.
1024 785 1097 862 Sed
1134 816 1216 864 cum
1249 789 1286 861 in
1325 786 1525 860 obsidione

273 907 554 994 perseverasset,
587 895 772 994 oppidani,
805 897 995 995 desperata
1021 899 1151 992 salute,
1181 901 1302 998 ignem
1328 899 1525 972 subiecere

274 1007 393 1097 tectis,
427 1031 465 1080 se
492 1032 632 1105 quoque
659 1033 701 1082 ac
726 1010 857 1083 liberos
884 1009 1123 1107 coniugesque
1149 1008 1312 1086 incendio
1340 1021 1524 1083 cremant

275 1115 380 1207 Quod
407 1143 488 1190 cum
513 1119 581 1216 ipsi
607 1130 795 1215 augerent,
826 1121 950 1194 hostes
976 1107 1244 1220 extinguerent,
1275 1145 1375 1193 nova
1401 1121 1550 1194 forme?

272 1255 414 1328 pugnae
441 1238 545 1303 eret
581 1228 758 1304 Delebsnt
782 1231 918 1304 incolae
940 1231 1084 1323 urbem;
1112 1235 1234 1310 hostes
1253 1228 1523 1304 defendebant:

274 1340 364 1415 adeo
391 1341 499 1413 etiem
523 1351 673 1415 naturae
699 1341 778 1415 iura
802 1342 935 1415 bellum
961 1343 998 1414 in
1024 1345 1241 1419 contrarium
1266 1351 1398 1416 mutet
1436 1344 1549 1416 Arxs

273 1463 352 1526 erat
377 1449 498 1550 oppidi
522 1452 673 1544 intacta,
705 1453 742 1526 in
768 1477 840 1550 que
864 1453 1082 1550 praesidium
1109 1455 1310 1552 dereliquit,
1346 1454 1430 1552 ipse
1459 1481 1521 1528 ne·

271 1565 375 1662 vigris
402 1565 659 1638 circumvectus
686 1588 814 1637 arcem.
1568 1595 1569 1630 ι

224 1680 269 1750 15
375 1672 514 1774 Quippe
539 1699 581 1749 111
605 1675 752 1748 fiumina
776 1685 855 1747 tota
879 1669 981 1747 India
1006 1684 1149 1774 praeter
1166 1675 1328 1776 Gangem
1354 1677 1521 1749 maxima

273 1789 493 1864 munimento
526 1789 616 1861 arcis
652 1788 834 1886 applicant
871 1785 995 1859 undas.
1048 1787 1083 1859 A
1116 1786 1368 1887 septentrione
1403 1787 1519 1862 Indus

272 1901 387 1992 alluit,
423 1897 618 1974 aMeridic
652 1897 823 1971 Acesines
849 1895 1013 1997 Hydaspi
1048 1897 1287 1972 confunditur.
1341 1896 1544 1973 Ceterum

270 2101 470 2167 incommodum,
488 2107 546 2153 tum
563 2099 688 2154 librorum
705 2115 766 2152 mss.
783 2107 873 2154 ande
906 2095 1065 2152 Snakenbur
1084 2097 1099 2112 '¹
1127 2106 1156 2153 et
1180 2097 1264 2152 nostri
1286 2113 1378 2152 omnes
1408 2110 1520 2171 praeter

270 2171 351 2223 ritate
369 2185 476 2240 prorsus
493 2179 565 2238 eget.
757 2235 762 2246 Ι
906 2166 976 2220 Flor.
986 2167 1039 2220 ΕΗ
1052 2117 1165 2221 fflnss
1178 2167 1307 2248 pluralem
1315 2183 1464 2222 numerum
1474 2171 1519 2222 bs·

305 2245 326 2304 §-
344 2245 367 2291 6.
403 2241 414 2290 i
432 2255 489 2289 nem
506 2236 646 2306 srtbiecere]
670 2235 764 2290 Nostri
782 2251 872 2290 omnes
906 2235 983 2299 bent,
1003 2251 1052 2289 nec
1063 2246 1102 2290 eet
1115 2235 1164 2289 nin
1177 2253 1205 2288 ιιι
1218 2235 1310 2288 usdem
1323 2243 1352 2289 et
1364 2235 1479 2292 Voss.2
1493 2249 1519 2291 et

289 2313 377 2359 rseter
390 2256 538 2358 rinnel
555 2306 678 2358 subicere.
701 2304 873 2358 Snak.unum
906 2302 1009 2382 qur.C
1029 2303 1131 2375 (inquo
1145 2313 1234 2358 tamen
1252 2305 1449 2360 drnmrvsntns
1468 2311 1519 2386 cst)
1568 2379 1569 2382 Ἴ

299 2374 378 2426 ossi
401 2374 468 2426 citat
490 2371 517 2424 in
539 2391 592 2442 quo
613 2371 648 2425 sit
669 2374 799 2438 subicere,
826 2373 872 2426 sel
906 2371 915 2423 l
959 2381 1010 2425 tur.
1046 2371 1153 2426 Curtius
1179 2371 1244 2426 nihil
1269 2370 1341 2425 uliud
1367 2373 1442 2427 dicit
1469 2375 1518 2428 nis
1568 2389 1569 2392 ’

270 2457 350 2508 aegre
362 2442 448 2494 credo.
471 2440 530 2493 Nec
543 2449 632 2493 tamen
645 2440 781 2509 vulgatam
790 2449 871 2494 muto.
908 2439 1089 2495 Aexendrum
1110 2441 1304 2511 navigationem
1320 2451 1436 2522 recepta
1454 2461 1517 2497 arce

304 2515 360 2576 §.t
395 2512 479 2562 bostes
497 2509 678 2588 defendebant]
711 2509 756 2562 Sic
772 2508 871 2578 primus
905 2509 1078 2576 continuasse,
1097 2527 1152 2563 non
1168 2508 1250 2580 igitur
1262 2526 1315 2562 uno
1327 2515 1452 2580 nourys'o.
1472 2514 1517 2564 sed

270 2577 354 2630 edidit
371 2576 490 2644 Medius,
508 2593 567 2630 cum
584 2575 612 2628 in
633 2576 762 2646 prioribus
779 2576 872 2630 fuisset
904 2576 993 2631 classe.
1028 2577 1178 2632 Secundum
1199 2577 1348 2630 Diodorum
1371 2595 1396 2632 c.
1410 2587 1445 2634 et
1470 2598 1518 2632 arx

271 2647 460 2716 extinguebant.
487 2645 566 2710 Quod
580 2643 731 2714 quemvise
765 2653 807 2698 rte
822 2645 871 2698 iel-
904 2654 933 2699 et
950 2647 1012 2700 urbs
1034 2645 1080 2699 ills
1096 2645 1231 2716 eliquanto
1253 2644 1359 2715 longius
1375 2663 1393 2700 u
1412 2649 1518 2702 centlu-

271 2733 326 2767 sum
345 2714 393 2782 sit,
414 2713 510 2768 nititur
526 2722 617 2766 temen
633 2731 694 2766 mss.
712 2661 764 2766 fili
785 2730 871 2784 paene
904 2713 1007 2768 entibus
1024 2713 1104 2767 trium
1120 2714 1257 2767 fluminum
1273 2715 1374 2768 eberat.

270 2783 392 2837 omnium.
426 2783 496 2837 Nem
513 2791 619 2853 praeter
636 2781 787 2848 Modienos,
805 2799 870 2852 quos
939 2781 1056 2852 Geplb,
1074 2788 1130 2850 §.n
1151 2793 1260 2852 praeter
1271 2783 1406 2854 Οσηφειιι]
1433 2785 1516 2839 Bern.

269 2851 343 2906 illum
360 2869 418 2906 esse
435 2859 561 2918 secutum,
583 2850 723 2904 verisimile
740 2847 780 2918 fit,
802 2867 869 2903 unus
903 2851 930 2903 Δ
947 2851 1017 2904 Flor.
1035 2849 1103 2904 DGI
1123 2851 1243 2933 Ganpen.

268 2919 374 2974 blond
388 2919 504 2988 exhibet,
522 2920 592 2991 quod
608 2936 678 2973 nunc
689 2919 785 2972 editur.
811 2919 870 2972 Me·
938 2922 1094 2973 munimento
1129 2937 1202 2974 arcte
1237 2920 1373 2988 applicent
1411 2923 1515 2992 mdes]

268 2989 394 3042 morabile
415 2989 493 3042 etism
589 3005 622 3042 eo
643 2989 713 3058 quod
740 2995 781 3041 est
803 2989 870 3040 dele·
905 2986 971 3041 Com
990 2986 1059 3041 lures
1076 2987 1187 3056 codices,
1206 2988 1306 3041 Vosst
1325 2985 1408 3040 Pnr
1433 2988 1515 3042 Ber-n

268 3059 330 3111 bont
351 3057 379 3110 in
397 3057 468 3113 Flor.
488 3058 515 3111 D
556 3057 583 3110 H
605 3056 685 3109 Bern.
704 3055 727 3108 B
750 3056 869 3122 urebant,
904 3005 1017 3109 BFlbr.
1040 3072 1129 3110 omnes
1146 3065 1252 3128 praeter
1269 3055 1318 3108 ΑΒ
1340 3057 1516 3134 mummette,
1568 3101 1569 3106 ,

267 3125 295 3179 in
313 3129 421 3180 Vosst
445 3128 596 3192 adolebant,
623 3123 650 3177 in
668 3124 738 3178 Flor.
758 3125 780 3178 B
802 3141 820 3176 s
834 3141 870 3176 m.
905 3132 973 3177 sieut
996 3124 1101 3178 Medius
1123 3140 1139 3177 e
1160 3123 1212 3178 suis
1233 3123 1393 3177 membranis
1420 3126 1518 3180 edidit.
1568 3135 1569 3144 ³

268 3211 319 3248 sec.
333 3195 503 3248 incendebant
517 3209 583 3259 esse,
601 3209 668 3263 quse
681 3193 769 3246 omnis
784 3209 870 3246 socr·
904 3191 1011 3245 Nemini
1029 3192 1140 3263 placuit,
1167 3209 1228 3246 num
1245 3191 1268 3245 si
1285 3191 1322 3246 sic
1338 3191 1457 3246 deberet
1475 3195 1516 3247 in·

267 3263 414 3316 rectoribus
431 3261 550 3332 profectu
586 3271 641 3328 uto,
661 3261 707 3330 qui
724 3259 870 3331 oppositio-
903 3259 1003 3330 telligi,
1029 3269 1059 3313 ut
1076 3259 1184 3314 Medius
1200 3259 1299 3326 voluit,
1325 3259 1411 3313 verbs
1435 3261 1516 3315 aliter

269 3347 329 3382 nem
347 3330 428 3383 verbo
446 3279 627 3398 extinptoelent
644 3337 813 3399 quaererent.
903 3336 970 3400 puto
987 3327 1067 3382 fuisse
1085 3328 1239 3396 ordinanda,
1261 3345 1319 3382 nc.
1336 3331 1440 3406 uncins,
1459 3349 1515 3382 mu·

301 3407 413 3450 naturae
435 3398 508 3466 iuro]
545 3396 651 3450 Modius
673 3413 701 3449 se
724 3397 869 3468 repperisse
903 3398 1018 3450 nimenta
1035 3398 1121 3464 ercis,
1159 3415 1180 3450 s.
1197 3398 1256 3451 orci
1278 3404 1310 3449 ut
1330 3403 1372 3448 est
1389 3413 1421 3449 m
1441 3397 1515 3452 Flor.

268 3475 379 3518 naturae
396 3481 457 3518 vera
470 3464 620 3519 contendit:
638 3465 708 3517 idem
718 3463 868 3519 Gronovius
903 3463 966 3534 FG)
985 3467 1126 3535 applicant.
1181 3467 1309 3520 tenimento
1319 3461 1515 3520 codicnmm

267 3532 296 3586 in
313 3531 426 3586 diatriba
443 3532 477 3585 sd
494 3531 573 3585 Statii
591 3531 708 3586 Silvesc.
719 3539 748 3586 tl
768 3532 869 3586 induo-
903 3549 981 3587 ceusu
998 3542 1098 3587 certum
1116 3543 1157 3586 est
1174 3541 1204 3586 ct
1221 3533 1369 3604 explicetur
1387 3535 1515 3588 munien-

268 3601 326 3667 bus,
345 3618 456 3671 quorum
473 3599 529 3671 ipse
546 3601 658 3654 heberet
670 3609 805 3671 excerpta,
822 3617 869 3654 ex·
903 3601 952 3654 dae
964 3600 1026 3666 arci,
1044 3601 1099 3654 sive
1113 3601 1147 3654 nd
1160 3617 1246 3656 arcem
1258 3599 1441 3669 muniendum,
1460 3621 1514 3657 non

267 3668 350 3722 biberi
369 3668 485 3751 scripsitq
512 3685 599 3740 neque
616 3677 706 3722 nmen
722 3679 770 3722 sut
787 3669 868 3723 Snnlr.
903 3678 934 3722 ut
950 3667 1084 3723 Acidalius
1100 3669 1199 3735 voluit,
1217 3667 1355 3723 munitioni
1375 3669 1465 3738 ereis,
1483 3683 1514 3726 nt

267 3736 869 3861 3³&ququ
903 3737 1425 3877 Ἢὲῗλᾉῖῗῗῖιὲιᾞΐιὲιω
1450 3825 1515 3878 pe

267 3881 337 3927 esset
352 3874 509 3946 reciperem,
531 3894 590 3930 cum
607 3874 670 3928 mihi
687 3892 741 3929 uon
762 3891 869 3946 persus·
902 3872 952 3927 tim
965 3877 1101 3942 atestines,
1115 3873 1385 3928 sunttsmenetboni
1397 3845 1514 3930 et'hsud

183 3960 187 3965 ⁴
267 3943 351 4006 deam,
368 3943 486 4014 quumvis
499 3961 586 3998 verunt
599 3954 636 3997 est
654 3942 805 4013 saepissime
819 3959 869 4023 pro
902 3942 978 4012 pauci
998 3943 1042 4012 qui
1060 3959 1152 3996 verum
1174 3959 1270 3996 nomen
1287 3939 1424 3995 exhibent
1459 3945 1514 3998 Ce-

268 4027 377 4082 aequom
395 4021 432 4064 cet
449 4011 560 4076 dicetur,
584 4012 675 4066 eodem
693 4018 771 4081 pacto
788 4019 869 4065 etum
903 4017 991 4063 terum
1009 4011 1183 4064 conferendus
1201 4019 1243 4064 est
1259 4027 1318 4064 cum
1328 4008 1428 4063 Curtio
1442 4011 1515 4066 Dio-

267 4089 379 4132 noturae
398 4097 457 4132 uero
475 4097 525 4149 pro
539 4080 571 4132 iis
586 4096 654 4150 quse
668 4087 764 4134 nature
779 4088 869 4150 postu-
903 4078 982 4132 dorus
1009 4096 1031 4132 c
1049 4086 1081 4133 ss
1114 4078 1186 4132 cuius
1212 4095 1263 4149 ope
1291 4076 1361 4131 illius
1388 4093 1515 4135 ersom

267 4146 322 4213 let,
348 4146 407 4201 dici.
448 4146 574 4201 Ceterum
600 4157 700 4201 mutant
725 4147 793 4201 mele
820 4165 869 4219 pro
902 4147 1038 4214 emendes,
1064 4147 1136 4218 quod
1152 4145 1289 4201 Acesincm
1306 4153 1335 4199 et
1351 4145 1450 4216 Hydas

268 4225 349 4268 mutet
375 4214 448 4267 Leid.
476 4223 505 4268 et
531 4214 614 4269 nostri
645 4232 734 4268 omnes
765 4225 870 4296 praeter
902 4214 984 4284 dixit,
1011 4233 1070 4269 cum
1087 4214 1197 4268 deludi
1219 4223 1248 4268 et
1265 4211 1387 4268 Acesinis
1404 4215 1447 4268 du
1469 4235 1515 4270 um

268 4283 339 4336 Flor.
357 4282 392 4337 D.
428 4283 559 4336 Nimirum
577 4283 648 4353 quod
665 4283 790 4338 orations
807 4286 868 4339 sub-
901 4281 929 4336 Η
949 4284 1031 4354 daspe
1053 4283 1124 4336 aucti
1145 4283 1338 4337 confluentibus
1363 4283 1458 4338 dicere
1484 4297 1516 4338 et

268 4350 365 4404 iectum
382 4360 452 4404 esset
468 4350 589 4404 librarios
605 4350 707 4404 fefellit.
901 4301 984 4404 vellet
1009 4360 1038 4405 et
1063 4352 1180 4405 deberet
1216 4351 1257 4405 cf.
1276 4349 1355 4404 etism
1372 4365 1449 4418 vm,
1469 4361 1515 4408 80.

302 4426 358 4488 §.a
384 4421 441 4490 ipse
457 4421 570 4491 nuriqiis
579 4422 854 4475 circumuectnsurcem
902 4419 957 4473 Sed
979 4436 1057 4474 causa
1077 4419 1173 4474 erroris
1194 4435 1228 4472 ex
1253 4435 1286 4474 eo
1311 4434 1368 4472 esse
1389 4419 1515 4487 videtur,

267 4488 336 4545 Edd.
358 4491 464 4560 nauigio
485 4519 521 4532 -
538 4491 720 4544 circumuectus
743 4499 795 4558 est,
821 4507 834 4543 s
903 4489 973 4558 quod
989 4487 1033 4542 elii
1051 4496 1181 4557 suctores,
1199 4505 1265 4558 quos
1273 4486 1403 4542 Animus
1411 4487 1515 4561 liner,
