3270 5290
242 354 313 426 168
488 415 490 420 .
709 373 743 434 o.
772 370 897 424 curru
920 373 1006 427 num

237 557 331 632 dere.
382 555 531 654 Equites
558 554 686 632 deinde
711 555 916 657 Babylonii,
942 583 1008 633 suo
1034 581 1278 656 equorumque
1303 559 1402 632 cultu
1427 557 1476 632 ad
1493 579 1530 628 ec

237 669 415 743 luxuriam
445 669 578 769 magis,
620 695 728 767 quam
762 668 808 744 ad
847 670 1146 769 magnificentiam
1180 679 1326 760 exacto,
1360 671 1478 744 ultimi

236 781 346 855 ibant
407 779 502 872 Rex,
535 782 680 854 armatis
713 781 883 880 stipatus,
919 780 1181 880 oppidanorum
1214 781 1359 854 turbam
1392 792 1477 881 post

237 893 382 968 ultimos
406 890 545 991 pedites
570 893 622 965 irc
647 893 765 967 iussit:
791 894 868 992 ipse
895 917 977 966 cum
1003 918 1110 967 curru
1136 894 1272 984 urbem,
1287 919 1330 966 ac
1347 891 1476 967 deinde

236 1003 371 1103 regiam
396 1003 553 1078 intravit.
592 1002 745 1079 Postero
770 1003 828 1079 die
854 1003 1109 1104 supellectilem
1134 1003 1243 1079 Darei
1269 1015 1307 1079 et
1332 1029 1475 1078 omnem

236 1117 424 1218 pecuniam
449 1117 668 1214 recognovit.

188 1235 211 1305 4
341 1226 509 1303 Ceterum
534 1228 646 1327 ipsius
673 1228 772 1302 urbis
797 1225 1025 1327 pulchritudo
1052 1251 1093 1299 ac
1119 1236 1292 1318 vetustae,
1319 1254 1393 1304 non
1419 1253 1472 1303 re-
1491 1249 1529 1297 24

238 1342 292 1440 gis
317 1340 442 1430 modo,
474 1338 538 1414 scd
564 1342 672 1413 etiam
697 1339 856 1412 omnium
882 1339 1004 1412 oculos
1029 1338 1067 1410 in
1093 1347 1208 1412 semet·
1232 1337 1332 1414 haud
1356 1341 1476 1414 imme·

239 1453 309 1525 rito
336 1453 522 1525 convertit.
562 1448 765 1526 Semiramis
792 1477 872 1526 eam
897 1450 1115 1542 condiderat,
1141 1475 1225 1544 non,
1252 1461 1293 1526 ut
1318 1451 1477 1550 plerique

239 1560 440 1655 credidere,
468 1561 592 1654 Belua,
619 1564 718 1636 cuius
744 1564 842 1662 regia
869 1563 1079 1638 ostenditur.
1131 1562 1255 1637 Murus
1281 1565 1476 1638 instructus
1495 1583 1533 1632 ea

238 1674 410 1749 laterculo
437 1676 563 1766 coctili,
576 1675 748 1749 bitumine
774 1677 961 1765 interlitus,
975 1675 1130 1774 spatium
1156 1699 1237 1748 xxx
1263 1685 1300 1749 et
1326 1673 1479 1748 duorum

239 1784 372 1886 pedum
403 1786 440 1860 in
471 1785 697 1860 latitudinem
727 1788 970 1887 amplectitur:
1007 1787 1201 1886 quadrigae
1236 1787 1330 1862 inter
1356 1811 1396 1861 se
1421 1812 1478 1862 oc·

241 1909 425 1973 currentes
452 1899 528 1972 aine
553 1899 710 1998 periculo
738 1923 937 1973 commeare
964 1897 1139 1972 dicuntur.
1192 1897 1358 1972 Altitudo
1385 1900 1479 1972 muri
1496 1918 1533 1968 eo

240 2011 480 2114 Lcubitorum
493 2011 626 2086 eminet
637 2010 769 2110 spatio:
797 2022 914 2110 turres
928 2008 1029 2085 denis
1055 2010 1207 2110 pedibus
1234 2031 1342 2109 quam
1354 2035 1478 2086 murus

241 2229 360 2302 regulum
378 2229 474 2286 dixisse
492 2229 615 2284 Curtium
631 2244 700 2298 vm,
718 2237 752 2284 80
778 2231 844 2284 odeo
878 2231 938 2284 edd.
964 2229 1045 2302 princi
1066 2247 1094 2284 ea
1116 2237 1145 2285 et
1165 2229 1285 2286 codicum
1301 2229 1395 2284 melior
1472 2271 1481 2299 ,

242 2301 271 2352 in
293 2301 341 2352 illo
359 2301 444 2369 playa
467 2301 580 2352 mundae
597 2307 681 2352 statae
704 2307 844 2367 tenpomm
878 2297 1033 2353 nominatim
1075 2316 1130 2352 ern.
1148 2299 1174 2352 A
1197 2298 1268 2353 Flor.
1286 2298 1389 2354 ABCG
1446 2299 1480 2353 'd.

242 2370 310 2421 nicea
327 2377 409 2420 mutat
426 2373 554 2432 et1x‚8t
572 2376 643 2420 cteta
660 2369 714 2420 cicc
732 2383 843 2420 oceanus
878 2372 954 2422 Voce.
983 2377 1012 2436 l;
1046 2367 1127 2422 ceteri
1152 2367 1213 2421 libri
1242 2385 1303 2422 mre.
1330 2385 1417 2422 certon
1444 2379 1482 2423 ut.

243 2445 391 2501 erumnam
408 2435 454 2490 ecd
470 2433 541 2488 idem
558 2441 647 2488 tamen
664 2450 704 2502 vr,
721 2443 734 2488 t
744 2437 843 2504 fragres
879 2435 958 2502 Quod
975 2454 1046 2491 nunc
1062 2436 1142 2507 vulgo
1159 2435 1247 2490 editur
1264 2440 1303 2490 uel
1321 2447 1358 2504 ut,
1367 2439 1401 2491 ab
1410 2437 1482 2492 Aldo

242 2505 417 2558 maturitatem
447 2513 544 2557 statuto
573 2513 684 2572 tempore
709 2513 844 2573 expectant
878 2513 934 2572 est,
956 2503 1024 2558 male
1042 2523 1115 2560 auem
1132 2505 1294 2573 opinionem,
1322 2505 1482 2560 contemtis

243 2572 326 2640 dixit,
349 2573 420 2653 quod
443 2571 549 2626 Modiua
571 2581 675 2626 mutare
696 2590 748 2626 non
766 2589 843 2625 aucus
879 2572 1040 2628 Graecorum
1074 2573 1231 2648 scriptorum
1270 2525 1482 2642 mammutius,

242 2650 300 2709 est,
323 2659 369 2712 qui
386 2641 457 2694 eth.
475 2639 492 2694 l.
511 2649 539 2694 et
556 2655 623 2710 vm,
651 2648 665 2695 t
689 2643 843 2694 cunicmu-
879 2641 972 2696 Curtio
993 2643 1162 2697 obtrudente.
1195 2643 1266 2696 Num
1284 2643 1483 2698 Semiramidem

241 2713 312 2765 rium
336 2711 495 2778 carnficium
512 2710 608 2763 Libero
625 2712 702 2781 putri
718 2729 770 2764 non
788 2727 844 2763 cccc
878 2709 917 2765 illi
940 2711 1053 2765 maximo
1079 2728 1205 2766 concensu
1222 2711 1294 2766 urbis
1312 2713 1483 2768 conditricem

242 2781 387 2833 restitutum
404 2787 500 2832 statuto
522 2787 634 2849 tempore
653 2787 746 2833 contra
762 2778 844 2833 libros
878 2778 979 2834 dicunt.

242 2865 304 2902 mcc.
322 2846 446 2902 conexit.
463 2846 594 2919 Equidem
607 2857 773 2902 constantem
781 2865 842 2905 maa.
914 2852 937 2918 ς.
955 2855 988 2902 25
1015 2867 1105 2902 murto
1132 2850 1285 2918 incoactus}
1320 2854 1334 2903 I
1400 2868 1482 2923 .cup.

242 2917 384 2971 lectionem
410 2931 486 2970 cervo
507 2933 557 2971 nec
578 2925 641 2971 utor
661 2917 687 2970 h.
709 2916 727 2970 1.
749 2933 782 2970 ec
802 2933 845 2970 rc-
896 2924 946 2972 .88
964 2919 1119 2987 coropitae
1135 2920 1279 2972 insincerae
1296 2929 1365 2972 cunt.
1417 2937 1483 2990 epoe

242 2985 316 3040 tione
334 3003 413 3068 quam
430 2985 565 3040 Dmkenb.
588 2986 622 3040 ad
643 2985 700 3039 Liv.
718 3000 748 3054 x,
767 2992 843 3055 ³⁷³2
907 2988 974 3040 hem.
997 3004 1020 3040 c.
1038 2994 1053 3041 6
1070 2997 1212 3057 postquam
1233 2997 1318 3041 autem
1340 2990 1484 3043 oudimmt

243 3054 692 3178 tptffltat“tmttultt‘
708 3055 847 3178 {titt
879 3057 1339 3192 ltsttttl'tttttttlt‘
1356 3059 1484 3179 'tw

244 3193 372 3258 [eldeberto
390 3199 420 3247 et
437 3208 505 3262 quae
523 3193 657 3262 ftllqttttllt,
737 3209 769 3246 ca
781 3211 847 3248 nou·
911 3191 986 3247 odius
996 3192 1101 3262 quidem
1111 3164 1201 3247 nertio,
1214 3211 1267 3264 quc
1284 3141 1362 3247 ceadda
1378 3145 1483 3262 duelli,

243 3277 380 3381 lllr‘ll‘m
426 3260 847 3383 multtum
880 3260 1420 3385 xlttffltltttttllltt
1436 3281 1484 3317 ⁸¹¹¹

245 3405 358 3450 statutor
385 3391 444 3448 dici.
491 3394 562 3475 Nam
592 3412 660 3466 quac
689 3413 751 3449 vem
776 3408 847 3451 stota
915 3400 1029 3467 epatium
1042 3413 1106 3450 m
1123 3409 1146 3452 et
1164 3401 1190 3452 d.
1198 3402 1301 3479 pedum
1318 3401 1347 3452 in
1365 3401 1484 3454 latitudi-

245 3471 321 3531 sunt,
343 3463 436 3516 ecdem
459 3479 519 3516 cum
540 3463 637 3518 htteria
658 3463 848 3535 consignantur
883 3483 940 3519 aon
958 3469 1130 3536 amplectitur]
1152 3467 1245 3521 Adreci
1282 3467 1485 3550 raepoaitioncm

244 3542 342 3586 statuto
361 3531 437 3584 liunt.
883 3536 912 3586 in
939 3535 973 3588 dc
998 3535 1150 3589 coniectura
1176 3486 1361 3602 Frcimlcmri,
1395 3542 1486 3594 uberae

279 3603 302 3668 5.
320 3607 362 3654 23.
387 3617 434 3653 cuo
452 3617 624 3670 equorumque
642 3603 722 3670 cultu]
749 3602 849 3657 Biante
882 3601 952 3656 cuim
969 3620 1045 3674 pocae
1067 3603 1129 3658 mihi
1147 3604 1253 3676 quidcm
1270 3623 1325 3660 non
1342 3605 1373 3659 lit
1390 3604 1483 3660 verisi-

245 3685 309 3723 eono
332 3667 413 3739 vulgo
437 3668 520 3722 edunt
547 3687 595 3723 cao
618 3681 694 3740 atquc
715 3688 848 3740 equorum,
883 3671 979 3738 simile,
1005 3689 1055 3727 nec
1076 3673 1171 3727 mirum
1193 3664 1323 3728 excidisse
1348 3691 1407 3728 eam
1423 3682 1486 3745 poet

245 3755 293 3792 noe
310 3736 495 3792 auctoritatem
517 3739 646 3792 bonorum
662 3737 790 3793 librorum
808 3758 848 3794 oe-
881 3740 998 3794 litteram
1020 3760 1054 3796 m.
1096 3741 1151 3796 Pro
1178 3759 1210 3797 eo
1235 3751 1277 3796 eat
1299 3744 1437 3798 latitudine
1458 3741 1486 3798 in

264 3805 359 3872 uimm,
378 3805 458 3860 snat.
476 3805 557 3860 trium
574 3807 654 3862 Bern.
672 3813 697 3861 Α
715 3809 786 3863 Flor.
800 3815 848 3863 AB
884 3808 956 3864 Flor.
975 3809 1064 3864 DFGI
1082 3809 1139 3864 Pal.
1159 3817 1182 3864 1.
1214 3809 1346 3864 Numerus
1363 3811 1487 3866 scribimur

245 3824 325 3942 dm,
349 3874 376 3927 in
397 3893 450 3930 uno
472 3874 498 3929 G
515 3876 559 3930 vul
595 3885 623 3931 ta
640 3885 690 3944 cet,
708 3876 736 3930 in
753 3878 849 3932 ceteris
886 3881 994 3932 doemon
1013 3890 1036 3933 et
1054 3881 1163 3950 triqinto
1181 3879 1209 3932 iu
1225 3879 1297 3934 Flor.
1316 3879 1353 3947 G,
1376 3881 1486 3951 triptota

246 3961 293 3999 cuo
311 3961 433 4014 equorum
456 3947 535 3999 mlta.
611 3947 689 3999 ndem
710 3948 851 4002 verborum
885 3950 995 4002 duorum
1012 3947 1038 4002 in
1057 3949 1095 4016 E,
1112 3961 1200 4001 mn
1216 3947 1244 4001 in
1260 3947 1348 4002 DFH.

245 4019 416 4085 potestatem,
434 4020 466 4067 ut
484 4016 590 4096 luxurio
604 4014 851 4098 aitindeteiiorcm
919 4019 941 4086 ᾗ.
965 4023 1006 4071 26.
1042 4033 1060 4070 L
1084 4018 1239 4088 cubitorum]
1285 4019 1385 4099 Omnes
1402 4017 1485 4098 codd.

245 4081 850 4214 mellttltts'ltttttbttt‘:
883 4085 1487 4224 Flttttttttltltftt'tfflttfffll

246 4216 341 4274 ctionit
362 4224 404 4270 cat
421 4235 438 4271 ι
456 4219 492 4270 ud
510 4217 662 4273 Ciceronem
679 4238 717 4274 or.
735 4239 762 4292 p.
779 4221 849 4276 Mur.
883 4172 958 4277 leid.
976 4227 1051 4277 Voea
1071 4231 1099 4288 1,
1117 4223 1156 4277 ita
1174 4223 1302 4277 uthrn.
1321 4221 1391 4278 Bet
1409 4223 1486 4277 Voce.

246 4295 280 4344 86
303 4285 371 4368 med.
397 4286 419 4340 0
439 4296 459 4340 tt
482 4289 597 4368 pupulm
622 4289 697 4342 Rom.
714 4292 850 4360 privatam
884 4298 899 4346 2
918 4301 1039 4346 auctores
1056 4291 1240 4363 relinquuntur
1253 4293 1376 4363 vulgatae
1394 4290 1488 4345 lectio-

247 4361 393 4422 tammam,
410 4357 545 4425 publicam
569 4359 786 4427 mupnificeoticm
809 4362 850 4414 dt·
884 4360 925 4414 nie
949 4361 978 4414 Ο.
1021 4359 1154 4415 Diodorus
1180 4375 1218 4430 11,
1251 4369 1264 4414 t
1293 4359 1489 4432 quinquaginta

258 4427 314 4497 ipit.
884 4435 997 4495 πηχέων
1024 4429 1192 4484 altitudinem
1221 4429 1314 4484 definit
1344 4429 1488 4484 wcundum

282 4493 347 4570 Cep.
365 4499 391 4562 4,
410 4497 434 4562 s.
453 4497 494 4550 ct.
529 4511 582 4550 ooo
599 4503 628 4549 ut
640 4497 772 4571 plerique]
804 4496 850 4553 Sic
883 4497 1042 4553 recentiores
1059 4497 1186 4572 quosdam
1204 4498 1383 4570 (Clitarchum
1400 4497 1487 4568 dicit),
