3254 5292
241 365 315 440 146
632 381 660 424 '2
704 386 765 450 a.
791 383 1017 438 carrarum

238 571 381 648 seeundo
415 567 517 648 atriu
544 597 612 672 per
645 571 800 646 ducentos
824 569 960 670 amitto
991 593 1098 643 onius
1123 567 1171 642 ad
1195 593 1364 643 mmmmn
1378 570 1482 670 sasti-

233 687 330 786 9ium
356 697 546 777 evomerent,
571 709 694 784 moqoo
718 695 809 758 simtu
839 693 1042 756 emmdmerit
1065 681 1192 780 maqis,
1227 705 1330 780 quam
1355 681 1481 782 afflaba-

237 809 328 890 rem,
360 793 635 897 admorsmeruque
660 819 721 869 nos
736 793 938 895 frapilitatis
972 793 1154 883 humanae,
1188 791 1286 866 ouius
1310 791 1419 865 uineis
1444 793 1482 866 ia

232 907 411 1008 prosperis
433 905 531 979 rebus
556 905 673 981 obliuio
697 917 754 980 est.
806 905 912 980 Modo
942 903 1082 981 &aeas
1106 905 1192 977 ultro
1217 901 1336 976 mlum
1361 902 1479 1004 infere—
1497 921 1532 970 21

237 1019 372 1094 lomus:
397 1041 487 1091 aune
512 1017 550 1090 io
573 1017 707 1092 sedebus
731 1016 853 1091 uostris
872 1014 1266 1116 propulsamusillataam
1306 1011 1480 1088 Iactamur

236 1131 376 1205 immoene
408 1126 567 1203 somate
589 1129 761 1230 fortuma
828 1125 990 1202 Videlicet
1018 1125 1216 1226 imperium,
1250 1123 1331 1226 pua
1366 1138 1480 1200 mutio

237 1245 439 1343 affectamus,
465 1264 535 1312 uua
557 1263 641 1338 peris
666 1263 733 1314 aon
759 1237 858 1338 aopi.

185 1354 233 1427 55
341 1349 509 1443 Ceterum,
533 1347 674 1424 'etamsi
705 1374 782 1449 spes
807 1375 875 1424 aon
898 1351 1054 1443 subesset,
1088 1350 1264 1426 necessitas
1289 1363 1398 1424 tomen
1421 1348 1478 1422 sti·
1496 1365 1534 1414 22

235 1463 364 1536 inuare
399 1462 542 1536 debera.-
580 1461 629 1534 ad
658 1473 805 1535 eatrema
834 1475 1031 1560 peruentum
1063 1475 1120 1536 est.
1177 1461 1324 1536 Matreu
1358 1483 1477 1549 roseam7

236 1575 324 1648 clitus
336 1573 451 1671 filias,
481 1570 609 1648 (lelium
633 1572 671 1645 in
694 1595 789 1670 meru
814 1572 913 1647 buius
944 1573 1081 1673 imperii
1100 1573 1265 1673 penitam,
1293 1570 1478 1670 prinsipes,

235 1685 329 1758 illam
353 1685 493 1759 sobolem
518 1685 630 1784 sepiae
654 1685 780 1783 stirpis,
806 1685 906 1760 eletees
931 1699 1054 1772 vestros
1078 1709 1196 1784 repom
1221 1682 1479 1773 instantiamea

234 1797 346 1869 babet:
380 1796 451 1870 nisi
473 1796 558 1896 quid
583 1795 619 1868 iu
646 1795 749 1885 voda,
774 1793 847 1894 ipse
872 1821 930 1896 epo
955 1798 1081 1870 emtore
1106 1797 1173 1880 mei
1200 1809 1300 1896 porte
1326 1793 1478 1893 captivate

233 1934 319 1982 sum.
372 1906 505 2006 Eripite
529 1906 658 1980 oisoem
682 1931 757 1979 meu
783 1932 823 1980 ee
848 1907 1010 1982 vincum:
1034 1907 1190 1982 restituite
1215 1907 1299 1981 mili
1321 1906 1477 2006 peperero,

232 2165 449 2234 reddendam,
486 2165 513 2219 ui
529 2165 557 2219 in
574 2167 649 2221 Leid.
667 2174 696 2220 et
712 2165 793 2220 Bern.
810 2165 837 2220 Α
872 2186 916 2222 vos
938 2169 1043 2232 attinet,
1068 2165 1141 2231 olibet
1163 2173 1216 2222 tuot
1239 2181 1270 2220 aa
1294 2165 1345 2233 sud)
1369 2165 1409 2232 tt,
1435 2163 1476 2218 sin

233 2243 275 2288 est
297 2243 327 2288 et
346 2235 375 2288 in
392 2234 464 2288 Flor.
511 2235 585 2288 einsii
602 2244 695 2290 extare
711 2236 836 2303 traditur,
872 2237 922 2290 hoe
938 2236 1024 2290 minus
1032 2235 1158 2289 Latinum
1174 2235 1289 2301 ridetur,
1307 2234 1394 2289 neseio
1411 2233 1478 2304 qaid

234 2304 280 2355 sed
303 2303 331 2355 in
349 2302 413 2354 meis
429 2301 501 2356 Flor.
519 2321 575 2356 non
591 2303 726 2358 invenitur
743 2304 792 2358 nisi
809 2305 838 2358 in
872 2306 916 2371 sit,
934 2323 996 2358 nam
1014 2303 1226 2358 Schmiederiana
1242 2302 1385 2374 explicatio
1403 2301 1477 2370 „nisi

233 2371 270 2424 ΕΙ
288 2369 361 2424 libris
378 2387 433 2423 non
449 2389 466 2424 o
483 2370 563 2424 timis.
585 2371 636 2424 Illa
653 2373 760 2452 quidem
777 2391 838 2444 par·
890 2375 943 2426 uod
960 2373 988 2426 in
1005 2373 1080 2426 vobis
1097 2373 1113 2425 i.
1123 2390 1147 2427 e.
1159 2372 1231 2426 inter
1245 2389 1293 2425 vas
1310 2375 1386 2426 sum“
1404 2371 1477 2424 haud

233 2439 315 2493 tioula
332 2437 400 2492 solet
417 2389 524 2494 morium
532 2440 727 2494 ooniunetrvum
736 2457 837 2512 regere,
872 2392 952 2495 labie
969 2443 1003 2495 sb
1020 2460 1069 2494 usu
1078 2439 1167 2495 Latini
1180 2440 1306 2496 monis
1322 2439 1409 2494 aliena
1425 2447 1476 2492 est.

234 2507 281 2560 sed
297 2506 453 2560 indicativus
477 2515 519 2560 est
535 2521 592 2575 vn,
617 2515 632 2562 5
647 2511 769 2578 forsitan
786 2529 838 2562 non
873 2511 940 2564 Nisi
965 2511 1031 2580 quid
1057 2513 1086 2563 in
1112 2511 1183 2564 vobis
1208 2508 1399 2588 interpretare:
1425 2506 1477 2560 nisi

150 2635 152 2639 ,
227 2577 406 2646 periculosius
424 2586 462 2628 est
479 2586 564 2630 tacere
581 2595 659 2646 quam
681 2579 781 2644 diemo,
805 2593 837 2632 eo
873 2579 938 2650 quid
954 2578 1089 2646 momenti,
1107 2578 1212 2644 virium,
1230 2577 1331 2646 studii,
1350 2578 1378 2630 in
1399 2576 1475 2630 robis

234 2646 353 2698 futurum
369 2658 422 2713 vn,
443 2651 473 2698 lt
492 2647 602 2716 incipies
611 2648 735 2716 forsitan
752 2649 837 2701 iustus
871 2656 925 2715 est3
945 2656 1025 2720 atque
1041 2649 1092 2702 hoo
1109 2665 1162 2701 non
1180 2646 1310 2718 displicet.
1346 2645 1476 2716 Sequitur

233 2731 290 2767 esse
307 2730 362 2766 rer.
870 2717 970 2770 aratore
994 2718 1046 2770 mei
1066 2726 1161 2788 poste,
1196 2716 1267 2786 quod
1297 2714 1350 2768 iam
1375 2713 1474 2768 dudam

268 2786 293 2850 5.
311 2789 353 2835 21.
389 2783 452 2851 quia
470 2792 557 2836 mutuo
575 2785 742 2854 affeetomus]
766 2783 836 2838 (lan-
871 2793 930 2840 erat
946 2785 1154 2852 restituendum,
1172 2801 1258 2855 neque
1274 2783 1408 2864 intelligas
1429 2799 1476 2836 aar

233 2869 289 2904 sam
318 2850 397 2906 video
426 2849 526 2904 nullm
551 2869 599 2906 eur
624 2853 691 2906 hana
717 2853 837 2906 codicum
871 2853 1002 2925 principes
1020 2853 1134 2908 editores
1151 2869 1297 2924 pronomen
1313 2870 1380 2918 mes,
1403 2852 1476 2922 quod

182 2923 184 2928 '
233 2919 390 2991 scripturam
412 2927 516 2974 veteres
533 2921 647 2975 editores
665 2922 837 2975 deseruerint.
871 2931 900 2976 et
922 2922 1036 2976 maxime
1058 2922 1182 2975 Latinum
1204 2928 1291 2974 estet
1312 2923 1346 2974 ad
1369 2931 1476 2974 senten-

231 2987 304 3042 Nam
321 2989 388 3042 hano
405 2987 488 3060 ipsam
505 3007 618 3058 caumas,
638 3006 686 3044 our
698 2989 837 3062 imperium
870 2991 936 3046 tiam
953 2991 1110 3113 explendam
1132 2989 1320 3054 neeessariam,
1342 2987 1474 3055 eieeerint,

231 3057 303 3112 orbis
320 3065 452 3112 terrarum
469 3075 523 3112 non
537 3061 606 3140 apud
614 3060 724 3113 eandem
734 3077 788 3112 sem
823 3078 837 3113 r
871 3079 930 3115 eum
947 3061 975 3113 in
1002 3059 1065 3114 ibris
1087 3060 1152 3112 meis
1174 3067 1247 3113 certe
1264 3057 1385 3112 omnibus
1402 3057 1476 3128 lega·

231 3137 340 3197 gentem
357 3134 472 3194 maneat,
490 3127 621 3197 signifieat
637 3127 760 3198 quoniam
777 3147 836 3208 pu·
870 3137 923 3183 tur.
941 3129 999 3183 Lib.
1015 3144 1055 3196 Ν,
1075 3135 1106 3182 15
1125 3130 1150 3182 si
1167 3129 1333 3182 carissimam
1351 3127 1395 3180 sai
1406 3143 1475 3196 par-

230 3213 273 3248 res
291 3195 425 3248 affectant.
443 3195 541 3248 Editur
558 3205 648 3250 autem
665 3197 699 3250 ab
717 3199 837 3250 omnibus
872 3209 921 3251 tem
939 3209 1013 3252 estro
1027 3197 1143 3266 periculi
1159 3207 1253 3250 sortem
1271 3198 1432 3249 habuissent.

230 3271 337 3332 praeter
345 3262 465 3316 Modiam
483 3267 553 3332 quod
568 3275 655 3318 mutuo
672 3267 834 3334 <plectamus
899 3285 952 3347 pro
974 3269 1067 3336 quibus
1090 3268 1102 3318 i·
1118 3267 1143 3318 si
1164 3267 1231 3318 mori
1254 3281 1306 3318 non
1332 3264 1473 3333 recreatis]

232 3375 234 3382 .
267 3329 334 3399 Cap.
352 3335 399 3410 551,
418 3333 441 3398 5.
458 3337 516 3410 22..
576 3334 682 3450 'euripos¹
701 3334 774 3386 illum
793 3351 835 3386 so·
869 3335 967 3387 Itidem
985 3336 1022 3388 sic
1039 3335 1089 3388 aad
1109 3375 1114 3386 .
1133 3351 1237 3394 omnes,
1262 3334 1307 3386 sed
1347 3348 1397 3384 uae
1414 3349 1474 3410 aqis-

233 3399 313 3450 bolem
330 3414 420 3467 raptae
437 3407 529 3478 saepes
578 3403 666 3468 Vugo
683 3401 743 3452 illos
755 3403 835 3470 prin·
869 3402 971 3473 rigendi
983 3421 1061 3458 eausa
1073 3401 1235 3474 principibus
1247 3402 1342 3455 editors
1362 3400 1472 3466 assurt,

232 3467 317 3535 cipes,
350 3466 403 3545 sed¹
427 3464 545 3536 plerique
571 3484 661 3520 omnes
690 3467 751 3522 libri
773 3469 835 3522 meti
870 3472 961 3525 eadem
992 3471 1162 3542 insequentes
1194 3471 1309 3525 editores
1333 3467 1474 3539 impedivit

231 3549 379 3655 pronomen
396 3543 533 3604 ignorant,
550 3545 701 3590 nostrorum
718 3554 771 3589 non
789 3538 835 3592 ha·
869 3557 923 3610 quo
940 3540 1025 3594 minus
1042 3549 1177 3594 vetustum
1194 3538 1373 3594 restituerent.
1390 3535 1474 3590 Vide-

251 3601 353 3655 entrrisi
362 3600 434 3655 Flor.
442 3602 494 3655 ΕΗ
504 3603 584 3656 Bern.
594 3605 752 3674 ementium
757 3609 836 3676 psia-
870 3610 950 3663 batur
970 3609 1040 3662 enim
1067 3625 1157 3662 sensus
1183 3608 1233 3662 loci
1260 3607 1395 3679 postulare
1416 3607 1474 3676 ipse

231 3673 314 3740 cipem
322 3669 420 3740 legitur
428 3670 456 3724 in
467 3670 537 3726 Flor.
549 3673 583 3727 B.
600 3675 836 3756 Apperereeutem
869 3695 922 3730 aon
938 3695 1038 3732 recuso.
1058 3677 1122 3731 Non
1139 3695 1172 3730 ne
1207 3684 1220 3731 t
1237 3677 1287 3731 hoc
1298 3693 1327 3730 se
1340 3677 1474 3730 facturum

250 3743 404 3818 utq'regem
421 3739 507 3794 dicere
524 3742 559 3794 de
575 3743 740 3798 nobilissimis
760 3761 835 3815 prae·
870 3746 987 3814 Dareus,
1012 3763 1098 3817 neque
1114 3745 1142 3798 in
1159 3745 1205 3799 ile
1223 3745 1332 3799 fortuna
1348 3745 1415 3798 adeo
1432 3751 1474 3796 est

231 3757 309 3874 lectis
331 3817 360 3861 et
384 3809 509 3880 satrapis,
536 3811 622 3866 veteri
646 3829 719 3866 more
745 3813 835 3884 regies
868 3815 943 3886 regio
961 3815 1061 3883 animo,
1085 3821 1116 3868 ut
1137 3814 1194 3868 aliis
1211 3815 1304 3868 honori
1320 3820 1400 3884 putet
1417 3827 1475 3865 esse

230 3875 286 3955 lere
295 3875 384 3956 stirpis
401 3877 559 3947 hominibus,
572 3898 749 3952 suaequoque
758 3883 834 3953 genti
867 3902 918 3955 pro
951 3884 1031 3956 ipsius
1066 3883 1155 3937 liberis
1188 3892 1301 3936 mortem
1335 3889 1473 3953 oppetere,

231 3959 380 3998 carissimis:
399 3963 443 4000 eas
456 3950 593 4019 principes
610 3958 639 4003 et
648 3953 725 4004 duces
735 3961 833 4006 essuos
868 3971 948 4024 quam
974 3952 1132 4006 sententiam
1161 3951 1286 4005 videntur
1312 3950 1473 4021 interpretas

232 4012 364 4083 appellet,
390 4013 475 4085 iisque
492 4017 613 4098 adiungit
630 4021 704 4072 illam
721 4021 832 4074 sobolem
866 4029 974 4103 putasse
991 4021 1048 4076 istis
1065 4020 1152 4074 verbis
1170 4020 1261 4074 inesse.
1288 4023 1390 4073 Verum
1408 4017 1473 4100 quid

230 4081 278 4161 rel.
318 4081 389 4135 Nam
413 4083 516 4139 Ochum
537 4089 643 4156 quidem
664 4088 746 4141 filium
768 4089 831 4142 satis
866 4091 977 4172 impedit
1004 4089 1189 4162 interpretari:
1215 4106 1265 4160 pro
1291 4088 1387 4159 quibus
1409 4103 1426 4140 ι.
1448 4102 1472 4139 e.

230 4149 381 4230 descripsit,
414 4153 447 4205 ad
482 4154 591 4210 leminea
621 4165 711 4210 summ
736 4157 835 4210 reverti
869 4177 922 4214 stus
943 4158 1053 4240 quisque
1074 4175 1152 4212 nemo
1177 4167 1310 4224 restrum,
1337 4157 1359 4210 si
1381 4161 1473 4226 erepta

230 4226 320 4300 oratio¹
333 4237 385 4272 non
402 4221 491 4277 debet.
869 4228 932 4296 sint,
948 4247 1014 4282 mon
1032 4227 1154 4281 recusat?
1189 4231 1285 4296 Itaque
1301 4226 1372 4280 idem
1389 4241 1417 4278 se
1434 4223 1473 4276 ia-

265 4305 319 4367 pras
337 4291 403 4358 quid
418 4292 447 4343 ia
464 4293 548 4364 vobis]
571 4291 616 4347 sic
629 4293 729 4348 hebent
741 4294 835 4366 optimi
869 4306 972 4352 eturum
991 4297 1068 4363 dicit,
1087 4297 1133 4349 sed
1150 4294 1278 4348 auxilium
1294 4293 1407 4348 militum
1424 4290 1474 4344 im-

229 4353 305 4436 Leul.
323 4357 404 4412 Bern.
425 4360 450 4411 A
468 4359 539 4414 Flor.
557 4361 606 4415 AB
630 4379 689 4416 cum
706 4362 769 4431 DG,
788 4365 834 4417 de·
868 4366 956 4437 plorat
972 4375 1004 4419 ut
1020 4365 1088 4432 regis
1105 4364 1248 4431 desideria,
1291 4365 1345 4418 uod
1361 4359 1474 4417 iustissi-

230 4433 341 4478 tenores
362 4433 391 4479 et
411 4427 484 4499 vulg.
505 4430 568 4484 edit
586 4432 641 4484 aiei
658 4435 728 4500 quod
743 4435 772 4486 ia
790 4452 833 4487 oo·
867 4453 939 4490 mum
956 4451 1013 4489 esse
1030 4452 1064 4487 ex
1077 4451 1125 4486 sao
1138 4432 1275 4504 quisquea
1294 4429 1475 4498 eetuiudieet,

229 4494 270 4548 bis
289 4504 334 4548 est.
369 4495 430 4551 Hoc
445 4495 608 4570 interpretor
629 4502 685 4554 nisi
705 4505 775 4572 quod
796 4505 835 4558 ad
867 4504 974 4558 fortiter
989 4503 1132 4576 pugnando
1148 4503 1313 4556 medeantur.
