3254 5292
214 323 285 394 116
685 343 719 406 o.
747 343 872 396 cunrn
897 347 982 397 aust

209 528 387 600 stantibus
420 528 513 624 ripa,
546 529 745 626 superavit,
781 529 832 602 sic
864 530 1025 629 angustis
1060 529 1098 600 in
1125 527 1267 604 Ciliciae
1303 531 1453 606 collibus

208 647 348 711 tantam
379 638 645 712 multitudinem
679 640 854 712 hostium:
891 641 1062 716 audaciae
1089 666 1247 738 quoque,
1283 666 1355 738 qua
1380 667 1453 716 ma·
1471 661 1504 711 as

208 749 304 821 xime
329 748 454 846 viguit,
480 751 573 823 ratio
599 751 711 824 minui
736 761 868 850 potest,
882 753 965 849 quia
990 777 1175 850 nunquam
1200 753 1237 826 in
1265 753 1454 828 discrimen

208 860 326 950 venit,
354 884 398 931 an
426 869 563 935 temere
587 862 740 935 fecisset.
793 860 978 955 Mazaeus,
1014 864 1090 960 qui,
1125 864 1155 936 si
1181 865 1452 940 transeuntibus

207 970 340 1045 flumen
367 973 644 1070 supervenisset,
656 971 755 1046 haud
781 970 889 1046 dubie
915 997 1156 1072 oppressurus
1179 975 1247 1047 sirit
1272 976 1453 1074 incompo-

208 1084 307 1173 sitos,
333 1083 371 1156 in
396 1083 476 1180 ripa
501 1083 647 1158 demum
674 1093 711 1157 et
742 1083 813 1156 iam
838 1093 1062 1182 perarmatos
1089 1084 1297 1183 adequitare
1324 1087 1451 1186 coepit.

207 1193 305 1268 Mille
349 1192 544 1266 admodum
582 1195 719 1292 equites
759 1195 1003 1292 praemiserat.
1074 1191 1237 1285 Quorum
1269 1197 1453 1296 paucitate
1470 1216 1504 1266 24

206 1304 416 1379 Alexander
448 1305 652 1404 explorata,
686 1304 815 1378 deinde
850 1316 1067 1404 contempta,
1093 1308 1316 1404 praefectum
1341 1308 1452 1382 Paeo-

206 1443 294 1506 num
329 1417 489 1512 equitum
513 1414 686 1489 Aristona
717 1417 848 1490 laxatis
874 1418 1025 1490 habenis
1052 1418 1173 1492 invehi
1199 1419 1312 1493 iussit
1364 1417 1451 1492 Insi·
1469 1437 1505 1486 aa

208 1529 288 1627 gnis
324 1551 367 1598 eo
403 1525 461 1599 die
497 1552 621 1624 pugna
658 1529 818 1623 equitum
852 1537 890 1601 et
924 1529 1115 1627 praecipue
1150 1528 1331 1604 Aristonis
1367 1531 1451 1603 fuit:

205 1637 427 1737 praesectum
459 1637 639 1732 equitatus
666 1637 859 1712 Persarum
885 1635 1101 1737 Satropaten
1137 1639 1274 1714 directa
1309 1641 1346 1714 in
1372 1651 1451 1740 gut-

207 1760 289 1822 ture
314 1749 420 1822 hasta
445 1749 642 1840 transfixit,
668 1749 936 1848 fugientemque
961 1775 1027 1848 per
1052 1750 1190 1824 medios
1216 1752 1341 1826 hostes
1369 1777 1451 1826 con-

206 1870 366 1951 secutus,
399 1883 447 1932 ex
478 1885 571 1958 equo
606 1859 871 1958 praecipitavit,
904 1868 942 1932 et
968 1859 1168 1934 obluctanti
1195 1873 1304 1961 caput
1330 1862 1451 1961 gladio

206 1970 376 2069 dempsit,
404 1968 501 2067 quod
526 1971 681 2044 relatum
705 1995 838 2070 magna
865 1994 946 2043 cum
972 1971 1079 2045 laude
1106 1981 1191 2046 ante
1216 1974 1312 2072 regis
1339 1972 1451 2071 pedes

231 2084 335 2158 osuit.

155 2110 230 2268 39p
308 2194 425 2268 Biduo
463 2193 513 2266 ibi
551 2217 618 2266 rex
658 2194 792 2266 stativa
830 2193 971 2266 habuit:
1010 2193 1048 2265 in
1082 2194 1285 2290 proximum
1322 2191 1451 2266 deinde
1470 2211 1503 2259 X.

203 2305 429 2402 pronuntiari
454 2304 523 2376 iter
549 2303 662 2376 iussit.
703 2299 775 2376 Sed
787 2303 904 2402 prima
920 2305 995 2378 fere
1020 2304 1143 2402 vigilia
1167 2305 1254 2377 luna
1271 2301 1485 2394 deficiens‚a

206 2416 362 2513 primum
387 2416 542 2488 nitorem
568 2413 693 2487 sideris
720 2416 775 2486 sui
803 2414 980 2506 condidit,
1017 2412 1146 2488 deinde
1179 2415 1362 2512 sanguinis
1396 2440 1452 2488 co·

209 2527 285 2599 lore
312 2526 449 2598 suffirso
475 2524 597 2597 lumen
624 2550 730 2598 omne
764 2525 939 2615 foedavit,
975 2525 1205 2622 sollicitisque
1241 2525 1308 2598 sub
1335 2526 1455 2622 ipsum

207 2639 300 2710 tanti
336 2636 548 2709 discriminis
584 2660 708 2710 casum
739 2635 865 2734 ingens
900 2637 1042 2734 religio,
1077 2645 1115 2708 et
1149 2660 1197 2708 ex
1232 2659 1276 2707 ea
1301 2636 1455 2716 formido

209 2746 386 2845 quaedam
420 2747 564 2820 incussa
597 2755 661 2819 est.
713 2745 792 2820 Diis
827 2747 948 2820 invitis
983 2747 1020 2818 in
1046 2746 1190 2832 ultimas
1217 2755 1334 2818 terras
1361 2746 1489 2819 trahis

206 2948 280 3002 Flor.
295 2947 408 3003 ABGE:
431 2948 459 3001 in
480 2946 574 3002 cetaria
598 2946 669 3001 Flor.
687 2955 715 3001 et
732 2947 813 3001 Bern.
882 2948 982 3000 directa
999 2947 1029 2999 ia
1044 2947 1159 3015 patiare]
1179 2945 1303 3000 Debebat
1320 2947 1349 3000 ia
1364 2956 1475 3017 patiar,

207 3015 308 3071 BPal.
327 3026 340 3071 1
359 3017 437 3071 Voss.
455 3023 470 3070 2
489 3017 590 3070 vincere
607 3017 690 3070 deest.
724 3016 813 3087 Vulgo
847 3024 879 3068 ut
895 3029 941 3081 111,
960 3022 1004 3080 26,
1022 3029 1073 3080 vn,
1094 3021 1135 3081 19,
1154 3015 1200 3066 aad
1218 3015 1269 3068 hoc
1285 3014 1368 3069 etiam
1381 3023 1456 3068 vete-

207 3087 232 3139 si
249 3087 307 3155 qais
325 3105 407 3139 ausas
426 3095 492 3138 esset
509 3087 618 3138 vincere.
847 3100 889 3138 rea
906 3083 1006 3136 librarii
1024 3089 1121 3136 norant
1133 3082 1178 3153 qui
1193 3090 1282 3136 tamen
1292 3083 1456 3137 omuesfide-

241 3155 271 3206 ia
288 3154 399 3207 Ciliciae
417 3154 524 3206 collidas
538 3169 629 3207 omnes
641 3152 702 3206 libri
715 3161 743 3206 et
752 3152 812 3206 mati
847 3151 910 3205 liter
927 3151 1072 3204 ablativum
1088 3159 1235 3204 servarunt.
1261 3151 1339 3206 Facit
1356 3150 1457 3223 aliquid

207 3227 237 3274 at
254 3221 320 3274 aditi
336 3237 419 3292 usque
436 3220 616 3289 adAldinum,
629 3220 657 3273 in
685 3220 814 3291 uoprimo
848 3220 989 3290 insequens
1006 3220 1117 3273 verbum
1135 3221 1276 3287 transfixit.

208 3296 358 3342 correctum
376 3289 495 3341 callidas.
531 3291 606 3342 Infra
624 3239 731 3368 quidem
748 3307 770 3342 c.
780 3296 812 3342 47
884 3287 949 3358 Gap.
967 3295 1010 3354 89,
1030 3290 1053 3358 5.
1069 3296 1091 3340 1.
1105 3289 1280 3357 pronuntiari
1297 3290 1348 3341 iter
1365 3290 1455 3356 iussit]

208 3363 272 3409 aunt
291 3355 401 3409 Ciliciae
423 3357 562 3424 anpuatiae
586 3366 610 3408 et
635 3358 701 3408 savii
724 3358 814 3424 calles,
848 3356 938 3426 Vulgo
965 3358 1015 3408 iter
1037 3357 1210 3426 pronuntiari
1238 3357 1330 3409 iussit:
1355 3357 1402 3410 sed
1427 3357 1457 3408 in

208 3425 255 3477 aad
272 3423 326 3476 illio
342 3422 501 3476 adjectivum
519 3423 638 3476 additum
656 3423 773 3477 ostendit
782 3426 815 3478 de
848 3422 1158 3478 BamAFlonABCG
1176 3425 1205 3494 (a
1239 3443 1261 3479 r.
1276 3425 1334 3544 m}
1342 3431 1371 3476 et
1379 3428 1457 3477 Voss.

208 3508 314 3546 accessu
331 3492 360 3545 in
377 3491 463 3545 locum
481 3490 539 3544 dici.
557 3491 610 3544 Hic
626 3509 690 3546 vero
708 3495 815 3562 anyusti
849 3500 965 3563 utroque
982 3493 1059 3546 deest
1076 3494 1135 3560 iter,
1153 3510 1221 3545 unus
1253 3491 1300 3546 lor.
1351 3508 1384 3545 eo
1397 3491 1458 3546 loeo

209 3563 286 3614 colles
299 3569 372 3614 recta
387 3559 480 3630 opinor
489 3559 670 3630 diciturregio
678 3569 814 3629 montana,
850 3561 963 3615 collocat
999 3579 1033 3615 uo
1050 3560 1131 3630 vulgo
1148 3559 1257 3631 legitur,
1275 3559 1371 3631 reliqui
1385 3559 1457 3614 Flor.

208 3628 319 3683 collibus
341 3627 428 3682 obsita
452 3626 497 3698 qui
519 3627 648 3698 explicari
666 3629 814 3682 multitudi·
849 3625 878 3682 et'
895 3629 976 3682 Bern.
1037 3635 1065 3682 et
1082 3646 1140 3682 mar
1159 3647 1175 3682 ο
1193 3628 1265 3682 Flor.
1293 3627 1321 3682 G
1338 3647 1458 3699 proaaa·

208 3715 270 3751 nem
286 3714 340 3751 non
357 3695 504 3768 patiuntur.
849 3699 915 3750 tiari
941 3701 991 3750 iter
1016 3699 1103 3750 iussit.
1139 3646 1200 3750 llos
1226 3696 1309 3767 igitur
1352 3715 1383 3751 ro
1406 3697 1459 3750 fide

244 3770 268 3832 §.
287 3773 328 3820 28.
364 3767 552 3819 audaciae-
573 3767 643 3820 ratio
664 3764 748 3818 minui
787 3783 814 3818 o·
849 3765 922 3819 libris
940 3783 1000 3818 mss.
1019 3765 1110 3818 debita
1127 3765 1306 3836 recipiendum
1353 3764 1387 3833 't,
1411 3765 1458 3818 sed

210 3843 265 3896 test,
285 3833 301 3886 i.
320 3850 343 3886 e.
361 3833 470 3888 audacia
487 3851 541 3887 non
558 3841 649 3904 potest
665 3841 742 3886 tanta
763 3783 815 3887 bu·
848 3834 1002 3904 probassem
1019 3833 1108 3904 potius
1126 3835 1268 3888 verborum
1281 3833 1400 3886 ordinem
1412 3832 1458 3904 qui

208 3901 275 3969 beri,
293 3901 411 3970 iudicari,
429 3910 530 3973 quanta
546 3903 627 3973 vulgo
644 3903 720 3956 solet
849 3918 906 3956 osse
923 3901 1040 3955 traditur
1056 3902 1085 3954 iu
1098 3900 1184 3955 Pell
1205 3901 1365 3954 etLeidensi
1379 3919 1457 3971 praa.

244 3976 268 4037 s.
287 3977 329 4024 24.
365 3971 498 4024 Paeonum
516 3973 639 4040 equitum]
668 3969 753 4025 Codd.
765 3987 815 4039 pe·
850 3971 928 4024 iussit
949 3972 1014 4039 iter',
1042 3969 1063 4023 si
1088 3970 1151 4024 ratis
1178 3971 1212 4022 da
1238 3969 1290 4022 fido
1309 3969 1458 4024 collationis

208 4057 301 4093 aarum
319 4045 347 4091 et
358 4057 518 4108 poenorum,
544 4039 609 4092 item
631 4039 695 4092 edit.
717 4039 815 4109 princ.;
850 4047 993 4093 constaret.
1036 4038 1142 4092 Modius
1163 4039 1341 4108 pronuntiare
1371 4039 1458 4104 iussit,

209 4109 257 4160 sad
274 4107 389 4161 correxit
406 4106 460 4160 iam
476 4107 590 4162 Aldiuua
607 4107 703 4161 editor.
850 4107 915 4160 nibil
933 4125 1026 4160 curans
1043 4107 1169 4160 omissam
1187 4109 1246 4160 iter.

244 4180 269 4240 s.
286 4181 328 4229 25.
356 4177 524 4245 Satropaten]
553 4175 637 4230 codd.
655 4175 727 4228 Flor.
740 4175 815 4230 ABG
885 4179 910 4242 s.
928 4183 953 4230 2.
974 4177 1082 4229 iactura
1101 4179 1149 4244 cst]
1168 4174 1458 4229 Leid.Voas.1Flor.

209 4243 348 4314 vulgatum
376 4245 542 4314 Satropatem
568 4251 697 4310 tuentur,
723 4252 817 4297 eontra
849 4245 876 4297 A
894 4246 1050 4298 iacoaruassa
1069 4253 1122 4310 eat,
1147 4261 1179 4297 ac
1207 4243 1287 4297 fuisse
1304 4242 1356 4296 hoe
1374 4243 1460 4323 ipsum

209 4321 283 4366 stant
305 4312 387 4366 ceteri
403 4313 476 4367 Flor.
498 4321 527 4366 et
553 4319 667 4383 uterquc
683 4312 764 4365 Bern.
787 4321 817 4365 et
850 4312 956 4366 videtur
973 4312 1000 4365 in
1017 4313 1098 4365 Bern.
1116 4313 1156 4378 A,
1181 4313 1229 4366 sed
1250 4330 1301 4383 pro
1318 4311 1410 4364 medus
1428 4310 1460 4364 li·

209 4381 285 4434 Leid.
307 4381 383 4435 Voss.
403 4389 426 4436 1.
446 4389 478 4450 2,
500 4380 603 4506 dquibus
625 4389 654 4435 et
675 4381 731 4452 ipse
753 4399 816 4436 eon·
850 4381 914 4436 teris
932 4397 1004 4436 nunc
1020 4397 1111 4434 rasura
1129 4388 1178 4434 est.

210 4449 325 4505 stantiae
342 4467 422 4506 causa
438 4467 499 4506 acce
536 4493 542 4506 .
885 4453 909 4518 ς.
927 4456 952 4504 8.
988 4450 1041 4503 diis
1060 4450 1161 4520 invitia]
1198 4447 1271 4506 Flor.
1288 4451 1315 4505 Δ
1331 4450 1414 4505 Bern.
1433 4452 1461 4504 A
