3270 5290
452 387 458 398 ·
530 377 581 429 nu
609 375 747 432 cssrrs.
762 373 871 426 anun
898 374 934 442 v,
962 370 1005 422 10.
1336 356 1408 428 179

161 565 231 640 bus
256 559 453 650 Uxiorum,
489 571 526 636 et
560 585 625 658 per
655 581 679 632 n
714 556 833 632 stadia
864 555 1089 632 silvestribus
1118 556 1209 655 'ripis
1235 582 1408 656 praeceps

130 676 256 750 rinter
288 697 380 748 saxa
414 669 628 754 devolvitur,
680 667 872 768 Accipiunt
887 657 1029 746 'deinde
1056 693 1139 744 eum
1164 667 1291 766 campi,
1318 675 1408 765 quos

164 783 393 858 clementiore
419 783 523 855 alveo
550 780 737 879 praeterit,
769 780 842 852 iarn
867 781 1015 854 navium
1041 781 1192 881 patiens.
1244 799 1295 852 nc
1323 789 1408 851 sunt

161 893 279 968 stadia
304 894 475 967 mollioris
502 893 579 990 soli,
605 915 671 990 per
696 890 794 988 quod
820 891 891 964 leni
918 902 1037 966 tractu
1063 913 1237 990 uquarum
1263 887 1408 962 Persico

129 1005 252 1078 amari
278 1027 318 1077 se
343 1005 510 1078 insinuat
550 1001 669 1076 Amne
694 1013 875 1099 superato,
903 1028 985 1076 cum
1010 1003 1052 1078 1'x
1076 1001 1219 1076 milibus
1245 999 1408 1098 peditum

163 1127 201 1190 et
225 1114 393 1213 Agrianis
420 1113 685 1212 sagittariisque
712 1123 749 1186 et
776 1109 995 1190 Graecorum
1020 1111 1322 1188 mercenariorum
1347 1111 1407 1184 tri·
1564 1189 1571 1202 ,

161 1227 231 1302 bus
257 1225 417 1316 milibus,
452 1223 585 1298 additis
612 1222 792 1298 Thracum
818 1223 932 1314 mille,
957 1226 994 1300 in
1021 1225 1204 1324 regionem
1229 1219 1407 1296 Uxiorum
1518 1265 1521 1268 ·

162 1338 336 1437 pervenit.
389 1335 556 1408 Finitima
582 1332 682 1409 Susis
715 1347 785 1426 est,
821 1345 860 1408 et
889 1335 926 1410 in
960 1337 1112 1435 primam
1137 1331 1322 1408 Persidem
1348 1357 1409 1404 ex·

130 1449 284 1538 ecurrit,
310 1459 429 1522 artum
454 1448 547 1520 inter
574 1471 613 1520 se
640 1457 677 1519 et
703 1444 874 1520 Susianos
911 1446 1048 1521 editum
1074 1446 1288 1542 relinquens.
1332 1441 1407 1515 Ma·

164 1557 267 1632 dates
293 1568 371 1632 erat
395 1558 551 1656 regionis
576 1557 789 1656 praefectus,
815 1556 914 1631 haud
940 1583 1027 1632 sane
1053 1567 1257 1654 temporum
1281 1555 1406 1643 homo;

131 1670 297 1768 ⁵quippe
322 1669 448 1743 ultima
473 1693 540 1766 pro
566 1666 638 1742 fide
664 1669 819 1765 experiri
846 1667 1066 1742 decreverat.
1120 1664 1192 1740 Sed
1226 1665 1332 1763 periti
1357 1665 1407 1737 lo·

165 1805 289 1854 norum
313 1777 564 1854 Alexandrum
599 1777 746 1868 docent,
782 1779 963 1853 occultum
995 1781 1065 1854 iter
1098 1802 1178 1852 esse
1210 1801 1275 1876 per
1300 1775 1407 1848 calles

165 1897 202 1964 et
233 1916 400 1964 eversum
435 1889 481 1964 ab
517 1890 621 1965 urbe:
658 1890 688 1962 si
723 1914 857 1987 paucos
893 1891 1050 1964 misisset
1083 1888 1211 1962 leviter
1237 1896 1406 1976 armatos,

236 2159 322 2212 omine
332 2159 445 2228 quodam
463 2156 663 2229 distinguendus
680 2157 773 2212 suerit·
802 2157 883 2210 Beru.
901 2157 927 2210 A
944 2155 1048 2211 Florss
1067 2155 1258 2222 Merceaartor,
1276 2153 1346 2207 Flor.
1358 2151 1409 2207 OG

165 2227 211 2282 Vn
239 2245 255 2279 ο
278 2235 366 2280 autem
391 2229 491 2296 Tiarim
516 2244 612 2280 nomen
634 2227 768 2282 omittunt.
802 2227 1034 2296 mercenariorum)
1062 2227 1145 2280 tribas
1171 2223 1276 2278 milibus
1307 2223 1407 2276 additis

164 2295 244 2350 Unus
261 2293 367 2348 Flor.A
388 2296 581 2364 TigrinBern.
593 2297 619 2348 A
630 2297 711 2364 tycia,
722 2295 768 2348 sed
805 2295 936 2347 Thracum
954 2296 983 2346 in
1000 2287 1130 2364 reyioae'm
1148 2301 1199 2347 cet.
1233 2289 1288 2346 Pro
1306 2289 1407 2344 Satria-

164 2361 195 2418 in
212 2361 298 2416 altero
315 2363 419 2416 nomine
436 2363 474 2421 ia
491 2363 596 2418 variant
614 2373 644 2416 ut
661 2362 769 2417 solueG
801 2361 842 2416 nis
867 2361 913 2434 qui
938 2361 1004 2416 nulli
1030 2371 1093 2418 sunt
1110 2361 1232 2416 leccenii
1256 2359 1408 2414 coniectura

164 2431 325 2502 Pasitiqrim
341 2429 472 2498 exhibeat,
491 2431 570 2486 Bern.
585 2433 611 2485 A
628 2432 699 2486 Flor.
718 2433 767 2486 AB
802 2449 863 2484 usus
882 2429 932 2484 feci
949 2433 1114 2502 saqr'ttarr‘r's¹
1139 2429 1184 2512 qui
1202 2445 1280 2500 caepe
1298 2427 1406 2484 coniun-

155 2501 246 2572 sarim
270 2501 352 2568 clatra,
370 2499 451 2552 ceteri
468 2501 577 2553 Phasim
596 2503 698 2571 tyqrr'rn.
803 2498 841 2552 cti
859 2517 917 2553 cum
930 2500 1055 2569 Agrianis
1072 2501 1106 2553 ab
1124 2497 1253 2552 historicis
1270 2496 1406 2550 nominen-

193 2585 246 2690 pf
271 2583 290 2688 R
316 2570 415 2648 studia]
455 2568 588 2622 Diodorus
612 2569 629 2621 l.
652 2567 670 2622 l.
698 2571 768 2649 mille
802 2577 856 2634 tur,
874 2576 903 2621 et
921 2568 1133 2650 coniunctionem
1150 2565 1290 2688 etdadieci3
1307 2564 1407 2685 deiffle

163 2644 769 2784 ltttfltttltmrttfflttltfftt
802 2648 1407 2758 tttlttttmfftlnttlutttt

165 2781 357 2844 qmnquagmta
385 2774 530 2826 stadiorum
558 2773 672 2844 spatium
705 2773 768 2843 quid
803 2789 835 2824 ex
856 2790 974 2840 nassum,
1001 2790 1069 2843 quae
1086 2773 1177 2826 eadem
1194 2781 1314 2836 extrema
1330 2785 1407 2840 prae·

165 2839 275 2894 attinuit
292 2841 514 2894 aommemorare‘l
538 2840 605 2895 Post
621 2841 702 2912 paulo
720 2859 768 2895 nu·
851 2841 920 2894 entis
937 2841 1009 2894 vocis
1027 2841 1117 2893 littera
1133 2848 1182 2892 est
1219 2837 1337 2904 (Modius
1355 2836 1407 2890 iam
1495 2833 1498 2848 ¹

164 2925 265 2962 merum
291 2909 362 2978 vulg.
390 2909 538 2962 scriturae
565 2927 623 2962 cum
649 2909 768 2964 Diodoro
803 2909 833 2960 M
850 2909 1010 2970 inseruerat,
1029 2909 1076 2964 red
1093 2915 1155 2961 ante
1176 2908 1305 2959 ltrucum
1325 2904 1407 2958 collo·

165 2976 376 3031 consentientem
400 2979 428 3030 D
471 2987 532 3031 sunt
549 2979 638 3031 stadia
661 2977 768 3041 retinui,
803 2981 929 3038 caverat]
957 2975 1075 3046 Vulgata
1092 2984 1181 3029 autem
1199 2972 1328 3044 scriptura
1346 2988 1407 3025 cum

183 3061 322 3114 namquam
346 3045 373 3098 in
391 3045 476 3114 aliern.
494 3048 520 3098 A
538 3046 608 3099 Flor.
627 3047 675 3100 AB
694 3045 768 3099 Leid.
803 3046 837 3098 ab
854 3045 944 3115 {Hadn
972 3045 1049 3098 Iunio
1079 3043 1117 3098 sic
1148 3041 1293 3096 constituta
1323 3048 1406 3094 esset:

192 3130 243 3166 oss.
263 3121 274 3164 1
297 3115 346 3166 CD
363 3113 470 3183 legitur,
489 3114 568 3167 DCC
584 3113 612 3166 in
630 3114 700 3168 Flor.
720 3113 768 3166 DF
803 3131 861 3166 cunr
878 3129 967 3166 neven
983 3114 1098 3166 millibus
1111 3113 1230 3182 perlinam
1243 3110 1407 3179 etAqrr'arrir

165 3181 269 3244 Pel.1;
291 3181 345 3234 DC
361 3181 389 3235 in
415 3182 486 3236 Flor.
506 3181 622 3236 CEGHI
645 3182 768 3236 Bern.B
804 3192 831 3234 ut
849 3199 881 3234 ae
910 3182 1072 3235 Graecornm
1103 3181 1292 3244 mesenates,
1324 3178 1407 3231 mbas

164 3257 215 3304 est.
250 3249 302 3303 Sed
319 3251 385 3304 ordo
401 3252 542 3304 verborum
559 3250 639 3320 vulgo
657 3261 697 3304 est
714 3261 769 3304 stu·
803 3199 918 3304 millibus
937 3251 1037 3304 additis
1050 3250 1181 3302 Tlrracam
1198 3255 1293 3317 postea
1310 3245 1338 3299 in
1354 3245 1408 3298 fine

164 3321 211 3372 dia
229 3328 289 3372 sant
307 3326 402 3372 contra
418 3317 500 3371 libros
517 3337 577 3372 mss.
803 3325 928 3389 corrupta
950 3317 1030 3372 etiam
1055 3325 1096 3372 est
1119 3317 1172 3384 sic,
1195 3323 1226 3368 ut
1246 3315 1407 3369 Graecorum

197 3389 221 3454 §-
239 3394 263 3440 8.
299 3405 375 3440 amne
393 3388 527 3466 superato]
554 3387 672 3441 Additur
688 3387 769 3457 vulgo
802 3388 972 3440 mercenariis
990 3388 1105 3440 millibus
1120 3399 1163 3453 111,
1181 3385 1296 3438 millibus
1306 3383 1407 3438 additis

161 3453 338 3534 inprincipio
356 3455 532 3534 nomrnativus
542 3457 769 3535 Alexandnnn&
805 3456 937 3510 Ttracmn
954 3456 1085 3508 ederetur.

161 3541 191 3644 ζει
205 3524 519 3644 muniat-regma}
532 3524 769 3673 grussfflgfflilznug
838 3559 865 3638 ς..
879 3563 904 3610 4,
929 3567 987 3640 erat
1002 3557 1118 3638 regionis
1131 3557 1292 3627 praefectur]
1317 3553 1407 3624 Vulgo

163 3658 394 3712 mom
424 3659 488 3713 rt
525 3660 608 3714 nr
643 3660 768 3714 orae
802 3627 1181 3748 tr
1196 3623 1249 3744 sl
1281 3638 1407 3760 aare

161 3724 311 3779 subiectum
328 3727 480 3806 penarum
497 3745 550 3782 ¹¹⁰⁰
568 3728 688 3798 exprimi·
724 3729 767 3784 Cf·
801 3760 876 3815 nse.
894 3761 971 3816 ros.
990 3769 1002 3814 1
1023 3761 1099 3814 anes
1117 3761 1161 3830 (a
1177 3760 1300 3813 vidntur
1316 3759 1407 3812 nven-

160 3793 312 3930 ἓξὲξ
326 3804 468 3930 ξ’ἕᾊῖ*
483 3801 648 3918 ἓὲάῐὲἐάἓέζ
664 3805 768 3919 Ξέιῑέἒέ
802 3837 860 3883 turn
877 3845 934 3882 esse
951 3829 979 3883 in
997 3833 1072 3884 Voss.
1091 3836 1117 3896 2,
1136 3827 1157 3882 si
1174 3829 1239 3882 fides
1256 3827 1382 3894 silentio).

160 3930 241 3985 etiam
258 3931 303 3986 ubi
321 3933 354 3984 de
372 3931 417 3986 illo
434 3950 520 3986 sermo
537 3941 593 4000 cet,
620 3932 703 3987 Darei
720 3951 767 3987 uo·
836 3928 909 3986 tund
940 3949 1005 3986 rane
1036 3942 1178 4000 temporum
1203 3933 1286 3998 tomo]
1324 3929 1405 3982 ¹Editi

158 4016 221 4054 men
237 3999 405 4070 intelligitur,
423 4001 476 4054 vid.
494 4016 523 4067 v,
542 4009 585 4068 24,
604 4007 629 4056 5.
800 3999 861 4054 libri
884 4010 1025 4068 temporum
1050 4003 1202 4066 multorum„
1226 3998 1254 4052 id
1281 3999 1352 4070 quod
1377 3997 1406 4050 in

143 4097 147 4104 ,
193 4069 393 4139 sagittariisque
410 4079 434 4122 et
454 4071 617 4124 Graecorum
633 4087 766 4124 mercena-
798 4067 933 4123 codicibus
954 4086 1007 4126 non
1034 4077 1075 4122 est
1091 4068 1142 4122 nisi
1159 4067 1248 4140 paucis
1265 4075 1294 4121 et
1312 4083 1405 4120 conu-

158 4138 258 4190 rr‘orum
276 4139 361 4192 tatus
379 4139 493 4207 mirina,
512 4140 612 4192 additis
633 4139 765 4192 Thracum
798 4136 889 4208 ptelae
912 4155 924 4190 s
975 4136 1055 4202 eatis,
1077 4136 1148 4190 Flor.
1173 4135 1281 4206 quidem
1302 4135 1358 4190 solo
1375 4133 1404 4187 H

158 4206 238 4273 mille]
285 4205 330 4285 (ΣοΙ
354 4205 360 4218 ’
381 4207 477 4260 endum
509 4205 553 4260 hic
583 4215 642 4260 erat
665 4204 765 4277 aliquid
799 4206 840 4276 (in
857 4153 980 4260 nemag
1002 4207 1085 4260 verba
1102 4215 1176 4275 temp.
1200 4207 1273 4258 torno
1296 4201 1403 4256 excitle-

158 4281 190 4328 ut
215 4281 349 4328 sententia
384 4274 425 4328 aci
448 4283 591 4328 constaret.
626 4274 764 4328 Editiones
798 4279 882 4341 runt).
905 4271 1033 4328 Similiter
1051 4273 1144 4329 Cicero
1161 4291 1211 4345 pro
1230 4271 1337 4327 Cluent
1369 4277 1402 4324 50

157 4359 199 4412 pr.
218 4349 247 4396 et
263 4341 365 4396 codices
391 4342 454 4396 msti
481 4343 519 4396 sic
543 4344 600 4398 fere
623 4343 764 4397 exhibent:
798 4361 885 4396 amnes
903 4344 966 4396 illae
983 4345 1114 4398 orationes
1132 4359 1274 4407 caesaraea
1287 4350 1311 4394 et
1324 4349 1403 4393 tern-

159 4409 346 4480 Satriaairquc
389 4411 551 4468 Graecorum
593 4413 763 4466 mercenariis
792 4429 914 4481 param
932 4421 1010 4478 suat,
1034 4411 1051 4464 i.
1070 4427 1093 4466 e.
1111 4411 1230 4483 pendent
1246 4426 1281 4464 ex
1298 4416 1402 4479 tempo·

160 4475 248 4544 (Flor.
273 4481 300 4534 A
325 4478 404 4534 Leid·
426 4479 505 4534 Voss.
538 4487 550 4533 1
585 4481 763 4548 Mercenarr'o,
797 4497 856 4533 rum
875 4479 1035 4535 condicione.

1144 4569 1194 4617 12*
