3158 5294
253 337 327 410 520
721 355 756 421 o
784 351 908 408 cuam
931 354 1017 408 sorr

248 540 445 616 retinuisse.
498 538 624 638 Itaque
655 539 776 639 inopia
800 539 970 638 primurn,
1004 537 1132 615 deinde
1156 541 1271 614 fames
1308 565 1396 617 esse
1419 565 1496 616 coe·-

248 654 316 752 pit3
345 662 382 725 et
408 651 468 749 qui
494 652 531 724 in
557 651 647 726 urbe
674 662 777 725 erant
803 662 866 726 aut
891 650 1187 725 reconciliandam
1214 678 1302 725 cum
1321 652 1479 727 Perdicca

248 763 416 863 gratiam,
449 771 512 835 aut
545 763 652 835 armis
685 760 894 835 certandum
925 786 1004 837 esse
1036 762 1239 836 censebant
1304 763 1422 838 Forte
1444 767 1509 838 is-
1556 829 1557 858 Ξ

249 871 441 963 acciderat,
469 882 509 947 ut
534 873 593 972 qui
618 874 655 946 in
682 873 776 970 agris
803 886 920 965 erant,
946 875 1213 972 populationem
1240 877 1422 950 villarum
1446 879 1483 947 ri·
1556 917 1557 946 ;

248 1009 441 1081 corumque
460 985 575 1075 veriti,
601 984 834 1082 confugerent
858 986 896 1057 in
920 984 1056 1075 urbem,
1083 985 1263 1083 oppidani,
1291 1012 1384 1060 cum
1403 988 1485 1086 ipsos
1556 991 1557 1084 l

250 1097 418 1169 alimenta
444 1095 652 1186 deficerent,
679 1094 768 1168 urbe
794 1094 1025 1186 excederent,
1053 1104 1090 1169 et
1115 1097 1257 1193 utrique
1283 1100 1420 1195 generi
1447 1111 1488 1170 tn
1556 1113 1557 1160 ὲ

251 1208 322 1281 tior
347 1208 463 1281 aliena
489 1205 608 1298 sedes,
636 1229 742 1303 quam
769 1231 849 1297 sua,
875 1206 1068 1280 videretur.

202 1321 248 1392 27
356 1314 518 1406 Quorum
545 1316 869 1391 consternationem
894 1315 1108 1392 Macedones
1135 1317 1256 1410 veriti,
1291 1318 1334 1392 in
1362 1321 1490 1418 regiam
1509 1342 1542 1459 ι,

251 1437 398 1519 coe‘unt,
434 1452 594 1525 quaeque
619 1427 779 1527 ipsorum
804 1430 981 1502 sententia
1007 1440 1116 1521 esset,
1157 1443 1365 1528 exponunt
1421 1430 1491 1503 Pla·
1532 1486 1541 1509 .

252 1539 356 1613 cebet
381 1551 502 1612 autern
527 1540 666 1637 legatos
699 1539 746 1613 ad
773 1540 909 1637 equites
935 1541 1029 1613 mitti
1055 1538 1283 1614 definienda
1311 1542 1492 1618 discordia

251 1651 429 1747 armisque
454 1647 638 1749 ponendis.
689 1648 804 1748 Igitur
830 1675 852 1722 a
876 1675 961 1748 rege
987 1651 1127 1748 legatur
1144 1650 1255 1724 Pasas
1284 1652 1518 1740 Thessalus:
1556 1655 1557 1720 ἐ

223 1809 228 1820 -
253 1772 291 1835 et
315 1761 479 1835 Amissus
498 1759 830 1859 Megalopolitanus,
857 1771 893 1834 et
918 1761 1094 1836 Perilaus:
1123 1763 1183 1860 qui
1209 1787 1293 1835 cum
1318 1765 1493 1840 mandata

251 1873 345 1972 regis
379 1871 588 1961 edidissent,
623 1896 696 1943 non
728 1872 831 1944 aliter
855 1873 1034 1970 posituros
1067 1897 1167 1946 arma
1193 1873 1354 1970 equites,
1391 1901 1495 1974 quam

251 1986 281 2058 si
313 2007 379 2058 rex
417 1982 614 2058 discordiae
656 1993 819 2056 auctores
858 1981 1071 2074 dedidisset,
1110 1985 1225 2057 tulere
1265 2009 1495 2084 responsum

250 2094 316 2169 His
343 2095 554 2170 renuntiatis
581 2119 647 2167 sua
678 2105 806 2192 sponte
831 2119 931 2167 arma
955 2095 1085 2169 milites
1116 2095 1270 2193 capiunt
1327 2093 1527 2184 Quomms

252 2208 408 2280 tumultu
444 2205 589 2302 eregia
613 2203 798 2303 Philippus
833 2207 988 2296 excitata,
1019 2205 1132 2298 Nitit,
1163 2205 1297 2302 inquit,
1333 2209 1495 2282 adum

252 2330 300 2391 est
332 2342 425 2414 opus.
479 2315 575 2391 Nam
610 2316 694 2390 inter
724 2339 759 2389 se
790 2317 983 2390 certamiom
1011 2316 1169 2416 proemio
1213 2316 1274 2416 qai
1309 2319 1497 2416 qam

253 2428 464 2524 occupabant.
518 2423 631 2502 Simul
660 2440 846 2501 monentotc
876 2453 948 2502 rem
981 2452 1051 2503 ease
1084 2453 1159 2501 com
1193 2427 1337 2518 amem,
1377 2429 1496 2529 qrnbm
1510 2445 1529 2491 Υ

251 2533 344 2636 epam
373 2537 503 2635 gratioe
548 2535 609 2609 ct'to
646 2537 842 2636 obrumpere
885 2537 933 2612 od
962 2539 1080 2612 bellam
1111 2536 1205 2612 onte
1234 2540 1496 2636 propa-antiton

250 2659 306 2722 cst.
347 2647 466 2722 Adero
491 2647 647 2748 Icpotimc
673 2673 719 2721 aa
743 2649 893 2749 mdrpom'
912 2650 1050 2748 possim,
1075 2651 1307 2754 ceperianum
1336 2663 1372 2723 et
1388 2650 1495 2740 medo,
1510 2667 1528 2711 2r

250 2757 400 2835 nondam
433 2759 522 2860 repis
554 2783 690 2858 corpore
719 2761 859 2858 sepulto,
890 2761 938 2834 ad
955 2762 1165 2859 proestoodo
1193 2752 1228 2833 a·
1257 2764 1350 2835 treta
1386 2787 1497 2836 oneres

252 2896 320 2946 esse
346 2870 497 2946 coituros.
539 2867 638 2954 Quod
662 2871 710 2944 od
725 2895 777 2944 mc
802 2871 922 2964 actim,
947 2872 1085 2946 reddere
1111 2873 1169 2946 ltoc
1194 2872 1384 2970 imperium
1402 2873 1496 2956 mat,
1510 2885 1528 2932 1³

253 3009 355 3082 quom
388 3006 536 3056 camede
570 2982 693 3057 civium
718 2983 898 3082 torquium
940 2997 970 3057 at
1002 2982 1035 3056 at'
1066 2982 1159 3056 noto
1192 2981 1261 3054 otia
1296 2984 1496 3059 concordias

250 3106 415 3193 spereat,
442 3117 499 3168 oro
525 3117 726 3193 quaesoque,
758 3093 863 3194 stipite
881 3095 1056 3193 potiorem.
1109 3089 1256 3166 Obortis
1284 3091 1427 3168 deinde
1452 3095 1495 3166 la·
1508 3109 1528 3156 t*

250 3204 384 3293 crimis,
421 3200 585 3277 diadema
610 3202 768 3278 detrahit
792 3204 915 3302 capiti,
948 3201 1128 3293 dextram,
1165 3227 1235 3299 qua
1266 3201 1305 3274 id
1332 3205 1496 3292 tenebat,

250 3388 307 3425 own
324 3370 469 3435 Perdicca,
486 3368 533 3422 sed
553 3375 644 3423 nostro
663 3369 757 3424 ordine
774 3369 852 3424 codd.
887 3371 995 3424 Amisus
1020 3369 1093 3424 Flor.
1110 3369 1138 3423 H
1163 3369 1244 3422 Bam.
1267 3369 1302 3422 Β.
1347 3370 1449 3426 Panos
1473 3379 1497 3424 et

250 3454 340 3494 omnen
357 3443 386 3489 et
403 3435 466 3488 edit.
484 3435 618 3490 Modiana.
887 3439 1009 3492 Αηιίεεω
1035 3438 1152 3492 virorum
1176 3436 1281 3491 nomina
1310 3435 1418 3508 ignoro
1440 3457 1499 3493 nnn

285 3511 310 3572 s.
330 3511 370 3558 13.
413 3504 477 3555 urbe
500 3507 663 3572 excederent,
691 3513 715 3558 et
740 3505 852 3576 utrique]
887 3505 950 3559 alibi
968 3505 1103 3576 legantur,
1127 3505 1154 3559 ni
1172 3505 1259 3560 Pasas
1276 3504 1312 3559 ait
1329 3508 1440 3573 Πάσης
1457 3519 1499 3560 aut

249 3571 370 3626 Verbum
379 3573 528 3624 excederent
541 3571 568 3624 in
581 3571 758 3644 masquidem
770 3589 853 3643 quan-
887 3579 1006 3630 Πασέαε.
1023 3573 1114 3628 Iunius
1131 3573 1207 3628 dedit
1224 3575 1349 3627 Aedem
1377 3576 1416 3629 de
1440 3595 1498 3631 con·

251 3649 308 3696 tum
324 3638 445 3710 intelligo
459 3639 579 3693 omnibus
592 3642 674 3706 deest,
694 3640 740 3694 sed
757 3639 785 3694 in
797 3641 853 3695 edi-
887 3641 995 3709 iectura,
1014 3643 1118 3713 opinor,
1136 3659 1214 3714 quem
1222 3641 1332 3696 Medius
1350 3651 1384 3697 et
1402 3645 1498 3716 reliqui

250 3709 285 3763 tis
303 3708 518 3781 iamaprincipe
532 3717 674 3782 comparat.
692 3709 746 3764 Sed
760 3727 852 3780 quam-
886 3710 968 3765 secuti
994 3719 1065 3765 sunt.
1108 3711 1350 3780 Meqolopolitanus
1381 3713 1410 3766 la
1430 3714 1448 3766 l.
1475 3714 1499 3766 in

248 3777 289 3830 vis
306 3777 341 3830 sit
357 3778 391 3830 ab
409 3777 511 3832 editore
525 3778 662 3845 adiectum,
679 3779 852 3833 necessarium
886 3779 1061 3834 deterioribus
1077 3797 1138 3833 msa.
1156 3787 1210 3846 eat,
1228 3779 1274 3831 aad
1291 3778 1498 3850 Meyolr'poliro

250 3861 307 3899 esse
324 3861 401 3899 nemo
419 3865 474 3900 non
491 3846 573 3901 videt.
609 3845 733 3902 Ceterum
750 3849 811 3901 urbi
828 3858 852 3902 et
886 3865 946 3914 nus,
965 3849 1036 3918 quod
1053 3849 1139 3902 estin
1155 3847 1231 3900 Laid.
1248 3847 1326 3902 Voss
1343 3854 1399 3902 Η
1419 3850 1499 3903 Bam.

249 3915 289 3968 ati
306 3913 518 3968 castoreum
526 3915 583 3970 Pal.
595 3923 606 3970 1
618 3915 851 3971 Bern.BVoss.2.
886 3917 912 3970 A
929 3915 1000 3970 Flor.
1014 3915 1103 3972 ABCI
1119 3915 1184 3970 ferri
1201 3915 1299 3986 nequit,
1318 3914 1347 3968 ni
1365 3917 1499 3972 amentur

285 3932 351 4052 dap.
369 3989 417 4048 27,
445 3985 468 4050 ξ.
487 3989 527 4037 14.
562 3987 713 4054 adequitat
737 3987 803 4038 mitti
820 3987 852 4039 dc
887 3985 1139 4055 Meyolepolt'tanus,
1156 3984 1217 4038 vide
1234 3983 1268 4036 ad
1284 3997 1327 4049 Vt,
1345 3988 1374 4050 3,
1395 3993 1441 4040 20.

239 4051 376 4122 finiendo]
413 4048 546 4106 storeae
563 4053 664 4107 editum
677 4061 727 4120 ast,
745 4061 774 4106 at
791 4071 851 4107 mss.
921 4057 946 4120 ς.
966 4060 1005 4108 16.
1040 4071 1116 4107 nmo
1138 4054 1242 4120 milites]
1283 4049 1382 4106 Altero
1406 4054 1499 4126 vulga·

249 4119 353 4173 variant
370 4129 394 4171 ct
420 4122 515 4187 acates
537 4123 604 4174 mitti
630 4131 654 4175 et
679 4126 711 4176 de
727 4123 853 4190 finiendo
886 4128 974 4176 torum
1003 4121 1131 4176 librorum
1164 4118 1257 4175 ordine
1287 4121 1387 4174 ruditas
1424 4141 1498 4176 mana

250 4187 357 4269 optimi,
378 4185 450 4240 Flor.
468 4185 519 4240 CG
536 4197 560 4241 et
578 4207 591 4242 e
608 4229 615 4245 .
633 4191 700 4244 mitti
712 4207 764 4311 ἔνο
782 4191 852 4258 diffi-
886 4190 961 4261 pauci
983 4191 1060 4245 codd.
1084 4189 1155 4244 Flor.
1173 4187 1248 4242 DGI.
1286 4186 1357 4241 Post
1384 4207 1404 4244 α
1426 4194 1499 4262 νῳὶιι

250 4258 361 4323 arendo,
392 4253 463 4308 Flor.
482 4253 556 4309 Dar
616 4257 695 4311 Bern.
759 4249 850 4312 Pal.1
886 4275 936 4328 pro
954 4275 967 4311 c
983 4261 1058 4330 rapio
1076 4257 1155 4312 Bern.
1172 4257 1197 4310 A
1214 4255 1363 4310 Floram
1383 4257 1498 4315 Vooetl.

250 4327 288 4380 ad
305 4341 343 4396 eq.
360 4324 429 4377 mitti
441 4340 494 4392 pro
512 4325 677 4446 dispicienda.
887 4335 925 4380 est
942 4330 1013 4398 regie
1030 4327 1101 4382 Flor.
1118 4325 1173 4380 CF.

285 4399 307 4461 ς.
336 4395 376 4448 rt.
417 4392 440 4444 le
459 4401 519 4446 atur
569 4411 632 4448 asoa
658 4424 693 4435 -
719 4395 852 4466 Amicam]
939 4403 1006 4451 .20.
1041 4395 1171 4466 dextram]
1190 4395 1324 4448 dextetera
1343 4395 1432 4452 Bam.
1450 4397 1498 4452 ΑΒ

250 4463 386 4534 Lepontar
416 4409 488 4516 Flos.
512 4461 558 4518 01⁴*
564 4501 573 4532 ,
603 4461 692 4519 Pctus
717 4463 797 4520 Bam.
818 4463 852 4532 B,
893 4463 974 4522 For.
992 4463 1105 4536 omn,
1125 4467 1234 4520 dextera
1252 4461 1302 4519 lor.
1320 4462 1357 4519 Ε.
