3270 5290
548 370 598 422 na
625 369 754 422 orsrrs
779 368 889 420 mcx.
915 369 952 440 v,
979 365 1005 419 s.
1328 351 1403 424 177

154 551 267 624 imum
292 550 446 648 gradum
471 577 545 626 non
571 553 830 653 contingerent,
855 577 950 626 unus
964 577 1011 626 ex
1024 553 1131 651 regiis
1157 553 1279 650 pueris
1304 577 1404 629 meu·

98 683 138 730 14
156 687 235 736 sam
261 661 421 736 subdidit
446 663 609 762 pedibus.
661 663 819 740 Etcum
851 663 1067 762 spadonem,
1104 664 1165 762 qui
1190 661 1301 739 Darei
1327 668 1401 741 fue·

156 784 224 864 rat,
250 773 543 871 ingemiscentem
569 777 819 874 conspexisset
845 801 922 865 ren,
950 800 1096 848 causam
1121 777 1322 849 maestitiae
1348 802 1402 851 re·

155 882 311 982 quisivit
363 882 427 958 llle
461 884 611 977 indicat,
645 886 805 961 Dareum
838 886 936 960 vesci
962 886 999 958 in
1027 911 1070 959 ea
1095 885 1258 978 solitum,
1292 913 1402 987 seque

156 1019 295 1068 sacram
321 995 397 1066 eius
423 1021 584 1069 mensam
610 997 658 1072 ad
683 999 876 1072 ludibrium
900 995 1120 1070 recidentem
1145 997 1222 1069 sine
1247 999 1401 1072 lacrimis

102 1125 139 1174 15
157 1106 363 1205 conspicere
388 1133 463 1181 non
489 1087 623 1205 posses
661 1105 780 1182 Subiit
813 1133 899 1208 ergo
935 1131 1058 1205 regem
1084 1105 1302 1182 verecundia
1327 1104 1402 1176 vio·

156 1216 255 1290 laudi
279 1217 477 1314 hospitales
505 1218 602 1293 deos.
654 1217 802 1315 Iamque
829 1219 981 1294 subduci
1013 1218 1178 1309 iubebat,
1211 1243 1293 1292 cum
1318 1214 1401 1288 Phi·

156 1327 269 1400 lotas:
294 1328 439 1402 Minincc
463 1354 540 1404 aero
565 1330 645 1404 haec
660 1331 796 1431 scocris,
821 1357 891 1423 rac,
916 1329 977 1404 scd
1002 1353 1097 1402 omen
1123 1353 1250 1428 quoquc
1275 1326 1398 1424 ocnpc,

155 1465 322 1532 manans,
356 1466 398 1514 ca
429 1465 497 1540 qcta
531 1441 645 1517 lebavit
674 1442 775 1517 bostis
809 1441 942 1540 epulas,
976 1439 1042 1514 tuis
1061 1441 1207 1539 pedibus
1233 1464 1303 1514 csse
1328 1438 1401 1513 sub·
1457 1497 1462 1503 .

156 1551 283 1624 ccccm.

103 1681 138 1729 rc
260 1659 350 1753 Rerr,
377 1660 533 1736 Persidis
560 1662 668 1736 finem
695 1663 869 1752 aditurus,
896 1657 990 1734 Susa
1015 1661 1142 1735 urbem
1168 1660 1346 1734 Archelao
1365 1665 1402 1732 et
1430 1659 1451 1730 9
1531 1703 1536 1714 ·

156 1772 374 1870 praesidium
400 1795 442 1845 111
467 1775 604 1847 milium
630 1772 798 1847 tradidit:
841 1772 1045 1871 Xenophilo
1073 1772 1163 1845 arcis
1191 1797 1277 1843 cura
1302 1794 1400 1842 man·

157 1883 243 1957 data
261 1894 349 1974 est,
384 1883 623 1958 Macedonum
649 1895 768 1959 aetate
793 1883 966 1982 gravibus
994 1881 1198 1982 praesidere
1224 1881 1314 1954 arcis
1343 1904 1401 1950 cu·

103 2015 138 2061 rr
158 1993 298 2067 stodiae
331 1995 455 2067 iussis:
488 1995 740 2068 thesaurorum
767 1993 948 2068 Callicrati
980 1995 1095 2096 tutela
1119 1993 1315 2090 permissa:
1348 2013 1403 2062 sa-

156 2117 283 2203 trapea
313 2105 469 2204 regionis
496 2103 669 2180 Susianae
700 2107 868 2180 restituta
901 2105 1081 2178 Abulitae.
1133 2101 1288 2176 Matrem
1315 2126 1401 2198 quo-

104 2235 139 2284 18
159 2241 227 2314 que
259 2214 368 2288 Darei
402 2226 439 2288 et
477 2216 610 2289 liberos
642 2217 680 2288 in
714 2215 841 2290 eadem
881 2218 969 2291 urbe
1002 2215 1159 2315 deponit.
1220 2212 1276 2286 Ac
1307 2212 1400 2285 forte

155 2325 406 2400 Macedonicas
434 2338 571 2418 vestes,
603 2328 825 2424 multamque
850 2353 1063 2427 purpuram,
1089 2324 1185 2398 dono
1213 2350 1260 2397 ex
1285 2321 1401 2395 Mace·

158 2437 267 2510 donia
293 2438 360 2510 sibi
386 2425 548 2530 missam,
576 2465 657 2513 cum
684 2440 756 2530 his,
791 2463 882 2536 quae
909 2438 1151 2526 confecerant,
1183 2435 1279 2508 tradi
1305 2431 1402 2534 Sisy·

157 2548 278 2646 gambi
313 2549 430 2624 iubet:
481 2551 578 2622 omni
613 2575 768 2648 namque
794 2551 939 2648 bonore
975 2573 1055 2622 eam
1090 2554 1127 2618 et
1161 2544 1224 2617 filii
1259 2570 1402 2646 quoque

105 2679 139 2728 19
158 2660 292 2758 pietate
318 2660 619 2758 prosequebatur:
646 2660 902 2759 admonerique
927 2659 1040 2749 iussit,
1067 2667 1109 2730 ut
1135 2655 1166 2727 si
1192 2655 1291 2728 cordi
1318 2681 1403 2752 quo·

160 2796 229 2867 que
263 2771 376 2844 vestis
410 2782 522 2862 esset,
558 2772 732 2845 conficere
767 2797 846 2844 earn
877 2782 1004 2869 neptes
1039 2792 1123 2840 suas
1151 2768 1401 2856 assuefaceret,

159 2880 327 2978 donoque
341 2906 380 2954 se
394 2880 540 2956 doceret
566 2882 662 2956 dare.
701 2880 762 2953 Ad
788 2881 881 2953 hanc
907 2903 1034 2953 vocem
1059 2877 1226 2949 lacrimae
1253 2876 1402 2947 obortae

195 3098 265 3220 Cap5
279 3106 303 3167 9,
323 3103 348 3167 s.
367 3105 407 3153 1t.
442 3099 565 3171 Persidis
573 3098 658 3165 finem
676 3099 763 3177 nclitu-
797 3099 874 3150 iussi.
909 3095 993 3177 Iidem
1014 3103 1109 3166 postas
1129 3093 1245 3173 repleris
1265 3092 1403 3172 ‘Staienos

159 3169 219 3238 rus]
266 3177 402 3221 urumest
419 3167 551 3222 codicibus
567 3185 628 3220 mss.
643 3167 764 3219 omnibus
797 3174 827 3219 et
849 3167 973 3246 Abulites
1002 3181 1050 3254 'ro'
1069 3163 1140 3233 vulg.
1169 3177 1284 3231 reptante
1298 3161 1404 3238 ¹Sarrae

160 3236 765 3372 tarsenses,
798 3235 1405 3368 straete

160 3371 204 3424 ille
221 3373 269 3426 hac
286 3372 476 3441 significatione
493 3372 576 3426 rideri
594 3373 676 3426 debet
690 3389 765 3441 pror·
799 3380 982 3442 patronymica
1010 3378 1057 3424 aut
1086 3368 1152 3422 taba
1174 3382 1295 3431 nomme,
1325 3363 1405 3484 quale

162 3458 205 3493 sus
222 3440 362 3508 insolitus3
379 3440 507 3494 Horatius
526 3441 596 3494 enim
617 3439 645 3494 in
667 3457 766 3494 sermo-
801 3447 842 3493 est
862 3440 1006 3504 Thersites,
1031 3437 1174 3492 secundum
1197 3434 1307 3507 primam
1343 3431 1405 3485 ecb-

160 3510 238 3562 nibus
262 3527 315 3563 non
339 3508 453 3562 multum
479 3526 496 3562 a
518 3509 622 3580 vulgari
647 3524 767 3562 sermons
801 3507 935 3561 nationem
953 3507 1058 3561 videtur
1075 3507 1207 3559 formasse.

161 3577 365 3631 abhorrentibus
382 3593 414 3644 11,
435 3585 466 3645 1,
482 3583 515 3632 35
540 3579 687 3633 Venusinus
706 3587 767 3631 arnt
837 3580 862 3642 §-
884 3577 932 3630 ra·
960 3577 1088 3642 smaltis,
1107 3590 1172 3644 qnae
1190 3580 1354 3644 confecerant
1370 3601 1406 3614 ·-

151 3647 238 3713 finem
255 3647 302 3698 aab
320 3657 454 3716 unumque
472 3649 625 3714 calonnam
636 3647 706 3717 apud
723 3644 767 3699 Li·
802 3647 881 3712 iubet]
917 3643 1008 3714 Vulgo
1026 3661 1092 3714 quoe
1110 3659 1167 3696 eam
1185 3645 1252 3712 cons.
1270 3649 1299 3694 et
1317 3641 1404 3708 iussit,

162 3712 236 3766 vium
252 3713 376 3782 frequens
393 3722 451 3780 aet,
480 3715 526 3784 qui
543 3715 650 3785 scripsit
668 3729 713 3781 rx,
742 3721 766 3780 6,
802 3714 848 3766 sed
866 3731 922 3765 eom
941 3729 1031 3767 omnes
1048 3711 1108 3765 hbn'
1127 3709 1210 3764 nostri
1228 3711 1361 3779 ignorant,
1377 3715 1406 3760 et

165 3787 199 3834 10
216 3790 244 3834 ut
257 3783 450 3850 proficiscentes
465 3785 592 3850 adfinem
604 3783 767 3852 Campanum
801 3781 894 3834 eadem
912 3780 1060 3834 constantia
1084 3789 1189 3847 tempus
1212 3795 1338 3848 praesens
1355 3793 1405 3846 pro

156 3859 391 3920 prosequerentur,
409 3866 542 3918 xxxvm,
563 3858 594 3905 15
614 3854 675 3922 quia
693 3853 767 3904 nullo
822 3849 948 3902 raeterito
966 3855 1083 3902 tuentur.
1110 3847 1164 3899 Sed
1201 3849 1407 3916 reconfecercnt

163 3919 259 3987 leporio
276 3919 406 3985 adfinem
419 3929 528 3988 praesto
536 3922 641 3989 socrat,
656 3937 768 3990 quorum
802 3867 912 3972 Moss2
936 3917 1007 3970 Flor.
1032 3914 1156 3970 GDEFG
1220 3913 1300 3968 Bcrn.
1318 3914 1342 3966 B
1359 3915 1407 3982 se·

164 3987 280 4040 locorum
302 3989 337 4040 ad
359 3997 502 4058 utrumque
530 3987 667 4058 complura
689 3987 768 4040 colle-
803 3995 893 4040 cerunt
911 3984 1004 4052 (Pell
1025 4001 1091 4054 qaae
1109 4002 1165 4036 eom
1180 3985 1321 4062 fecerant),
1340 3998 1406 4061 quo-

163 4063 262 4123 gcrunt
279 4055 377 4109 eruditi
393 4055 560 4127 interpretes.
802 4073 861 4109 rum
887 4052 1013 4107 librorum
1038 4051 1183 4106 auctoritas
1200 4052 1245 4103 ubr
1264 4058 1407 4121 oppomtnr

200 4125 271 4177 Susa
294 4126 393 4192 arban]
434 4125 544 4179 Annoto
570 4139 660 4177 omnes
687 4122 768 4177 libros
801 4123 909 4193 iisquos
927 4121 1081 4176 litterisAB
1100 4119 1292 4190 designavimus
1310 4118 1407 4188 erigus

163 4207 235 4246 meos
253 4201 282 4246 et
299 4193 359 4245 add.
376 4199 444 4246 vett.
461 4201 523 4247 ante
540 4192 661 4248 Modium
671 4193 768 4246 Sumam
802 4199 852 4245 est

163 4262 253 4314 arban
270 4261 376 4315 habere
838 4265 863 4327 s.
882 4266 923 4316 19.
958 4261 1073 4328 donoque
1090 4276 1118 4312 sc
1136 4261 1237 4312 doceret
1255 4259 1329 4323 dare]
1354 4253 1407 4306 Mi·

198 4339 283 4382 oetnte
298 4330 425 4400 pronitus
441 4361 477 4371 -
495 4332 586 4399 iussis]
618 4329 663 4384 Sic
679 4345 769 4383 omncs
803 4347 862 4383 rum
889 4346 937 4382 cur
963 4327 1122 4381 recentiores
1148 4325 1263 4379 editores
1294 4331 1323 4376 et
1350 4337 1407 4400 lpse

164 4397 257 4465 codd,
284 4398 418 4468 scriptoris
441 4399 524 4452 nostri
548 4416 647 4453 morem
665 4397 769 4452 dicendi
804 4397 910 4450 Medius
933 4397 966 4450 ab
988 4396 1038 4450 hac
1054 4403 1145 4449 vetere
1162 4393 1275 4447 lectione
1293 4397 1407 4443 aucton-

165 4464 194 4518 in
214 4481 246 4518 aa
267 4483 297 4520 re
325 4475 468 4522 servantes.
503 4467 593 4538 Vulgo
617 4485 712 4538 proves
734 4499 770 4509 —
804 4473 862 4520 tate
879 4465 998 4520 codicum
1015 4464 1119 4518 linnsts
1137 4461 1250 4517 abierint
1267 4468 1296 4514 at
1310 4474 1409 4529 prono·

1185 4552 1217 4600 12
