3214 5288
209 363 213 370 '
244 355 291 428 38
378 344 381 354 ‘
715 371 749 436 Q·
778 371 903 426 suarii
927 373 1013 424 auri

241 560 472 660 gnacissiinas
516 557 701 630 locaverat
739 564 880 653 gentes.
949 553 1073 654 Ipsum
1115 579 1238 654 regem
1280 557 1318 630 in
1354 555 1522 632 eudemi
1601 651 1602 656 Ἰ

242 697 354 745 cornu
379 668 630 742 dimicaturum
655 665 726 738 tria
751 666 849 738 inilia
882 663 1102 739 delectorum
1129 667 1304 764 equitum,
1336 680 1486 742 assueta

241 780 400 879 corporis
431 777 610 869 custodia,
643 786 682 850 et
715 774 891 874 pedestris
923 777 1017 850 acies
1044 775 1283 875 quadraginta
1306 778 1404 852 inilia
1428 803 1484 854 se

196 925 201 952 .
240 893 452 990 quebantur.
504 887 665 988 Hyrcani
699 885 829 961 deinde
859 883 1027 984 Medique
1058 887 1212 985 equites:
1245 887 1301 962 his
1326 890 1521 987 proximis

238 1010 438 1076 ceterarum
471 999 648 1098 gentium,
682 999 779 1072 ultra
820 1021 887 1072 eos
921 996 1052 1072 dextm
1091 999 1266 1095 laevaque
1307 998 1483 1098 dispositi.

239 1111 320 1187 Hoc
346 1135 484 1210 agmen,
511 1109 603 1184 sicut
628 1108 764 1183 dictum
791 1119 856 1200 est,
881 1108 1097 1182 instructum
1104 1164 1113 1201 ,
1139 1133 1206 1184 sex
1230 1109 1327 1182 milia
1351 1109 1483 1184 iacula

241 1234 362 1299 torum
393 1219 685 1318 funditorumque
719 1217 991 1294 antecedebant
1044 1215 1222 1317 Quicquid
1251 1218 1289 1292 in
1318 1220 1387 1294 illis
1414 1245 1517 1306 ane

240 1332 368 1432 gustiis
402 1329 494 1406 adiri
524 1341 686 1430 poterat,
721 1331 959 1429 impleverant
989 1331 1129 1428 copiae,
1161 1355 1366 1428 cornuaque
1397 1331 1484 1405 hinc
1601 1381 1602 1428 3

240 1445 286 1517 ab
313 1444 417 1541 iugo,
449 1443 547 1515 illinc
572 1467 596 1515 a
619 1443 710 1516 mari
742 1442 906 1533 stabant,
941 1465 1094 1515 uxorem
1128 1451 1351 1538 matremque
1384 1443 1484 1540 regis

241 1563 279 1628 et
304 1553 413 1644 alium
437 1552 651 1627 feminarum
676 1577 823 1653 gregem
847 1553 886 1626 in
919 1550 1078 1625 medium
1103 1575 1233 1650 agmen
1258 1562 1482 1650 acceperant

191 1675 241 1748 24
343 1663 553 1738 Alexander
577 1664 808 1764 phalangem,
840 1687 912 1760 qua
940 1662 1029 1736 nihil
1055 1662 1153 1762 apud
1177 1660 1394 1736 Macedonas
1418 1687 1516 1743 var

240 1774 346 1849 lidius
381 1785 475 1866 erat,
513 1775 551 1848 in
576 1777 695 1848 fronte
728 1774 921 1848 constituit
972 1771 1153 1848 Dextrum
1178 1797 1291 1848 cornu
1315 1771 1482 1865 Nicanor,
1601 1797 1602 1800 ’

240 1883 486 1960 Parmenionis
512 1885 617 1975 filius,
642 1885 831 1960 tuebatur:
865 1885 949 1958 hnic
973 1885 1129 1983 proximi
1155 1884 1302 1958 stabant
1327 1881 1482 1974 Coenos

241 2007 278 2070 et
303 1994 502 2087 Perdiccas,
529 2006 567 2070 et
591 1994 780 2095 Meleager,
807 2005 845 2069 et
870 1992 1109 2086 Ptolemaeus,
1135 2005 1174 2068 et
1198 1993 1397 2095 Amyntas,
1424 1995 1483 2068 sui

241 2105 391 2202 quisque
422 2107 573 2203 agminis
607 2105 727 2182 duces.
778 2105 821 2180 In
845 2106 967 2196 laevo,
1000 2104 1099 2203 quod
1124 2102 1173 2177 ad
1197 2129 1296 2178 mare
1321 2105 1511 2202 pertine-8

276 2339 300 2405 ξ.
319 2343 344 2391 4.
376 2339 405 2390 in
423 2339 510 2391 eodem
528 2342 619 2407 canc]
655 2342 694 2394 Ae
715 2339 844 2394 Arrianus
879 2346 987 2406 extant,
1013 2338 1084 2392 Aldo
1101 2345 1211 2393 auctore
1228 2337 1348 2410 plerique
1366 2337 1483 2394 editores

241 2410 301 2472 11,8
319 2413 348 2486 qt
366 2404 541 2485 Callisthenes
559 2407 630 2477 apud
646 2408 741 2486 Polyb.
750 2414 844 2488 x11218
879 2407 1037 2461 omiserunt:
1052 2425 1113 2486 ,non
1131 2415 1220 2474 recte,
1239 2407 1383 2486 difficultas
1400 2406 1481 2476 enim,

242 2489 303 2526 euin
327 2491 357 2526 m
372 2475 460 2526 media
477 2489 535 2527 acie
551 2489 623 2528 more
649 2483 738 2546 patrio
765 2475 844 2529 fuisse
879 2491 948 2546 quae
973 2473 1042 2528 inest
1067 2493 1096 2528 in
1113 2475 1172 2528 loco
1199 2475 1352 2529 emittendis
1377 2474 1408 2528 iis
1426 2493 1482 2530 non

243 2540 345 2596 dicunt.
386 2540 519 2594 Nimirum
543 2543 589 2596 ubi
615 2543 845 2624 coniungebantur
878 2542 988 2596 tollitur.
1024 2544 1074 2596 Est
1091 2542 1162 2596 enim
1183 2542 1211 2596 in
1229 2560 1261 2598 eo
1278 2544 1380 2614 posita,
1408 2545 1482 2614 quod

243 2610 368 2689 dextrum
385 2616 414 2663 et
427 2609 565 2690 'sinistrum
592 2626 692 2680 cornu,
719 2629 748 2666 in
775 2628 844 2682 quae
878 2609 994 2692 scriptor
1002 2611 1141 2692 Hyrcanos
1149 2611 1296 2692 Medosque
1310 2611 1404 2665 deinde
1418 2619 1483 2682 post

242 2683 303 2730 tota
320 2693 390 2731 acies
407 2678 581 2732 dimdcbatur.
878 2679 981 2760 pedites
1009 2687 1158 2734 constitisse
1184 2679 1267 2748 dicit,
1304 2695 1365 2734 cum
1390 2688 1482 2734 tamen

277 2755 384 2800 assueto
402 2748 517 2816 corporis
536 2749 665 2815 marocia]
689 2745 734 2802 sio
751 2747 845 2819 scripsi
878 2747 1097 2801 mtcriectaesset
1114 2755 1262 2802 ceterarum
1279 2747 1400 2818 gentium
1414 2765 1482 2828 pars

244 2813 433 2867 auctoritatem
452 2813 528 2868 codd.
546 2831 665 2869 meorum
682 2815 799 2869 omnium
815 2824 845 2872 et
879 2817 1007 2886 equitum.
1043 2815 1098 2870 Sed
1118 2815 1196 2868 facile
1218 2815 1435 2870 animadverteris
1451 2817 1482 2870 iii

243 2882 307 2936 olim
330 2881 487 2962 collatorum
509 2881 604 2964 optimi
626 2883 753 2964 cuiusque
771 2899 845 2964 qecu-
879 2883 931 2938 hae
955 2883 1012 2936 acie
1038 2882 1399 2965 describendasingularum
1415 2899 1483 3005 qen·

243 2958 295 3005 tus.
312 2950 425 3005 Aldinus
442 2953 529 3006 editor
547 2969 592 3023 qiu
607 2969 709 3033 primus
727 2953 846 3006 daumio
879 2959 946 3006 tium
963 2969 1016 3006 non
1033 2969 1163 3006 nominari
1179 2970 1229 3006 nisi
1241 2969 1406 3022 praecipuas.
1438 2961 1482 3006 ta·

243 3021 377 3073 custodiae
394 3019 497 3073 invexit
514 3023 588 3086 (nam
605 3037 634 3074 m
651 3021 692 3074 cd.
701 3037 742 3091 pr.
761 3031 845 3074 cuato-
881 3035 933 3091 que
955 3021 996 3074 tis
1008 3021 1128 3090 proximi
1150 3019 1189 3074 sic
1206 3020 1400 3090 interpretandi
1417 3027 1482 3074 sunt

243 3088 290 3141 dia
308 3088 435 3167 legitur),
453 3089 584 3143 bonorum
601 3088 776 3168 scriptorum,
800 3089 846 3144 Ci·
880 3089 956 3168 quasi
982 3106 1040 3142 cum
1065 3091 1106 3142 tis
1134 3090 1272 3142 coniuncti.
1324 3087 1483 3170 Nominavit

243 3156 845 3302 asau.ii0,2.a.ueu.⁰auiar
878 3165 971 3277 aa
986 3156 1127 3295 aaran
1144 3155 1483 3294 eluerimus

243 3295 288 3340 tur
323 3288 389 3339 eB.
408 3289 439 3340 O.
457 3303 477 3354 1,
496 3291 549 3357 44)
566 3289 635 3342 Livii
651 3291 778 3360 imprimis
797 3293 844 3359 (cf.
879 3298 976 3358 essent,
994 3293 1088 3346 deinde
1105 3292 1180 3346 addit
1197 3291 1228 3346 iis
1246 3293 1385 3352 adiunctos
1402 3292 1483 3346 fuisse

244 3354 327 3408 Gron.
353 3362 382 3407 et
407 3353 491 3408 Drak.
518 3357 553 3408 ad
578 3355 636 3437 Liv,
653 3371 738 3424 mr,
756 3363 789 3413 85
816 3368 845 3413 et
880 3367 982 3413 eeteros
1000 3360 1055 3428 sic,
1081 3369 1113 3414 ut
1130 3377 1147 3413 a
1163 3361 1259 3414 dcxuo
1276 3360 1405 3432 laevoque
1421 3359 1483 3416 illo-

242 3422 370 3501 Diik3ad
386 3437 416 3490 X,
436 3425 486 3502 ll)
504 3439 603 3478 morem
625 3425 771 3504 ignoravit,
818 3427 846 3480 ui
879 3445 938 3482 rum
955 3427 1039 3482 latere
1055 3429 1187 3482 steterint.
1601 3447 1602 3504 ξ

244 3489 390 3543 ablativum
407 3499 509 3560 pariter
523 3493 742 3573 atquetdativum
758 3444 845 3550 seriis
914 3498 937 3576 ξ.
957 3503 981 3551 t.
1024 3499 1084 3550 linc
1105 3499 1139 3550 ab
1163 3499 1235 3567 lupo]
1279 3497 1321 3552 Aa
1357 3513 1394 3577 're
1410 3514 1429 3551 a
1446 3512 1485 3552 ex

243 3561 556 3705 lttltl‘aldll?
568 3561 736 3712 ldffillt
752 3563 846 3686 dd}
879 3563 1485 3713 madaurensibus
1601 3603 1602 3616 ‘

242 3701 845 3843 dbdttdg'ttddltllttes
879 3701 1484 3839 tietast.⁹a‚t.⁰a²t.;.l²dd“²

243 3844 299 3908 sine
316 3830 397 3884 dubio
414 3831 512 3902 legitur
529 3837 647 3915 melodia
665 3836 722 3890 cius
735 3839 844 3906 assucti,
915 3836 955 3890 Ca
975 3875 981 3890 .
1000 3843 1042 3904 24,
1062 3839 1086 3904 ξ.
1105 3845 1129 3892 i.
1165 3839 1326 3907 pbalangem
1344 3855 1396 3906 qua
1414 3839 1484 3892 nee

242 3904 283 3976 uti
304 3911 345 3964 V1,
365 3906 379 3952 i
396 3909 485 3968 pentes
503 3901 612 3956 alternas
631 3905 740 3972 taiperto
758 3913 782 3958 et
798 3922 845 3960 ao·
879 3935 914 3948 --
938 3855 1114 3973 deiecerat]
1131 3905 1259 3958 Notabile
1276 3913 1352 3975 puto,
1370 3906 1399 3959 in
1412 3903 1483 3959 Sua·

242 3981 312 4044 mirae
337 3977 466 4021 mendas.
501 3968 587 4050 Miror
611 3970 693 4042 igitur
710 3971 844 4027 snakenb.
879 3973 1020 4044 kenbiirgii
1041 3972 1114 4027 libris
1131 3973 1249 4044 meisque
1265 3973 1386 4028 omnibus
1403 3989 1484 4044 prae·

233 4040 374 4113 ¹cogitasse
400 4035 434 4087 de
457 4045 640 4116 appositione,
667 4048 699 4094 ut
722 4044 845 4095 custodia
879 4049 923 4096 ter
939 4041 1011 4095 Flor.
1030 4039 1080 4096 OG
1096 4057 1154 4096 esse
1171 4059 1229 4111 qao.

243 4109 422 4182 nominativus
438 4119 514 4156 casus
531 4113 581 4171 sit,
607 4121 695 4178 neque
712 4108 782 4160 enim
800 4127 844 4161 co-
914 4119 938 4163 et
954 4109 1129 4178 Ptolemaeus]
1153 4109 1296 4164 Omittitur
1313 4119 1338 4165 et
1355 4109 1383 4166 in
1399 4110 1483 4165 Beni.

242 4171 329 4221 stadia
352 4187 379 4222 in
401 4187 467 4240 sing.
486 4189 594 4252 nurnero
615 4176 687 4254 anri-d
712 4175 843 4246 presai-ios
878 4179 906 4231 A
922 4177 1064 4233 Florae.

242 4243 365 4290 auctores
382 4255 432 4307 pro
451 4241 602 4294 custodibus
639 4251 726 4296 icitur.
912 4249 936 4316 §-
955 4253 979 4301 8.
1015 4248 1045 4299 in
1069 4247 1151 4316 lacco]
1187 4247 1277 4301 Etiam
1299 4247 1483 4302 Macedonum

262 4306 333 4384 μ.
351 4307 422 4382 cellro
440 4323 483 4360 eos
502 4309 594 4362 dextro
612 4311 735 4390 laevaque
753 4313 841 4382 dispo-
876 4314 945 4368 acies
963 4315 994 4388 in⁴
1009 4316 1132 4368 dextrum
1149 4323 1178 4370 et
1195 4316 1331 4370 sinistrum
1347 4317 1482 4370 eornudi-

242 4373 298 4438 sets]
334 4373 423 4452 Verba
440 4377 509 4428 ultra
528 4393 584 4443 eos,
631 4395 682 4431 uae
699 4397 726 4431 m
743 4380 840 4434 nosti-is
875 4383 1028 4451 videbatur3
1066 4383 1201 4465 Meleager
1218 4393 1246 4438 et
1263 4384 1431 4439 Ptolemaeus
1449 4391 1483 4438 et

243 4439 318 4493 codd.
337 4442 456 4495 omnibus
474 4449 501 4497 et
518 4443 547 4498 iii
563 4393 638 4502 Laid
654 4446 839 4520 Vossianisque
873 4451 1005 4532 Amyntas
1022 4451 1126 4522 singula
1143 4451 1241 4508 anistri
1251 4451 1483 4524 cornuspeditum
