3270 5290
234 381 309 453 220
730 401 764 463 o.
792 399 917 453 conrii
942 401 1027 452 susi

233 583 264 656 si
289 583 402 658 Besso
436 592 579 656 tantum
614 584 722 658 animi
754 585 882 659 fiiisset
913 582 960 657 ad
994 585 1188 682 proelium,
1222 590 1398 680 quantum
1429 580 1478 655 ad

231 692 460 793 parricidium
485 695 611 768 fuerat.
650 693 812 794 Namque
825 708 864 770 ct
888 720 1038 770 munero
1064 695 1208 769 barbari
1233 693 1478 792 praestabant,

231 816 269 880 et
299 806 447 880 robore:
490 805 538 879 ad
571 807 641 881 hoo
675 809 800 884 refecti
831 832 914 882 oum
948 806 1106 904 fatigatis
1138 815 1320 881 certamen
1339 804 1476 913 'inituri

232 927 344 992 erant.
397 913 471 990 Sed
495 942 629 992 nomen
653 917 864 1009 Alexandri,
891 929 928 992 et
953 918 1067 1008 fama,
1094 917 1291 992 maximum
1316 916 1354 990 in
1379 917 1475 990 bello
1496 937 1527 984 ii

230 1029 354 1125 utique
379 1040 611 1120 momentum,
637 1029 789 1129 pavidos
815 1031 853 1103 iii
878 1031 1001 1128 fiigam
1027 1029 1168 1102 avertit.

181 1139 228 1211 37
333 1139 467 1214 Bessus
493 1165 581 1215 vcro
608 1151 646 1214 et
672 1142 781 1220 ceteri
805 1141 972 1216 facinoris
999 1140 1074 1214 eius
1101 1140 1303 1238 participes,
1329 1139 1474 1214 vehicu-
1495 1157 1525 1206 1⁵

230 1251 305 1323 lum
335 1249 444 1324 Darei
477 1251 650 1343 assecuti,
685 1262 881 1351 coeperunt
916 1250 1053 1326 hortaii
1084 1275 1185 1343 euni,
1218 1247 1476 1325 conscenderet

230 1385 372 1458 equum,
398 1375 436 1434 ot
462 1385 500 1433 se
526 1361 622 1436 hosti
647 1363 733 1461 tuga
757 1364 921 1461 eriperet.
973 1361 1037 1434 Ille
1069 1360 1157 1436 deos
1183 1363 1319 1436 ultores
1346 1358 1475 1434 adesse
1495 1377 1527 1426 16

229 1481 393 1561 testatur,
421 1481 459 1544 et
484 1471 683 1546 Alexandri
709 1472 818 1548 fidem
843 1475 1038 1572 implorans
1064 1482 1183 1572 negat,
1210 1497 1249 1546 se
1275 1471 1473 1571 parricidas

228 1581 323 1656 velie
354 1583 525 1656 comitari.
578 1583 672 1657 Tum
703 1610 790 1659 vcro
825 1587 879 1658 ira
912 1608 1054 1682 quoque
1080 1584 1238 1675 accensi,
1264 1583 1339 1657 teia
1363 1583 1472 1657 conii·

229 1693 328 1767 ciunt
352 1695 390 1767 in
415 1719 548 1793 regem,
573 1694 766 1794 multisque
791 1697 996 1771 confossum
1021 1694 1230 1770 vulneribus
1256 1693 1474 1791 relinquunt.

227 1803 391 1880 Iumenta
417 1830 570 1903 quoque,
596 1832 642 1880 ne
667 1807 808 1906 longius
833 1803 1003 1906 prosequi
1028 1796 1188 1904 possent,
1201 1807 1474 1896 convulnerant,
1494 1826 1525 1872 1⁷

227 1915 368 1992 duobus
395 1917 518 2008 servis,
544 1918 605 2015 qui
630 1943 753 2018 regem
778 1917 1051 2006 comitabantur,
1078 1916 1213 1990 occisis.
1265 1913 1346 1990 Hoc
1373 1915 1473 1991 edito
1494 1934 1528 1983 18

228 2028 402 2120 facinore,
434 2039 475 2103 ut
506 2030 659 2128 vestigia
684 2031 790 2128 fugae
816 2039 1043 2128 spargerent,
1077 2025 1307 2101 Nabarzanes
1333 2025 1474 2126 Hyrca·

225 2139 332 2230 niam,
357 2138 491 2214 Bessus
515 2139 656 2231 Bactra,
670 2142 793 2238 paucis
819 2141 979 2238 equitum
1005 2139 1268 2230 comitantibus,
1281 2139 1473 2236 petebant:

226 2248 380 2340 barbari,
408 2249 559 2324 ducibus
586 2249 768 2342 destituti,
803 2277 875 2349 qua
900 2275 1077 2347 quemque
1103 2259 1168 2323 aut
1193 2273 1277 2347 spes
1304 2247 1473 2342 ducebat,

226 2370 291 2432 aut
315 2384 440 2457 pavor,
466 2358 751 2457 dissipabanturz
778 2385 805 2433 o
831 2371 972 2434 tantum
999 2359 1136 2458 equites
1163 2371 1474 2458 congregaverant

228 2495 277 2559 sc,
302 2468 428 2544 incerti
454 2468 582 2560 adhuc,
607 2471 773 2546 resistere
799 2473 924 2545 meiius
952 2481 1063 2561 esset,
1089 2496 1136 2542 aii
1149 2471 1283 2568 fugere.
1310 2469 1470 2574 Alexan·
1491 2491 1524 2540 is

228 2579 301 2671 der,
328 2579 486 2653 hostium
512 2580 750 2679 trepidatione
777 2596 977 2681 comperta,
1011 2581 1228 2655 Nicanorem
1264 2605 1348 2658 cum
1374 2585 1472 2682 equi·

225 2701 304 2764 tuin
329 2702 432 2788 parte
459 2688 507 2763 ad
531 2690 762 2765 inhibendam
797 2694 920 2791 fiigam
948 2693 1094 2769 emittit:
1129 2693 1205 2791 ipse
1232 2716 1316 2764 cum
1341 2688 1472 2763 ceteris

260 2937 282 3002 §-
303 2941 344 2987 14.
378 2935 407 2987 i'a
418 2934 517 3004 sapam
541 2935 646 3056 senff
682 2933 830 3004 Legitimos
864 2935 944 2988 ceteri
971 2951 1030 2989 cuin
1056 2935 1143 2989 editis.
1182 2935 1283 2989 Vei-um
1309 2949 1345 2988 na
1370 2931 1472 2998 fallam,

223 3011 265 3056 est
281 3003 325 3057 hic
341 3003 414 3057 verbi
431 3021 505 3066 usus,
528 3001 589 3055 vide
657 3017 705 3069 111,
724 3010 766 3068 29,
785 3010 828 3070 24,
864 3006 994 3057 corsiciani
1018 3011 1047 3057 et
1074 3006 1183 3057 iniciant
1207 3002 1285 3068 nisti,
1316 3011 1349 3056 ut
1373 2999 1471 3055 solent

222 3087 255 3128 ao
271 3072 433 3125 revocandus
451 3087 578 3125 consensu
596 3071 731 3125 meliorum
749 3071 829 3125 libro·
864 3071 948 3125 Paulo
966 3080 1026 3141 post
1047 3073 1233 3126 convulnerant
1257 3070 1336 3125 iidem
1353 3068 1392 3123 illi
1409 3067 1473 3122 iibri

222 3155 282 3192 runi
308 3139 383 3193 Leid.
401 3139 510 3195 Vosal
539 3139 621 3192 Bcrn.
638 3140 664 3191 A
689 3138 759 3194 Flor.
777 3140 827 3192 AB
863 3139 984 3194 meliores
1001 3157 1049 3211 pro
1067 3141 1294 3194 constituerentur.

223 3207 304 3260 etiam
329 3207 354 3260 G
376 3224 448 3278 apr.
470 3225 505 3259 m.
539 3206 614 3260 Editi
631 3215 737 3278 praeter
754 3207 828 3262 Mod.
898 3211 921 3276 ξ.
951 3213 990 3261 18.
1036 3210 1155 3262 resistere
1182 3209 1275 3261 melias
1301 3208 1378 3273 esset]
1425 3203 1473 3258 Sic

223 3277 358 3328 contorsit.
864 3292 954 3329 omnes
976 3276 1061 3329 nostri
1083 3282 1113 3329 ct
1130 3275 1264 3330 Soakenb.
1287 3273 1392 3329 codices
1408 3291 1472 3326 mss.

259 3363 321 3432 Gap.
341 3373 383 3432 37,
403 3369 426 3434 ς,
445 3372 485 3419 15,
521 3367 619 3420 Bm„
637 3369 707 3435 vero]
743 3367 827 3420 Addi,
862 3343 939 3397 Editi
957 3352 1064 3412 praeter
1081 3343 1156 3398 Mod.
1175 3345 1338 3396 resisterem.

222 3432 308 3486 dimus
331 3451 391 3486 cero
414 3451 447 3487 cx
473 3433 547 3487 libris
570 3435 666 3488 nostris
694 3443 723 3488 ct
745 3434 826 3489 Snak.
913 3450 921 3490 ,·
945 3419 985 3466 ¹9·
1020 3415 1119 3479 ‘mmai
1161 3411 1206 3465 55⁰
1229 3411 1303 3466 M0d·
1333 3410 1417 3492 qdjfio
1440 3417 1471 3463 02

199 3501 352 3556 ”mibm'
820 3586 826 3598 .
862 3495 963 3600 ...125⁵
980 3497 1051 3601 diii
1073 3478 1473 3602 ffiiivi’isdudffiidddussdssss

257 3585 827 3666 tortoricummoascenderetequum]Omisi
862 3615 924 3668 dum
941 3615 1021 3668 fidem
1043 3615 1161 3670 codicum
1203 3631 1269 3668 m
1286 3615 1419 3670 omnium,
1441 3614 1471 3670 in

222 3663 251 3708 at
288 3653 342 3706 uod
358 3653 403 3706 vui
456 3654 576 3720 additur,
595 3655 728 3708 codicibus
745 3655 826 3709 Bern.
861 3683 925 3736 edit·
1182 3633 1201 3696 Ρ
1411 3655 1419 3680 ’

422 3672 439 3708 o
1106 3687 1110 3697 ·
1313 3686 1319 3696 .

222 3670 749 3846 aiiaspgtfficmgppp
861 3749 889 3804 i
906 3701 982 3805 m
996 3685 1471 3818 anastasiana

222 3855 387 3910 Leidensem.
409 3858 463 3912 sta
479 3857 586 3913 iiooius
604 3859 737 3914 nobiscum
754 3859 826 3912 aas
861 3818 972 3898 ‘kd-m
985 3822 1158 3898 -'³⁸¹'³‘⁶'¹'²⁷⁰’
1189 3819 1281 3900 ¹¹³¹¹³¹¹⁸
1308 3828 1337 3872 a
1359 3819 1471 3899 ¹2⁵⁰&

861 3896 1033 3940 resistentem
1058 3903 1144 3958 eaque
1164 3895 1297 3958 scnptura
1313 3888 1348 3942 ab
1365 3905 1471 3942 msecu·

223 3939 265 4006 tv,
283 3928 479 4006 sponsionum
498 3929 827 4008 dasa=ei,·ix,irc1amor
860 3953 894 4008 tis
916 3953 1063 4009 editoribus
1107 3973 1137 4010 ro
1206 3965 1235 4010 ω
1260 3963 1302 4008 m
1364 3955 1470 4010 mvi,

222 3993 363 4046 rabennam
381 3997 484 4048 doceret
501 3998 554 4048 dtis
571 3999 711 4062 secandis,·
727 4011 772 4063 vi,
791 4003 825 4050 24
859 4039 913 4076 non
931 4031 1007 4077 met
1024 4023 1072 4077 ni„-
1089 3974 1118 4077 {³¹¹
1155 4023 1202 4077 lm..
1220 4022 1246 4077 G
1263 4030 1292 4077 ει
1308 3971 1371 4076 hg

223 4078 301 4114 orare
318 4073 456 4130 coeperunt
474 4063 543 4116 irum
559 4063 588 4114 ia
606 4065 759 4144 desectionis
777 4081 825 4117 aa·
860 4089 981 4144 tradatur
998 4107 1055 4143 esse
1077 4093 1247 4145 ,ementium
1265 4093 1344 4144 oca-3,-
1361 4025 1472 4163 (m

223 4139 318 4182 ctorem
336 4140 497 4194 resero-areu
514 4144 567 4196 vii,
581 4137 613 4184 43
632 4149 677 4200 qus
694 4143 825 4184 monerent
1351 4158 1357 4170 ·

512 4199 517 4210 .
634 4200 660 4210 ..
722 4199 755 4211 ..
859 4173 937 4228 quain
955 4158 1047 4212 dubito
1065 4161 1099 4212 de
1117 4159 1181 4226 hoe,
1207 4159 1331 4231 quonism
1349 4177 1378 4212 m
1395 4177 1472 4214 oom-

222 4215 292 4249 nunc
309 4199 399 4250 saitem
416 4197 548 4250 sotadicus
566 4201 702 4251 consilium
717 4210 825 4264 inirent-
910 4225 916 4237 ·

467 4267 472 4278 .
878 4243 917 4278 ari
935 4225 990 4278 eius
1007 4225 1078 4280 Flor.
1097 4227 1124 4279 H
1142 4234 1184 4280 est
1201 4229 1349 4280 rosacensis
1367 4231 1471 4294 occisi).

222 4279 262 4319 Β,
280 4271 315 4319 30
335 4265 444 4318 Cratero
463 4275 573 4334 inperat
590 4283 651 4333 rer,
674 4269 748 4320 houd
758 4285 825 4336 pro·
887 4292 981 4365 mique
999 4297 1130 4364 pecudum
1151 4312 1221 4347 mm
1247 4293 1368 4364 legitima
1391 4295 1471 4365 quui

222 4335 265 4388 “d
283 4351 357 4386 “mne
375 4336 466 4402 ⁶⁰Pia⁸
484 4335 596 4386 dmm·
858 4361 1033 4415 collocatione
1049 4362 1381 4432 verboruni(sicpecorum
1390 4367 1471 4418 modo

257 4430 281 4492 s.
302 4433 341 4480 lt.
377 4429 429 4480 tcto
451 4427 590 4480 conticium
611 4426 692 4479 Bern.
710 4427 736 4480 A
752 4426 824 4482 Flor.
859 4444 907 4495 iii,
926 4435 960 4482 28
978 4437 1006 4481 ot
1023 4443 1096 4497 viii,
1115 4433 1161 4497 50)
1184 4447 1274 4484 omnes
1296 4447 1371 4495 msa,
1395 4431 1472 4504 typis

219 4491 300 4549 ABG
320 4493 395 4548 Laid.
417 4495 494 4550 Voss.
520 4504 531 4548 1
558 4494 677 4563 Modius,
706 4496 825 4550 triticiam
858 4495 977 4568 impressi
995 4496 1088 4566 (etiam
1106 4497 1194 4566 Mod.)
1210 4515 1281 4552 more
1293 4502 1437 4568 pecudum.
