3214 5288
529 435 579 484 nn
607 435 735 486 casus
761 436 872 486 Anax.
898 437 949 504 m,
977 435 1023 488 ao.
1337 423 1383 492 51

104 637 303 718 spremam
334 617 471 709 horam,
504 618 703 715 missosque
733 619 795 715 qui
827 617 1031 693 occiderent
1062 630 1195 719 captas.
1248 622 1384 721 ltaque,

138 738 182 801 ut
214 752 307 825 quae
345 753 413 803 noc
446 728 637 828 prohibere
671 738 837 828 possent,
872 754 939 804 nec
970 728 1161 806 admittere
1199 733 1383 828 auderent,

138 840 239 914 nullo
264 863 440 938 responso
466 838 552 913 dato
577 840 708 914 tacitae
734 841 1013 939 opperiebantur
1030 842 1174 918 victoris
1188 847 1384 920 arbitrium.

86 963 119 1012 10
138 949 358 1041 Leonnatus,
384 961 576 1050 expectato
602 950 664 1025 diu
690 952 815 1049 quise
841 951 1095 1047 introduceret,
1121 969 1312 1056 postquam
1325 986 1384 1034 ne-

138 1087 201 1134 mo
226 1059 422 1160 procedere
448 1059 615 1154 audebat,
640 1063 772 1137 relictis
798 1064 836 1137 in
862 1064 1041 1139 vestibulo
1075 1069 1298 1162 satellitibus,
1333 1071 1384 1143 in·

139 1181 217 1244 trat
241 1172 277 1244 in
302 1173 583 1246 tabernaculum.
622 1171 677 1246 Ea
702 1174 780 1272 ipsa
805 1200 864 1250 res
876 1176 1089 1251 turbaverat
1100 1179 1260 1272 feminas,
1287 1181 1385 1278 quod

85 1299 118 1346 11
139 1283 326 1382 irrupisse,
365 1309 438 1357 non
464 1282 653 1376 admissus,
679 1284 880 1360 videbatur.
932 1285 1058 1385 Itaque
1083 1302 1201 1366 mater
1233 1301 1271 1364 et
1302 1317 1384 1365 eon·

138 1395 229 1468 iunx
254 1395 466 1494 provolutae
492 1395 540 1468 ad
570 1395 691 1496 pedes,
718 1421 822 1470 orare
856 1407 1064 1496 coepertmt,
1094 1412 1145 1493 ut,
1176 1403 1385 1501 priusquam
1422 1406 1428 1417 '

138 1506 434 1597 interficerentur,
459 1505 568 1581 Darei
593 1531 723 1607 corpus
748 1509 835 1607 ipsis
860 1509 978 1607 patrio
1002 1534 1104 1585 more
1130 1514 1280 1612 sepelire
1305 1538 1383 1612 per·

139 1619 316 1692 mitteret:
355 1617 496 1691 fianctas
535 1642 703 1717 supremo
734 1619 772 1692 in
809 1643 933 1718 regem
972 1621 1089 1696 officio
1119 1622 1269 1722 impigre
1304 1649 1383 1698 sese

85 1745 119 1794 12
140 1730 341 1803 morituras.
394 1727 610 1822 Leonnatus,
638 1741 675 1804 et
700 1730 824 1804 vivere
849 1729 1018 1824 Dareum,
1046 1741 1084 1808 et
1109 1733 1206 1832 ipsas
1233 1760 1307 1808 non
1332 1735 1383 1810 in·

140 1841 297 1914 columes
324 1840 443 1934 mod0,
479 1841 544 1916 sed
570 1842 678 1916 etiam
703 1851 880 1940 apparatu
905 1843 1076 1940 pristinae
1102 1844 1267 1918 fortunae
1293 1847 1382 1943 regi-

138 1977 206 2026 nas
230 1953 317 2025 fore.
370 1950 463 2026 Tum
489 1951 634 2026 demum
658 1951 769 2026 Darei
793 1962 909 2026 mater
933 1953 1081 2026 allevari
1113 1979 1152 2026 se
1183 1980 1291 2053 passa
1317 1966 1382 2028 est.

87 2083 119 2132 ta
243 2061 452 2137 Alexander
496 2075 643 2164 postero
681 2063 738 2136 die
769 2088 853 2136 cum
890 2085 976 2136 cura
1014 2062 1162 2161 sepultis
1201 2064 1432 2157 militibus,3l

140 2199 293 2272 quorum
326 2199 478 2274 corpora
508 2177 713 2265 invenerat,
750 2173 943 2249 Persarum
981 2197 1123 2270 quoque
1154 2174 1382 2250 nobilissimis

140 2282 297 2359 eundem
333 2286 507 2361 honorem
546 2286 672 2361 haberi
708 2285 819 2377 iubet,
857 2285 1034 2382 matrique
1064 2282 1174 2360 Darei
1211 2287 1382 2384 permitti,

175 2537 200 2605 ς.
224 2543 247 2591 9.
283 2539 379 2592 tacitae
397 2539 610 2620 aperiebantur]
628 2537 700 2593 Flor.
717 2541 760 2604 A,
778 2544 894 2608 crepant.
913 2535 984 2592 Flor.
1002 2537 1082 2591 ΑΒΗ
1097 2537 1214 2592 Bernd
1233 2542 1303 2606 (cum
1313 2556 1379 2593 corr.

139 2606 230 2673 tacito,
254 2605 335 2659 ceteri
351 2606 412 2661 libri
429 2615 477 2660 aut
494 2609 589 2661 tacitae
608 2607 699 2677 (Bam.
717 2607 742 2662 Β
777 2624 829 2660 non
847 2610 918 2676 cyre)
937 2613 965 2660 at
983 2605 1006 2659 B
1025 2607 1144 2678 ingresse
1167 2608 1224 2676 (oe)
1248 2625 1285 2675 te,
1307 2606 1381 2662 Flor.

137 2673 213 2727 Flor.
230 2673 272 2741 H)
289 2681 336 2728 aut
353 2677 438 2742 tacite,
456 2676 528 2747 quod
545 2675 615 2730 idem
633 2684 682 2731 est.
776 2673 839 2728 EFI
865 2675 976 2746 inpenne
1002 2693 1068 2742 tete,
1094 2675 1166 2729 Flor.
1184 2671 1238 2729 DG
1256 2685 1285 2730 et
1306 2675 1380 2729 Leid.

174 2745 198 2811 ξ.
218 2748 259 2796 10.
295 2744 341 2812 qni
357 2761 387 2798 se
404 2746 578 2798 introduceret
615 2743 660 2799 Sic
681 2743 742 2798 libri
776 2759 883 2814 prorsus
895 2751 926 2796 ut
943 2741 1079 2796 edidimus.
1102 2743 1218 2798 Videtur
1226 2743 1309 2814 igitur
1317 2743 1380 2798 olim

138 2807 234 2884 optimi
250 2811 332 2865 Bern.
350 2813 376 2865 A
392 2811 465 2867 Flor.
478 2811 557 2866 ABG
612 2812 646 2866 id.
664 2815 741 2868 Voss.
776 2811 902 2882 scriptum
921 2811 1000 2864 fuisse
1017 2813 1151 2882 inprepro
1169 2814 1289 2882 impipre¹
1307 2814 1380 2884 quod

140 2888 165 2948 1,
183 2877 266 2934 ceteri
284 2887 313 2934 et
330 2879 450 2951 plerique
466 2880 569 2958 vulgati
587 2884 741 2935 intromitte·
775 2878 876 2932 librarii
902 2888 949 2932 aut
975 2897 1035 2932 cum
1056 2879 1177 2950 sequemi
1199 2881 1294 2934 rocula
1317 2899 1381 2934 cou-

137 2958 186 3002 ret.
229 2947 294 3002 Non
319 2957 409 3019 potest
435 2957 524 3003 autem
549 2949 658 3004 dubium
683 2967 741 3003 esse
774 2947 919 3001 iunxerunt
945 2955 993 3000 aut
1018 2955 1091 3002 recte
1121 2946 1306 3017 explicuerunt
1331 2956 1380 3002 aut

137 3025 229 3069 utrum
246 3016 372 3098 dignitati
396 3019 547 3088 reginarum
573 3035 599 3071 m
636 3017 642 3030 '
678 3035 739 3072 eon-
774 3015 976 3086 interpolarunt.

138 3083 242 3164 veniat:
260 3087 478 3164 'intromittuntur
499 3085 569 3140 enim
646 3093 740 3140 notum
810 3086 832 3163 ᾗ.
853 3091 893 3137 12.
920 3093 973 3162 tum
991 3085 1090 3136 demum
1108 3083 1195 3135 Darei
1211 3084 1306 3154 mater]
1333 3082 1379 3164 Sic

138 3160 169 3206 et
187 3159 242 3206 noti
259 3152 316 3226 rpsi.
775 3152 838 3206 edn.
856 3151 982 3205 Modiana
999 3157 1028 3204 et
1044 3149 1115 3205 Flor.
1129 3149 1253 3219 ABFGI,
1272 3168 1332 3206 cum
1348 3170 1378 3206 m

169 3231 308 3290 postquam
343 3239 417 3276 neruo
447 3225 590 3292 procedere
613 3223 738 3303 audebat]
773 3219 845 3274 Flor.
866 3219 887 3273 C
916 3219 951 3272 sit
977 3229 1030 3273 tam
1047 3219 1131 3272 Darii
1157 3221 1258 3273 dernnm
1284 3229 1376 3275 muter.

136 3287 283 3344 Recedere
308 3290 415 3361 quidem
432 3307 467 3344 ex
488 3291 638 3346 coniectura
654 3291 740 3344 Modu
774 3289 865 3360 Vulgo
882 3299 934 3342 tum
952 3297 1036 3341 muter
1051 3289 1143 3355 Darii,
1162 3289 1208 3341 sed
1220 3289 1304 3342 Darii
1320 3307 1378 3344 rno-

135 3355 172 3412 ali
266 3375 300 3413 ue
316 3367 378 3430 poet
394 3376 455 3412 eum
471 3359 582 3431 legitur:
600 3359 661 3414 libri
678 3377 738 3414 msa
774 3367 814 3410 ter
839 3357 920 3410 etiam
946 3355 973 3408 in
990 3355 1072 3410 Bern.
1098 3364 1212 3428 utroque
1233 3357 1304 3411 Flor.
1322 3357 1377 3413 ΕΗ

135 3375 738 3500 aufflueeeutperducerefflorrffl)
773 3434 824 3493 est,
842 3437 896 3479 tum
914 3427 1015 3479 demum
1033 3435 1116 3479 mater
1139 3425 1195 3478 sine
1212 3425 1331 3496 genitivo
1349 3426 1377 3479 in

135 3503 184 3549 aut
200 3496 282 3549 etiam
299 3497 462 3552 introducere
477 3497 566 3566 (Voss.
581 3501 611 3567 2)
624 3498 738 3564 habent3
772 3494 844 3549 Flor.
862 3493 898 3562 D,
926 3501 954 3546 et
981 3493 1114 3548 Snalrenb.
1140 3509 1175 3547 ex
1200 3493 1253 3548 suis
1280 3495 1377 3549 codici-

134 3581 198 3617 nam
215 3563 443 3618 Theocrenianum
459 3565 525 3618 illud
547 3565 632 3637 ipsum
644 3583 738 3636 proce
773 3563 822 3617 bus
839 3563 903 3616 nihil
921 3560 970 3615 nisi
988 3572 1041 3615 tum
1059 3565 1159 3616 denum
1178 3579 1235 3616 esse
1255 3562 1284 3617 in
1302 3563 1375 3618 Leid.

135 3635 198 3686 dere
215 3642 349 3712 praestare
367 3652 421 3688 non
438 3633 527 3714 magni
541 3632 661 3701 aestimo,
678 3651 738 3688 cum
772 3631 848 3688 Voss
869 3629 1013 3684 luctavit.
1040 3631 1113 3684 Eunt
1129 3629 1212 3702 igitur
1229 3639 1258 3685 et
1274 3631 1377 3686 nunn-

135 3697 207 3752 liber
223 3708 274 3754 nte
290 3717 324 3754 ex
341 3701 371 3754 iis
389 3703 424 3756 sit
448 3721 493 3774 qur
510 3701 678 3773 apertissime
690 3704 738 3757 do·
772 3701 844 3754 udas
871 3707 1000 3770 quaerant
1030 3715 1078 3752 car
1109 3698 1254 3754 necessario
1279 3701 1377 3756 debeat

136 3774 244 3820 ctorum
260 3767 321 3822 olim
346 3770 481 3824 hominum
499 3770 673 3825 correctiones
690 3787 737 3824 ex·
773 3785 830 3822 esse
846 3777 930 3822 muter
946 3767 1039 3835 Darii,
1059 3767 1131 3837 quod
1166 3773 1245 3821 utaut
1262 3785 1304 3821 me
1313 3787 1376 3823 con·

135 3837 210 3908 perti
227 3835 287 3890 rint
304 3837 398 3910 Neque
415 3849 505 3895 tamen
522 3840 643 3912 equidem
660 3839 737 3894 dubi·
773 3845 817 3890 tra
832 3835 913 3890 libros
930 3851 990 3888 mss.
1008 3844 1131 3890 mutasse.
1180 3851 1196 3888 e
1213 3836 1319 3907 quidem
1336 3837 1377 3917 pi·

134 3911 166 3958 to
184 3903 250 3976 quin
266 3913 337 3960 recte
387 3911 492 3962 credere
509 3908 675 3962 emendatius
693 3909 737 3976 rut,
772 3913 820 3977 get
845 3904 886 3958 his
912 3901 1061 3974 elegantiae
1090 3902 1197 3957 arbitris
1223 3903 1377 3976 diligentiam

133 3972 223 4028 solent
248 3973 318 4028 enim
344 3926 409 4031 gea
430 3975 513 4030 verba
535 3976 607 4030 inter
622 3993 651 4031 aa
668 3995 737 4031 com-
772 3979 880 4029 nostrae
897 3971 1121 4027 obtrectatoribus
1138 3973 1307 4044 respondere.

132 4041 232 4096 mutari
249 4059 268 4096 n
319 4045 494 4125 aquidqnem
517 4044 605 4166 aptius
626 4044 737 4098 inveniri
807 4049 1033 4121 Cup.31.§.18.
1073 4059 1158 4103 ostero
1176 4051 1220 4103 die
1237 4068 1327 4106 omnes
1344 4051 1377 4105 li·

187 4175 195 4191 ι
269 4115 281 4180 (
330 4120 456 4184 trqurores
490 4113 550 4167 ed.
585 4129 616 4166 us
635 4129 669 4166 ue
703 4115 738 4167 ad
772 4119 813 4174 bri
830 4135 891 4172 mss.
908 4117 993 4172 nostri
1010 4067 1150 4172 etbuike
1182 4117 1265 4190 vulgo
1283 4129 1377 4200 poste-

155 4179 252 4234 remslt.
266 4179 346 4251 vulgo
348 4183 470 4302 (pedire
487 4131 642 4253 habcbautb
663 4183 737 4236 Post·
772 4207 812 4242 ra.
846 4185 1005 4241 Constantia
1023 4185 1129 4257 quidem
1146 4203 1201 4240 non
1218 4195 1259 4242 est
1281 4207 1309 4242 m
1326 4189 1376 4244 hac

130 4247 316 4370 anat
332 4249 737 4374 urnis
770 4255 1376 4336 aar

163 4397 188 4462 §-
210 4401 251 4447 11.
278 4396 313 4447 im
333 4396 390 4474 ipre
412 4412 468 4448 rere
488 4359 643 4466 morituros]
671 4393 737 4449 adi-
769 4365 907 4462 x,’2t,’5,
924 4398 1017 4472 contrp
1030 4403 1137 4472 postero
1155 4366 1248 4447 die’et
1266 4366 1376 4448 detinui-

130 4467 189 4514 tum
204 4470 248 4516 est
269 4479 287 4514 a
334 4462 451 4516 mdelino
468 4462 585 4535 Spirensi
608 4482 636 4517 re
658 4464 697 4516 im*
714 4466 736 4516 i·
769 4479 828 4515 mus
845 4461 924 4531 longe
941 4459 1060 4534 plurimrs
1082 4459 1146 4515 locis
1163 4469 1192 4516 et
1213 4461 1376 4516 restituimus

127 4533 353 4599 mercaturae.-
378 4531 439 4586 libri
465 4549 525 4587 mss.
551 4532 664 4587 multum
701 4531 708 4544 ‘
771 4535 875 4602 v1,48‚
894 4535 936 4584 2⁷.

1134 4614 1172 4669 4⁸
