3254 5292
237 375 308 446 128
445 391 447 396 ’
731 394 766 456 o.
793 393 919 444 crmrrr
943 394 1029 445 surr

232 587 356 650 menta
382 579 624 675 sequebantur
651 569 789 677 ag'men.
842 576 1085 652 Praemissum
1120 575 1250 651 deinde
1283 601 1365 650 cum
1401 579 1516 652 citiss

234 688 412 786 equitibus
439 688 609 764 Menidan
640 691 742 764 iubet
773 691 978 787 explorare,
1015 689 1077 761 ubi
1103 688 1243 762 Dareus
1270 700 1375 763 esset.
1428 690 1481 764 At

232 799 301 889 ille,
328 805 409 872 ¹eum
421 799 590 874 Mazaeus
616 800 715 875 haud
740 803 865 900 procul
891 799 1130 892 consedisset,
1148 827 1222 873 non
1249 825 1358 875 ausus
1384 803 1480 876 ultra

233 910 439 1008 procedere,
464 911 552 984 nihil
578 909 694 1002 aliud,
729 936 837 1008 quam
863 911 1044 985 fremitum
1076 911 1261 986 hominum
1287 912 1479 986 hinnitum-

233 1046 303 1116 que
330 1007 504 1119 equorum
531 1020 731 1112 exaudisse,
757 1024 909 1095 nuntiat.
957 1021 1126 1096 Mazaeus
1153 1050 1305 1123 quoque,
1333 1041 1515 1122 conspe-5

234 1133 301 1205 ctis
317 1133 454 1231 procul
481 1133 786 1230 exploratoribus
819 1133 856 1205 in
889 1143 1008 1207 castra
1040 1157 1079 1205 se
1114 1135 1265 1233 recepit,
1301 1133 1480 1208 adventus

235 1242 394 1317 hostiurn
420 1243 576 1316 nuntius.
629 1241 743 1342 Igitur
768 1241 926 1334 DareuS,
961 1243 1022 1340 qui
1047 1243 1317 1342 inpotentibus
1345 1247 1480 1344 campis

234 1352 427 1427 decernere
453 1354 613 1451 optabat,
641 1355 771 1426 armari
796 1355 944 1428 militem
969 1353 1080 1444 iubet,
1103 1354 1285 1452 aciemque
1313 1354 1479 1454 disponit.
1552 1354 1558 1362 '

234 1461 276 1535 ln
307 1464 413 1537 laevo
449 1489 562 1537 cornu
593 1463 774 1538 Bactriani
804 1465 907 1538 ibant
944 1464 1099 1562 equites,
1142 1465 1238 1538 mille
1273 1464 1515 1557 admodum,c

234 1573 360 1647 Dahae
387 1573 548 1665 totidem,
576 1585 613 1647 et
638 1573 827 1648 Arachosii
854 1573 1065 1672 Susianique
1098 1584 1269 1672 quattuor
1295 1578 1393 1650 milia
1419 1604 1479 1652 ex-

234 1684 391 1782 plebant.
444 1683 522 1758 Hos
559 1696 704 1758 eentum
736 1686 857 1759 falcati
890 1710 1015 1760 currus
1049 1685 1302 1782 sequebantur.
1354 1686 1480 1762 Proxi-

233 1887 340 1948 demum
357 1911 449 1949 verum
474 1910 509 1948 ex
531 1893 589 1948 istis
606 1897 640 1948 de
659 1893 839 1948 ravationibus
875 1895 987 1972 Selilais,
1011 1892 1082 1947 Flor.
1110 1901 1200 1946 autem
1227 1893 1253 1947 D
1280 1913 1388 1965 prorsus
1411 1896 1482 1951 sicut

233 1962 309 2017 facile
327 1971 463 2017 assecutus
482 1965 615 2016 diuiserat.
633 1913 685 2017 Est
701 1961 772 2016 enim
788 1962 838 2016 h.l.
873 1961 992 2016 Freinsh.
1012 1961 1164 2016 coniectura
1176 1969 1309 2017 assecutus
1318 1972 1367 2019 est
1385 1964 1481 2036 Neque

234 2050 333 2085 cornua
358 2033 474 2085 dividae
497 2031 567 2084 idem
590 2033 647 2085 fers
670 2039 750 2103 atque
773 2033 839 2084 diui·
874 2030 908 2083 de
917 2029 1024 2099 Scythis
1042 2030 1071 2083 in
1084 2029 1203 2084 exercitu
1211 2030 1358 2086 Merandri
1369 2051 1481 2104 usquam

235 2103 319 2152 dendo
337 2102 449 2170 efficere,
467 2099 537 2154 sicut
551 2099 606 2154 cic.
624 2099 652 2154 in
669 2108 736 2153 orat.
746 2099 839 2170 partit.
874 2099 906 2152 fit
923 2097 1031 2165 mentio,
1049 2114 1084 2151 ne
1102 2099 1135 2152 da
1152 2098 1231 2152 armis
1248 2099 1355 2170 quidem
1372 2101 1481 2172 Scythi-

234 2175 304 2220 extr.
323 2170 440 2237 ambipui
453 2170 611 2237 partitiones
630 2170 746 2222 diuidere
763 2167 839 2221 dixit.
874 2167 920 2233 eis,
938 2167 955 2220 i.
971 2182 994 2218 e.
1012 2183 1086 2234 arcu,
1105 2166 1223 2236 sagittis,
1242 2168 1412 2238 cogitandum
1429 2179 1479 2238 est,

236 2235 315 2299 Quod
334 2235 436 2288 dicendi
454 2251 536 2306 genus
555 2251 615 2288 cum
632 2253 724 2306 parum
742 2235 840 2289 intelli·
876 2251 945 2306 quae
960 2234 1048 2288 omnis
1058 2235 1235 2305 posteriorum
1247 2243 1405 2308 temporum
1426 2239 1482 2292 Oui

235 2310 331 2373 gerent
348 2303 516 2372 insequentes
534 2303 656 2371 editores,
675 2307 726 2358 duo
741 2321 840 2358 cornua
876 2305 973 2384 equites
999 2303 1126 2373 leguntur
1148 2304 1218 2374 apud
1246 2303 1303 2358 Liv.
1328 2320 1411 2371 xxvr,
1440 2313 1481 2375 15,

236 2373 323 2424 divisa
342 2381 417 2424 erunt
430 2374 548 2440 peditum
562 2372 732 2442 scripserunt,
742 2381 772 2426 et
780 2371 841 2425 Aei-
876 2373 922 2424 orti
939 2373 1034 2426 milites
1053 2372 1124 2442 apud
1137 2371 1224 2425 Tacit.
1236 2373 1307 2426 Anu.
1323 2377 1481 2442 11,1,citue

236 2438 321 2492 dalius
338 2438 423 2492 Modii
445 2439 613 2510 arrogantiae
639 2457 769 2510 nusquam
786 2458 841 2493 non
875 2441 989 2508 leqiones
1007 2438 1121 2493 etiams
1139 2441 1176 2492 ud
1194 2440 1257 2494 Tse
1276 2443 1346 2496 Ann.
1360 2457 1427 2510 xrv,
1446 2449 1480 2498 26

236 2508 378 2560 adversans
408 2507 502 2561 ceteris
531 2525 605 2562 suam
631 2508 841 2562 emendationem
876 2524 945 2578 quae
962 2507 1025 2562 alibi
1050 2458 1184 2577 expeditae
1208 2508 1331 2564 dicuntur
1348 2510 1365 2564 'n
1384 2529 1407 2564 e.
1425 2511 1481 2565 sine

236 2579 264 2627 in
283 2579 333 2629 (lito
352 2593 450 2629 cornua
469 2577 595 2630 diuiserat
602 2579 717 2646 peditem
732 2593 841 2658 persua-
875 2575 936 2628 ullis
953 2575 1148 2647 impedimentis
1166 2583 1213 2630 aut
1279 2578 1305 2631 ri
1322 2591 1464 2634 armatura.

236 2643 279 2696 sit.
299 2643 377 2707 Quod
395 2643 516 2724 sequitur
541 2647 644 2713 utrique
662 2647 740 2698 lutere
759 2647 841 2714 equite
911 2644 1043 2698 Menidan
1066 2663 1116 2715 pro
1137 2645 1209 2715 vulg.
1268 2648 1372 2700 cnidum
1400 2647 1482 2702 Snsk.

236 2713 397 2766 circumdato
419 2729 456 2765 src
480 2712 507 2765 in
530 2730 583 2767 uno
609 2713 680 2766 Flor.
706 2713 732 2767 G
754 2720 840 2781 extat,
874 2709 941 2765 dicit
958 2711 987 2765 in
1004 2712 1057 2766 suis
1074 2731 1135 2766 mss.
1153 2716 1482 2780 esse,acceduntexFlor.

236 2781 282 2834 sed
306 2780 389 2833 ceteri
409 2780 470 2834 libri
493 2797 584 2835 omnes
608 2782 700 2835 eodem
717 2782 841 2835 tendunt.
874 2780 958 2834 ADH
975 2788 1003 2833 et
1021 2782 1099 2834 ambo
1115 2781 1197 2834 Bam.
1232 2781 1315 2836 Redit
1338 2783 1383 2837 ille
1406 2801 1428 2837 c.
1448 2791 1481 2839 56

235 2849 306 2902 Nam
315 2848 464 2903 coddDFI
481 2849 551 2904 idem
568 2850 696 2904 exhibent
713 2849 762 2903 nisi
770 2850 841 2920 quod
875 2857 905 2902 et
930 2850 1002 2930 apud
1024 2849 1130 2902 Arrian.
1154 2864 1203 2915 m,
1231 2858 1261 2906 13
1288 2853 1482 2926 μισθοφόροις

236 2919 396 2972 circumdato
420 2919 501 2972 milite
523 2919 638 2984 addunt,
665 2918 737 2972 Flor.
761 2919 788 2971 A
813 2926 842 2971 et
870 2905 1009 2989 &quiubus
1027 2925 1140 2989 praeest.

235 2986 310 3040 Mod.
329 2985 392 3041 edit.
411 2989 539 3057 utrimque
557 2990 644 3055 lateri,
663 2985 795 3041 Fronrsc
814 2993 842 3040 et
911 2989 934 3054 ξ.
954 2993 978 3038 5,
1013 2989 1041 3038 in
1059 2995 1147 3040 casleu
1165 3003 1193 3040 se
1210 2989 1327 3111 recepit}¹
1343 2989 1388 3044 Sic
1405 2989 1482 3045 codd.

235 3056 353 3109 Bern.A
370 3055 482 3109 etLeid.
501 3059 628 3127 utrimque
647 3057 741 3123 lutera,
761 3054 843 3109 ceteri
876 3054 961 3108 nostri
979 3071 1068 3108 omnes
1086 3061 1193 3125 praeter
1209 3055 1281 3110 Flor.
1332 3057 1430 3125 ,cuius
1448 3059 1483 3112 si-

236 3135 346 3194 utrnque
364 3127 448 3178 latera
466 3124 576 3192 habent,
595 3125 665 3180 Flor.
678 3123 707 3177 11
725 3133 753 3177 et
761 3125 842 3177 Bern.
877 3123 966 3176 milem
983 3131 1088 3177 secutae
1112 3123 1241 3177 editiones
1260 3127 1378 3196 (praeter
1395 3127 1482 3194 Mod.)

236 3191 419 3262 Bpraetsrea
436 3195 518 3262 equite
536 3196 707 3247 circumdata.
741 3191 844 3246 Contra
878 3193 970 3260 recipit
988 3191 1123 3246 exhibent.
1158 3192 1233 3246 Idem
1250 3194 1308 3247 eod.
1327 3211 1387 3248 cum
1402 3195 1482 3250 Bern.

237 3260 366 3312 editiones
396 3277 486 3313 omnes
518 3278 535 3312 a
560 3260 632 3314 libris
659 3259 733 3314 mstis
764 3259 844 3340 longe
877 3259 1059 3314 Budoentum
1076 3263 1187 3314 ltostium
1204 3263 1346 3330 nuntians,
1364 3263 1437 3318 Flor.
1455 3263 1485 3317 Η

237 3327 403 3380 discedentes
422 3330 450 3380 in
459 3338 593 3397 utrumque
606 3331 676 3382 lutus
685 3328 756 3380 haud
765 3329 845 3381 dubre
879 3331 1005 3382 aduentus
1023 3331 1088 3382 lzost.
1106 3331 1240 3383 annuens.

237 3412 272 3448 ex
290 3395 441 3448 coniectura
459 3399 515 3464 (cui
532 3396 644 3449 fortasse
660 3397 738 3449 Voss.
751 3403 766 3450 2
781 3395 844 3449 scri-
914 3401 939 3462 s.
964 3403 987 3450 6.
1028 3399 1171 3450 Arachosii
1196 3399 1370 3518 Susianique}
1408 3397 1483 3454 Edit.

237 3471 319 3535 ptura
337 3473 470 3532 utrumque
488 3465 557 3517 lutus
571 3463 698 3544 praeivit)
710 3464 847 3518 exhibent.
879 3483 917 3535 pr.
939 3465 1080 3535 Sueeique,
1103 3465 1172 3518 Mer.
1198 3467 1290 3534 Sueui,
1316 3465 1352 3518 Al
1372 3505 1379 3518 .
1397 3467 1484 3534 Susii,

236 3537 294 3586 Iam
311 3530 394 3600 igitur
411 3530 439 3583 in
456 3531 506 3585 hac
524 3530 644 3585 lectronis
657 3534 787 3586 varietate
804 3531 844 3585 ni·
879 3531 961 3586 ceteri
987 3541 1112 3587 revocata
1138 3533 1321 3588 coniunctione
1346 3535 1484 3605 sociique,-

238 3600 276 3654 hil
293 3617 356 3652 vero
395 3598 483 3670 ropius
506 3599 647 3654 videbatur
670 3618 749 3671 quam
772 3601 844 3682 quod
879 3601 955 3655 codd.
973 3601 1072 3672 partim
1094 3603 1229 3672 Suuniqne
1254 3601 1351 3673 partim
1370 3605 1483 3658 ‚Susurri-

237 3617 438 3721 describendum
466 3667 562 3721 curavi.
606 3669 678 3722 Nam
705 3687 843 3741 quominus
879 3687 935 3739 quc,
953 3672 1025 3723 unde
1042 3669 1163 3724 Raderus
1180 3679 1253 3724 recte
1270 3671 1376 3725 ridetur
1391 3673 1485 3727 Susia-

236 3735 358 3790 Modium
375 3752 501 3806 sequerer
517 3735 545 3789 id
562 3737 665 3792 obstitit
683 3739 754 3809 quod
770 3739 843 3792 vide-
878 3740 955 3808 nique
972 3738 1076 3807 fecisse,
1102 3757 1167 3810 quos
1184 3739 1194 3792 i
1214 3756 1242 3792 se
1261 3739 1369 3794 Curtius
1387 3756 1422 3810 v,
1442 3747 1483 3809 11,

236 3805 317 3857 batur
340 3811 398 3856 tum
421 3805 605 3886 corrigendum
628 3823 684 3860 esse
706 3809 841 3888 luteribus,
879 3813 911 3886 ¹9
930 3807 1056 3928 appellat
1087 3807 1189 3888 IJosto
1252 3808 1391 3863 omiseram
1409 3811 1484 3863 milia

237 3871 841 4014 stt.trininitatis-ctat:
877 3883 949 3996 titt.
967 3875 1228 4016 latitatis
1242 3883 1395 4017 liliati
1403 3878 1485 3999 tit:

239 4009 341 4064 Graeca
351 4009 545 4064 constructione
563 4029 639 4064 usum
656 4015 784 4082 utrimque
803 4015 843 4065 la·
878 4013 953 4066 millu
971 4020 1018 4066 aut
1035 4020 1101 4067 nota
1119 4020 1166 4066 aut
1184 4011 1280 4067 litteris
1353 4013 1485 4067 rimuntur

239 4087 295 4132 tera
328 4079 410 4146 equile
442 4081 601 4133 circumdato
635 4079 766 4151 scripsisse
794 4098 843 4152 pu·
878 4097 928 4134 nec
946 4080 1023 4134 facile
1049 4098 1083 4136 ex
1108 4097 1264 4152 praegresso
1286 4085 1356 4136 mile
1374 4081 1485 4152 cogitari

237 4154 331 4200 tarem.
453 4189 456 4194 .
541 4155 547 4167 '
878 4158 1004 4221 possunt,
1022 4167 1092 4204 nuno
1109 4149 1237 4204 revocavi.

274 4218 297 4284 §-
316 4221 340 4266 4.
376 4233 433 4268 cum
456 4218 514 4270 citis
544 4218 670 4288 equitrlrus
695 4217 845 4272 emendatio
915 4230 1015 4273 centum
1032 4221 1135 4290 fulruti
1163 4237 1257 4272 currus
1282 4236 1373 4274 omnes
1399 4219 1484 4287 codd,

239 4291 281 4336 est
298 4281 485 4351 Freinshemii,
509 4302 571 4338 cum
587 4286 615 4339 in
633 4287 705 4358 vulg.
723 4287 845 4341 editioni·
880 4305 934 4341 non
952 4289 1155 4358 quinquaqinta,
1173 4295 1205 4340 ut
1222 4287 1303 4358 vulgo
1321 4289 1409 4342 editur
1425 4295 1486 4358 post

239 4353 288 4404 bus
306 4351 440 4420 legeretur
458 4357 579 4420 concitis,
599 4355 625 4408 in
643 4355 770 4410 Modiana
788 4375 845 4410 eum
880 4357 987 4411 Aldum.
999 4355 1103 4410 Arrian.
1112 4371 1156 4424 111,
1168 4363 1197 4409 11
1218 4356 1284 4409 item
1301 4364 1407 4411 eentum
1425 4373 1486 4409 cur-

240 4421 344 4489 Scyllis
362 4422 497 4490 equitibus.
516 4421 601 4478 Codd.
618 4424 738 4495 plerique
756 4442 846 4479 omnes
880 4443 925 4479 rus
947 4425 975 4478 in
998 4425 1074 4478 laevo
1099 4441 1184 4479 cornu
1205 4424 1293 4493 fuisse,
1317 4425 1364 4479 sed
1382 4443 1487 4498 προτε-

238 4507 297 4544 eum
315 4489 397 4557 scitis,
416 4490 493 4560 pauci
512 4492 771 4562 conscilia-Pleni}
788 4513 846 4550 cum
880 4493 987 4561 suptar
1004 4493 1031 4547 ei
1047 4494 1136 4548 refert.
