3158 5294
491 419 540 472 nn
567 414 693 471 oasrrs
718 417 829 471 Anax.
854 418 905 488 rx,
922 417 965 471 aa.
1270 401 1343 471 465

110 601 227 678 Invidi
251 602 465 702 malignique
490 601 724 703 increpabant
749 629 815 703 per
840 604 933 678 seria
958 614 995 677 et
1020 603 1160 695 ludum,
1193 604 1345 703 saginati

13 739 14 744 ¹
111 717 268 814 corporis
295 716 394 813 sequi
420 715 581 788 inutilem
606 716 767 789 beluam:
799 741 882 788 cum
907 716 974 814 ipsi
1005 716 1179 814 proelium
1204 716 1345 805 inirent,

12 837 14 844 '
58 843 90 892 1⁷
111 826 190 899 oleo
221 824 426 900 madentem
459 851 674 926 praeparare
699 837 863 900 ventrem
894 827 1016 924 epulis.
1069 826 1205 902 Eadem
1236 827 1346 925 igitur

110 937 146 1009 in
179 937 344 1011 convivio
375 936 551 1012 Horratas
582 936 731 1012 Macedo
767 939 840 1012 iam
877 940 1094 1012 temulentus
1126 939 1345 1039 exprobrare

12 1065 13 1068 ’
109 1049 141 1121 ei
167 1049 286 1147 coepit
312 1059 349 1122 et
374 1050 573 1147 postulare,
600 1061 656 1140 ut,
688 1050 718 1123 si
745 1051 800 1123 vir
826 1060 936 1140 esset,
969 1060 1114 1148 postero
1140 1049 1198 1124 die
1224 1075 1345 1123 secum

25 1247 27 1252 ι
107 1161 201 1233 ferro
229 1159 455 1235 decerneret:
482 1186 605 1260 regem
630 1160 777 1236 tandem
803 1163 862 1236 vel
888 1159 933 1234 de
960 1187 1026 1236 sua
1049 1163 1260 1252 temeritate,
1287 1161 1346 1234 vel

53 1289 89 1338 18
106 1271 199 1344 illius
239 1272 382 1370 ignavia
419 1271 668 1348 iudicatmum.
731 1272 779 1347 Et
813 1299 835 1345 a
868 1271 1069 1373 Dioxippo,
1114 1273 1345 1372 contemptim

106 1381 296 1457 militarem
322 1382 488 1458 eludente
514 1387 698 1478 ferociam,
730 1395 878 1485 accepta
902 1383 1059 1458 conditio
1086 1394 1150 1457 est.
1203 1385 1258 1458 Ac
1283 1410 1344 1484 po·

10 1519 12 1560 :
106 1505 203 1567 atero
231 1494 287 1568 die
313 1519 389 1586 reX,
416 1520 497 1568 cum
523 1498 630 1570 etiam
653 1498 768 1572 acrius
791 1506 972 1571 certamen
990 1505 1236 1593 exposcerent,
1263 1497 1345 1593 quia

10 1631 12 1674 r
53 1623 87 1669 19
107 1602 287 1679 deterrere
313 1632 386 1681 non
412 1618 565 1707 poterat,
592 1608 771 1684 destinata
789 1607 919 1704 exequi
945 1631 1072 1704 passus
1094 1617 1160 1678 est.
1213 1606 1343 1706 Ingens

104 1716 161 1790 hic
187 1718 353 1811 militnm,
386 1719 480 1794 inter
506 1746 595 1819 quos
623 1729 726 1794 erant
753 1717 896 1808 Graeci,
928 1718 989 1815 qui
1014 1715 1196 1816 Dioxippo
1224 1717 1342 1792 stude·

105 1827 209 1919 bant,
241 1843 460 1906 convenerat
491 1831 693 1906 multitudo.
746 1827 896 1904 Macedo
927 1829 1023 1902 iusta
1054 1853 1154 1902 arma
1184 1853 1342 1928 sumpse·

104 1950 170 2030 rat,
197 1965 341 2015 aereum
368 1944 530 2042 clipeum,
555 1944 707 2034 hastam,
735 1967 841 2040 quam
867 1941 1035 2014 salissam
1060 1949 1207 2030 vocant,
1239 1939 1342 2014 laeva

9 2091 11 2102 =
104 2060 240 2144 tenens,
267 2051 418 2126 dextera
443 2054 620 2146 lanceam,
645 2053 835 2152 gladioque
862 2053 1008 2142 cinctus,
1036 2053 1135 2125 velut
1160 2077 1241 2125 cum
1267 2054 1342 2150 plu-

8 2191 12 2238 ς
50 2179 86 2226 20
104 2161 202 2235 ribus
230 2163 334 2236 simul
359 2162 601 2243 dimicaturus.
654 2163 855 2264 Dioxippus
881 2165 960 2237 oleo
986 2163 1104 2237 nitens
1131 2174 1168 2237 et
1193 2188 1340 2238 corona·

104 2281 163 2346 tus
190 2273 294 2348 laeva
318 2275 508 2371 puniceum
535 2277 735 2368 amiculum,
762 2275 891 2350 dextra
917 2273 1076 2347 validum
1094 2275 1341 2373 nodosumque

103 2383 261 2482 stipitem
295 2386 529 2482 praeferebat.
581 2385 636 2460 Ea
669 2375 748 2486 ipsa
780 2413 839 2460 res
871 2387 1030 2460 omnium
1064 2387 1200 2486 animos
1235 2413 1340 2485 expe-

102 2495 259 2569 ctatione
286 2496 541 2596 suspenderat:
579 2499 710 2597 quippe
743 2509 881 2572 armato
914 2496 1083 2596 congredi
1114 2497 1251 2573 nudum
1282 2499 1340 2572 de·

7 2637 9 2670 t
47 2625 80 2672 21
101 2607 254 2698 mentia,
297 2633 370 2681 non
407 2611 590 2684 temeritas
628 2609 829 2685 videbatur.
887 2607 1001 2706 Igitur
1031 2607 1199 2701 Macedo,
1242 2610 1340 2683 haud
1420 2649 1424 2658 ·

7 2783 8 2790 ,
101 2717 231 2791 dubins
257 2721 396 2794 eminus
421 2721 572 2794 interfici
603 2745 725 2819 posse,
764 2721 926 2794 lanceam
958 2719 1090 2809 emisit,
1124 2744 1232 2816 quam
1257 2720 1341 2796 Dio·

7 2919 8 2934 *
100 2830 231 2928 xippus
257 2855 340 2904 cum
366 2832 497 2930 exigua
522 2831 680 2929 corporis
708 2829 943 2904 declinatione
961 2830 1122 2917 vitasset,
1149 2841 1341 2927 antequam

99 2940 158 3012 ille
185 2940 325 3014 hastam
351 2943 561 3015 transferret
586 2942 623 3014 in
650 2941 833 3034 dextram,
868 2940 1023 3030 assiluit,
1059 2949 1097 3011 et
1122 2941 1243 3038 stipite
1269 2967 1339 3015 me-

44 3069 80 3116 na
101 3049 196 3124 diam
229 3077 308 3126 eam
338 3053 454 3150 fregit.
507 3051 652 3124 Amisso
690 3062 844 3149 utroque
875 3051 965 3142 talc,
1000 3047 1150 3124 Macedo
1182 3051 1341 3151 gladium

100 3174 269 3261 coeperat
306 3164 499 3263 stringere:
544 3189 651 3262 quem
689 3171 903 3260 occupatum
940 3161 1149 3260 complexu,
1188 3161 1340 3260 pedibus

99 3285 247 3372 repente
270 3274 465 3367 subductis,
492 3273 694 3374 Dioxippus
721 3273 888 3370 arietavit
911 3273 949 3348 in
975 3282 1118 3363 terram,
1146 3283 1341 3371 ereptoque

133 3442 156 3510 s.
172 3447 212 3495 u.
247 3444 336 3496 emen
362 3443 453 3514 aaa]
488 3441 561 3496 rus
581 3458 614 3494 ue
640 3439 700 3496 nas
734 3441 768 3510 a,
785 3425 981 3496 missamissa
999 3425 1067 3494 aa
1084 3459 1188 3512 ques„-
1203 3439 1340 3509 faveram

99 3511 195 3576 eodan,
213 3527 265 3564 nec
280 3511 377 3564 habent
387 3511 534 3566 eodemnisi
543 3459 701 3565 Floram
736 3504 849 3565 Macedo
868 3509 974 3578 (omisso
991 3510 1073 3564 verbo
1091 3515 1254 3572 convenerat)
1268 3507 1339 3562 Flor.

99 3575 226 3642 Bern.B,
250 3579 296 3632 sed
313 3579 393 3632 iidem
410 3578 486 3633 simul
505 3597 566 3650 erqo
583 3597 632 3650 pro
649 3580 701 3648 ipe·-
734 3579 786 3633 ΡΗ
796 3579 1018 3634 aemat'ossa
1039 3584 1117 3648 (puto
1134 3577 1214 3632 etiam
1233 3575 1291 3630 Pal.
1302 3581 1339 3644 1),

100 3653 151 3697 tur.
186 3645 256 3698 Tum
278 3647 410 3701 Horrotos
438 3647 544 3714 Cttrtio,
571 3649 700 3721 deoyor
734 3650 843 3702 militum
866 3649 942 3700 tarto
966 3649 1035 3702 inter
1057 3663 1121 3728 quos
1142 3678 1178 3687 -
1194 3646 1340 3700 studebunt.

100 3717 176 3781 (puto
194 3713 294 3793 Κόῤῥςι
312 3734 342 3793 qe
365 3715 465 3794 potius)
482 3715 601 3769 Diodoro
623 3733 701 3769 voca-
735 3717 850 3770 Macedo
867 3714 940 3768 Flor.
957 3714 989 3781 Ο,
1007 3717 1118 3768 miletum
1135 3715 1280 3778 multitudo,
1298 3715 1340 3768 ia·

99 3735 701 3905 rutilatalp
736 3779 1339 3920 ,uerna

97 3919 215 3973 hortans.
322 3889 329 3917 ³
440 3889 447 3916 ¹
576 3890 584 3918 ’
694 3891 701 3919 ’
736 3919 820 3974 codici
837 3936 884 3972 ms.
903 3927 1025 3974 aocumte
1041 3935 1139 3990 respon
1157 3934 1216 3986 ere,
1233 3919 1280 3972 sed
1297 3927 1339 3972 ta·

132 3989 207 4056 §.lta
243 3987 342 4058 Iopens
359 3989 401 4041 lu'c
418 3989 538 4059 militum]
575 3986 702 4070 Sequitur
736 4003 797 4042 men
825 3993 930 4042 textum
952 3986 1075 4044 constitui
1099 4005 1153 4042 non
1193 4002 1251 4040 osse
1293 3985 1339 4040 uin

97 4055 149 4110 iam
166 4055 259 4128 vulgo:
278 4057 346 4110 inter
363 4073 427 4127 quos
445 4057 639 4124 erantGruect,
658 4059 703 4128 qui
737 4054 778 4110 his
795 4063 843 4108 aut
859 4054 910 4109 illis
927 4055 966 4108 ris
983 4055 1115 4110 afferatis.
1178 4054 1213 4109 ihi
1232 4003 1339 4125 quidem

97 4125 386 4196 Dioxippostudetont,
396 4127 702 4179 conveneratmultttado.
737 4123 902 4180 scribendum
919 4123 1040 4178 videtur:
1061 4126 1159 4194 Ingens
1173 4126 1215 4177 tic
1228 4125 1338 4178 militum

97 4191 152 4247 Sed
161 4196 206 4264 qui
223 4211 240 4248 a
252 4193 324 4248 Flor.
334 4193 357 4248 B
368 4193 444 4248 Voss.
456 4201 468 4246 1
480 4192 561 4246 Bern.
572 4195 603 4258 A,
617 4195 699 4248 verba
735 4203 888 4248 convenerat
896 4195 1041 4261 multitudo,
1059 4193 1128 4245 inter
1137 4209 1201 4264 quos
1210 4194 1255 4262 pot
1263 4201 1338 4245 mont

97 4273 250 4317 convenerat
258 4261 502 4318 multitudoaLcid.
508 4262 585 4317 Voss.
596 4269 607 4315 1
620 4262 699 4316 Beria
737 4263 837 4316 Graeci
853 4261 986 4331 Dioxippo
1003 4263 1148 4315 studebant.

97 4329 238 4385 amona
254 4349 361 4403 prorsus
370 4333 476 4398 absunt,
494 4330 528 4385 de
536 4329 644 4402 reliquis
653 4333 700 4384 mi·
770 4332 877 4384 dextera
894 4331 1021 4398 lanceam]
1048 4328 1138 4450 Vulgo
1157 4332 1258 4382 dextro.
1281 4327 1338 4381 Nos

97 4399 329 4456 litumconvenerot
345 4401 483 4455 multitudo
501 4401 569 4453 inter
578 4405 700 4471 quercet
735 4398 818 4453 secuti
836 4415 923 4452 sumus
932 4396 1152 4452 Bern.ABFor.
1163 4397 1261 4452 nont.
1284 4395 1338 4448 Sed

96 4465 217 4536 FlorDl,
235 4471 344 4524 militem
363 4471 438 4524 turba
455 4469 523 4521 inter
540 4468 701 4590 quos—{a-
735 4475 797 4538 post
820 4469 928 4520 dextero
952 4484 983 4520 ac
1004 4466 1099 4519 deinde
1117 4471 1179 4587 321
1206 4468 1337 4542 dexteram

96 4535 188 4589 reboat
214 4541 274 4608 (pro
290 4541 436 4604 studebant)
459 4547 612 4605 convenerat
629 4538 699 4592 For.
734 4554 792 4591 non
808 4545 850 4590 est
867 4535 916 4590 nisi
932 4534 961 4589 in
978 4534 1051 4588 Flor.
1066 4533 1115 4588 OD
1149 4531 1256 4600 ,Snaln
1269 4529 1337 4585 silet.

1144 4623 1179 4672 80
