3254 5292
205 311 280 382 120
706 323 740 386 q.
767 320 892 374 curru
916 322 1002 372 nuri

135 523 143 534 '
205 511 279 590 Sed
291 511 482 586 Parmenio
509 507 694 598 deterruit,
712 531 786 580 non
813 530 893 580 esse
918 504 1051 579 talibus
1078 503 1264 603 promissis
1290 501 1449 575 imbuen·
1469 520 1504 568 ιτ

204 627 270 700 das
302 647 407 697 aures
442 621 595 694 militum
629 619 829 692 affirmans:
866 628 991 717 patere
1017 616 1077 688 vel
1102 614 1208 688 unius
1235 611 1371 686 insidiis
1397 637 1450 686 re·

204 761 304 837 gem:
331 733 420 806 nihil
444 732 545 806 nefas
572 753 652 804 esse
678 729 860 803 avaritiae.
913 725 1066 802 Secutus
1092 721 1229 798 consilii
1255 733 1448 812 auctorem,
1468 739 1505 788 ra

204 858 324 922 castra
348 843 473 916 movit.

154 963 202 1033 41
308 954 383 1028 Iter
414 950 557 1026 facienti
589 951 704 1049 spado
730 976 750 1025 e
777 949 946 1046 captivis,
979 948 1040 1045 qui
1065 946 1175 1022 Darei
1208 969 1360 1020 uxorem
1393 967 1448 1015 co·
1466 960 1502 1009 re

204 1068 441 1154 mitabantur,
477 1061 629 1135 deficere
656 1087 736 1136 eam
761 1060 919 1150 nuntiat,
955 1073 993 1134 et
1018 1059 1083 1133 vix
1117 1059 1282 1158 spiritum
1309 1056 1448 1130 ducere.

204 1180 347 1255 Itineris
374 1173 533 1249 continui
559 1171 683 1247 labore
709 1171 888 1266 animique
914 1171 1137 1268 aegritudine
1162 1171 1330 1269 fatigata,
1356 1169 1450 1241 inter

205 1315 331 1366 socrus
350 1298 395 1360 et
420 1286 600 1385 virginum
625 1283 778 1356 filiarum
803 1306 932 1354 manus
959 1281 1117 1380 collapsa
1143 1291 1231 1373 erat,
1258 1278 1387 1353 deinde
1413 1287 1450 1351 et

206 1403 377 1478 extincta.
415 1396 459 1470 ld
484 1397 602 1494 ipsum
628 1394 797 1468 nuntians
824 1396 914 1469 alius
941 1393 1176 1493 supervenit¹
1198 1389 1247 1465 Et
1272 1415 1340 1464 rex
1351 1387 1449 1464 haud
1467 1406 1504 1454 ao

205 1537 330 1601 secun,
365 1533 474 1606 quam
500 1508 531 1581 si
556 1503 715 1604 parentis
741 1529 839 1578 mors
865 1507 1032 1578 nuntiata
1058 1514 1170 1596 esset,
1205 1503 1351 1576 crebros
1378 1501 1449 1575 edi-

207 1623 261 1698 dit
287 1621 452 1721 gemitus,
478 1617 702 1712 lacrimisque
729 1615 876 1707 obortis,
903 1617 1026 1713 quoles
1053 1616 1193 1690 Dareus
1220 1613 1449 1713 profudisset,

204 1737 244 1809 in
268 1729 556 1818 tabernaculum,
589 1727 626 1800 in
658 1751 729 1824 quo
755 1737 871 1800 mater
897 1737 976 1801 erat
1001 1726 1127 1818 Darei,
1159 1726 1330 1800 defuncto
1364 1722 1450 1796 assi-

207 1846 297 1920 dens
334 1839 490 1938 corpori,
526 1838 635 1912 venit
692 1835 761 1910 Hic
793 1863 880 1910 vero
913 1849 1109 1912 renovatus
1145 1848 1200 1910 est
1225 1861 1382 1926 maeror,
1409 1845 1451 1908 ut
1468 1852 1502 1900 21

207 1961 429 2056 prostratam
465 1950 565 2026 humi
603 1947 704 2022 vidit
776 1948 925 2022 Recenti
968 1949 1064 2022 malo
1108 1948 1268 2047 priorum
1308 1971 1450 2045 quoque

208 2063 408 2153 admonita,
443 2069 629 2158 receperat
659 2060 696 2132 in
729 2061 905 2158 gremium
937 2059 1079 2133 adultas
1111 2061 1284 2158 virgines,
1318 2082 1451 2156 magna

209 2173 354 2273 quidem
379 2157 494 2244 mutui
521 2168 654 2241 doloris
682 2171 818 2260 solatia,
847 2170 911 2245 sed
937 2171 1066 2268 quibus
1092 2172 1172 2269 ipsa
1197 2169 1346 2244 deberet
1372 2193 1451 2242 esse

210 2284 349 2358 solatio.
402 2279 445 2352 In
476 2290 671 2376 conspectu
707 2291 785 2354 erat
817 2306 931 2378 nepos
957 2281 1146 2380 parvulus,
1181 2281 1229 2354 ob
1261 2279 1298 2353 id
1333 2282 1451 2378 ipsum
1469 2299 1504 2346 ss

210 2392 433 2481 miserabilis,
447 2389 545 2487 quod
570 2391 732 2464 nondum
758 2392 936 2466 sentiebat
962 2392 1210 2483 calamitatem,
1225 2417 1272 2465 ex
1297 2391 1456 2464 maxima

249 2582 333 2646 §.17.
368 2592 421 2628 aon
438 2589 494 2628 ease
511 2603 546 2615 -
568 2574 718 2644 tffmons]
753 2575 818 2628 Non
852 2573 921 2627 ando
942 2591 995 2627 non
1018 2575 1118 2629 abeunt
1134 2592 1150 2628 a
1169 2573 1263 2628 Curtio
1280 2583 1309 2628 et
1326 2574 1456 2642 Diodoro,

212 2647 242 2700 in
258 2643 392 2716 plerisque
410 2642 484 2698 codd
507 2641 587 2696 etiam
609 2641 715 2713 optimis
733 2643 817 2712 deest,
852 2651 884 2696 ut
901 2651 974 2696 certe
990 2660 1138 2725 praegnans
1155 2643 1234 2696 fluisse
1251 2643 1381 2698 exDareo
1403 2661 1457 2697 non

213 2722 307 2785 estque
336 2711 451 2794 primum
482 2727 499 2763 a
529 2709 623 2765 Medio
657 2711 819 2766 restitutum.
852 2711 979 2782 potuerit.
1013 2712 1085 2776 Quid
1101 2711 1141 2766 rei
1157 2712 1238 2766 firerit
1255 2712 1355 2766 inutilis
1372 2711 1456 2782 suspi-

213 2783 285 2838 Sane
308 2779 426 2847 mrreris,
452 2779 500 2832 sed
526 2779 669 2832 innumeris
691 2780 819 2851 exemplis
854 2779 895 2834 cio
914 2786 968 2832 est:
993 2781 1039 2834 sed
1066 2781 1161 2834 anxiae
1185 2780 1266 2834 Darei
1309 2781 1457 2836 uacationes

213 2849 302 2906 edocti
320 2848 439 2921 quirem
454 2847 573 2927 criticam
585 2848 819 2920 sactitnntcogno-
853 2849 887 2901 de
895 2847 1049 2904 Alexandro
1066 2849 1200 2920 singulare
1217 2799 1316 2922 aliquid
1333 2848 1458 2904 accidisse

212 2928 311 2975 rerunt
328 2916 394 2972 nihil
411 2916 529 2970 crebrius
546 2916 603 2970 ficri
624 2935 703 2997 quam
720 2925 751 2970 ut
768 2917 820 2971 ista
853 2915 992 2970 verisimile
1009 2917 1115 2972 faciunt.

213 2987 329 3112 plefgsndi
347 2985 489 3110 ὣωὸῳὴ
504 2985 653 3107 αέἰὺητὶιε
670 2986 819 3110 ῗιῧιιίῐιαῐιέιέ
889 2987 912 3054 ξ.
930 2989 1236 3108 {qoodjparffiqmffl}
1277 2987 1366 3109 ledsi
1394 3003 1459 3066 suae

212 3069 675 3180 a‘onilsuul⁰”u²⁰ca.⁶”it¹tn
693 3094 717 3189 1‚’
734 3059 820 3203 diso
854 3071 1036 3242 {2¹⁰3me
1075 3072 1366 3189 rsaaffnirilr
1402 3071 1460 3177 331⁵.

214 3203 244 3248 et
260 3208 292 3259 11,
314 3199 355 3258 12,
374 3197 416 3244 85.
448 3191 606 3260 Affirmant,
626 3191 697 3261 quod
714 3191 820 3244 Mcdrus
855 3191 880 3243 A
897 3190 968 3243 For.
986 3191 1036 3243 AB
1055 3192 1149 3246 adhoc
1166 3191 1238 3246 Flor.
1249 3192 1326 3247 culi
1343 3191 1458 3246 BernB

213 3257 664 3336 interpolatorumsupplensentum
681 3267 755 3312 ratus
768 3258 821 3312 eie-
854 3259 931 3312 Voss.
950 3265 974 3314 2.
1009 3264 1099 3330 Atque
1122 3260 1188 3314 haec
1212 3259 1365 3315 Latinitatis
1384 3259 1460 3330 quasi

214 3329 267 3394 cit,
294 3344 349 3381 non
370 3332 447 3395 potu
470 3342 523 3378 non
548 3325 575 3378 in
598 3334 675 3380 tanto
693 3343 821 3380 comensu
854 3327 899 3380 lex
924 3334 980 3394 est,
1011 3336 1042 3381 ut
1067 3327 1095 3381 in
1118 3328 1282 3400 cognationis
1311 3327 1460 3383 nominibus

214 3397 291 3451 codd.
320 3393 414 3450 Curtio
445 3391 593 3447 restituere.
637 3393 732 3448 Potest
758 3411 821 3448 sane
855 3394 1014 3450 adiectirum
1049 3397 1211 3450 ronominale
1234 3398 1375 3452 secuudum
1402 3394 1460 3448 cius

215 3465 322 3530 abeam,
346 3477 432 3531 neque
453 3468 544 3514 tamen
560 3461 672 3516 crationi
689 3463 781 3530 obest,
799 3463 821 3516 si
854 3480 1002 3535 personum,
1038 3481 1054 3517 e
1072 3482 1125 3535 quo
1142 3483 1228 3520 sermo
1244 3465 1400 3532 instituitur,
1419 3464 1460 3518 in-

215 3534 251 3587 ad
268 3546 439 3602 praegressa,
462 3546 516 3608 non
543 3530 611 3584 sicut
634 3530 697 3584 olim
721 3532 821 3586 facturn
854 3531 992 3602 telligatur
1009 3549 1057 3587 nec
1073 3533 1187 3588 addatur
1204 3534 1254 3588 nisi
1268 3533 1313 3589 ubi
1326 3533 1461 3604 oppositio

215 3609 258 3656 cst
275 3601 310 3653 ad
326 3600 492 3669 insequentia
508 3599 649 3653 referatur.
855 3603 984 3672 quaedam
1050 3601 1152 3657 uiritur.

253 3669 318 3740 Cap.
342 3675 391 3733 41,
419 3671 444 3734 s.
468 3673 509 3721 19.
549 3671 633 3737 spado
659 3685 673 3722 e
699 3670 820 3738 capacis]
891 3673 915 3734 s.
934 3675 976 3722 21.
994 3687 1022 3726 ac
1093 3672 1152 3725 ibus
1170 3673 1240 3753 ipssa]
1264 3673 1326 3742 Ipse
1342 3671 1371 3724 in
1388 3669 1463 3723 libris

216 3737 308 3807 Vulgo
359 3739 528 3790 adounasea
547 3755 576 3790 co
597 3737 666 3804 riuis,
684 3744 713 3790 et
729 3737 822 3791 erneis
856 3753 885 3791 se
902 3737 1032 3792 invenisse
1046 3687 1152 3794 ldlodius
1170 3741 1310 3810 significat,
1328 3747 1357 3792 et
1374 3737 1460 3794 inveni

216 3806 245 3859 in
263 3805 321 3859 cod.
381 3823 449 3858 unus
476 3821 506 3857 su
525 3822 556 3859 ra
589 3804 673 3858 'eam
691 3805 823 3860 adiectum
857 3822 891 3859 ex
911 3805 984 3859 Flor.
1007 3805 1076 3860 DGI
1098 3817 1242 3862 ructatum
1282 3809 1401 3863 Probare
1421 3805 1461 3860 vi-

217 3881 267 3928 ost.
285 3871 381 3928 uersu·
399 3871 460 3926 libri
476 3822 548 3927 lllldr.
566 3882 594 3928 et
612 3882 724 3954 uterque
741 3876 821 3928 Bern.
857 3875 936 3927 detur
953 3873 1023 3928 idem
1048 3875 1170 3944 Modius,
1194 3877 1264 3931 haud
1287 3877 1366 3931 dubie
1390 3875 1461 3946 quod

218 3951 248 3996 et
264 3941 340 3995 Laid.
359 3941 437 3995 Voss,
462 3947 475 3993 1
501 3957 560 3994 earn
577 3959 692 3997 vocemr
731 3951 822 4009 orant;
857 3959 917 3996 cum
933 3950 1012 3997 antea
1028 3943 1062 3996 de
1079 3955 1166 3998 mutuo
1183 3945 1275 4000 dolore
1283 3946 1382 4000 dictum
1392 3950 1464 3997 esset

218 4011 319 4064 habent
342 4008 423 4062 etiam
439 4009 523 4064 nostri
540 4027 594 4063 non
612 4027 643 4064 ex
724 4029 744 4064 a.
780 4011 823 4064 De
857 4029 909 4065 non
927 4028 1062 4082 superesse
1071 4013 1210 4066 videbatur
1227 4013 1277 4066 nisi
1293 4014 1364 4084 regis
1381 4011 1463 4093 ipsius

218 4094 317 4202 ponere
333 4076 419 4130 morbi
436 4095 489 4148 quo
506 4077 598 4148 κείω
615 4079 764 4145 decesserit,
783 4079 824 4132 ni·
857 4097 978 4201 persona.
988 4081 1462 4136 Verummatuusdeunimmstnsdo·

238 4147 258 4199 il
274 4145 422 4212 Diodorus,
440 4163 500 4199 cum
516 4145 643 4200 Arrianus
661 4164 695 4200 ne
711 4155 824 4200 mortem
868 4165 914 4202 ora
927 4147 1077 4203 dictumest
1087 4151 1273 4220 quonoptibus
1283 4155 1463 4222 responderet.

238 4214 327 4268 uidam
349 4213 508 4268 memorarit.
543 4217 643 4268 Verum
666 4215 825 4269 Plutarchus
894 4222 918 4284 s.
937 4223 979 4271 Ἠ.
1003 4236 1034 4271 ec
1051 4220 1167 4272 murima
1181 4223 1270 4288 porte]
1289 4219 1334 4273 Sic
1350 4229 1463 4288 uterque

231 4301 248 4336 n
265 4283 305 4336 vit
322 4282 399 4335 Alex.
418 4288 451 4335 30
470 4287 502 4334 tv
525 4279 619 4349 ὠδῖσι,
649 4282 766 4336 lustinus
783 4299 825 4351 xr,
859 4285 979 4339 Bernet
993 4286 1063 4338 Flor.
1082 4302 1180 4354 omnes,
1199 4287 1280 4356 vulgo
1297 4289 1413 4342 murima
1430 4301 1463 4338 aa

220 4359 253 4405 12
273 4369 303 4404 sa
322 4351 454 4404 collisione
471 4351 565 4404 obiecti
576 4363 674 4421 portus
688 4353 827 4406 decessisse
854 4365 942 4424 purte.
974 4353 1108 4408 Sualrenb.
1126 4355 1153 4408 in
1171 4356 1224 4410 suis
1242 4357 1317 4410 codd.
1335 4371 1391 4409 essa
1408 4361 1465 4406 tra·

220 4420 350 4489 tradunt,
378 4436 535 4491 quamquam
552 4418 580 4472 in
598 4428 718 4492 tempora
735 4421 826 4476 defiui-
860 4423 901 4476 dit
918 4441 949 4476 ea
962 4433 1041 4493 parte
1058 4425 1183 4494 murima,
1201 4424 1295 4479 dubito
1313 4443 1377 4478 num
1393 4437 1466 4478 reru.

214 4267 228 4296 Ν

220 4303 229 4338 Ι
