<?xml version="1.0" encoding="UTF-8"?>
<!DOCTYPE html PUBLIC "-//W3C//DTD XHTML 1.0 Transitional//EN"
    "http://www.w3.org/TR/xhtml1/DTD/xhtml1-transitional.dtd">
<html xmlns="http://www.w3.org/1999/xhtml" xml:lang="en" lang="en">
 <head>
  <title>
</title>
<meta http-equiv="Content-Type" content="text/html;charset=utf-8" />
  <meta name='ocr-system' content='tesseract 3.04.00' />
  <meta name='ocr-capabilities' content='ocr_page ocr_carea ocr_par ocr_line ocrx_word'/>
</head>
<body>
  <div class='ocr_page' id='page_1' title='image "./qcurtiirufidege00zumpgoog_0275.png"; bbox 0 0 3270 5290; ppageno 0'>
   <div class='ocr_carea' id='block_1_1' title="bbox 49 367 1016 476">
    <p class='ocr_par' dir='ltr' id='par_1_1' title="bbox 49 367 1016 476">
     <span class='ocr_line' id='line_1_1' title="bbox 49 367 1016 476; baseline -0.001 -40"><span class='ocrx_word' id='word_1_1' title='bbox 49 467 52 474; x_wconf 21' lang='lat' dir='ltr'>y</span> <span class='ocrx_word' id='word_1_2' title='bbox 131 469 138 476; x_wconf 21' lang='grc' dir='ltr'><strong><em>ο</em></strong></span> <span class='ocrx_word' id='word_1_3' title='bbox 247 367 320 438; x_wconf 79' lang='lat'>246</span> <span class='ocrx_word' id='word_1_4' title='bbox 719 383 753 446; x_wconf 79' lang='lat' dir='ltr'>e.</span> <span class='ocrx_word' id='word_1_5' title='bbox 782 382 905 434; x_wconf 82' lang='lat' dir='ltr'>cuarn</span> <span class='ocrx_word' id='word_1_6' title='bbox 931 385 1016 435; x_wconf 78' lang='lat' dir='ltr'>ausi</span> 
     </span>
    </p>
   </div>
   <div class='ocr_carea' id='block_1_2' title="bbox 179 551 1559 2648">
    <p class='ocr_par' dir='ltr' id='par_1_2' title="bbox 179 551 1541 1217">
     <span class='ocr_line' id='line_1_2' title="bbox 179 551 1541 665; baseline -0.004 -22"><span class='ocrx_word' id='word_1_7' title='bbox 179 606 181 610; x_wconf 45' lang='lat'><strong><em>¹</em></strong></span> <span class='ocrx_word' id='word_1_8' title='bbox 244 569 327 643; x_wconf 89' lang='lat' dir='ltr'>Una</span> <span class='ocrx_word' id='word_1_9' title='bbox 357 567 450 642; x_wconf 89' lang='lat' dir='ltr'>ratio</span> <span class='ocrx_word' id='word_1_10' title='bbox 482 577 561 641; x_wconf 90' lang='lat' dir='ltr'>erat</span> <span class='ocrx_word' id='word_1_11' title='bbox 592 563 776 638; x_wconf 88' lang='lat' dir='ltr'>caedendo</span> <span class='ocrx_word' id='word_1_12' title='bbox 811 565 950 662; x_wconf 90' lang='lat' dir='ltr'>aperire</span> <span class='ocrx_word' id='word_1_13' title='bbox 977 565 1124 656; x_wconf 87' lang='lat' dir='ltr'>saltum,</span> <span class='ocrx_word' id='word_1_14' title='bbox 1157 563 1222 639; x_wconf 88' lang='lat' dir='ltr'>sed</span> <span class='ocrx_word' id='word_1_15' title='bbox 1248 565 1318 640; x_wconf 89' lang='lat' dir='ltr'>boc</span> <span class='ocrx_word' id='word_1_16' title='bbox 1344 551 1541 665; x_wconf 81' lang='lat' dir='ltr'>quoquere</span> 
     </span>
     <span class='ocr_line' id='line_1_3' title="bbox 243 675 1489 778; baseline 0.002 -27"><span class='ocrx_word' id='word_1_17' title='bbox 243 680 364 778; x_wconf 87' lang='lat' dir='ltr'>magni</span> <span class='ocrx_word' id='word_1_18' title='bbox 391 679 518 778; x_wconf 91' lang='lat' dir='ltr'>operis.</span> <span class='ocrx_word' id='word_1_19' title='bbox 572 675 696 752; x_wconf 78' lang='lat' dir='ltr'>Crebri</span> <span class='ocrx_word' id='word_1_20' title='bbox 721 700 876 772; x_wconf 91' lang='lat' dir='ltr'>namque</span> <span class='ocrx_word' id='word_1_21' title='bbox 909 675 995 749; x_wconf 92' lang='lat' dir='ltr'>nodi</span> <span class='ocrx_word' id='word_1_22' title='bbox 1021 676 1241 750; x_wconf 89' lang='lat' dir='ltr'>duraverant</span> <span class='ocrx_word' id='word_1_23' title='bbox 1267 677 1423 775; x_wconf 77' lang='lat' dir='ltr'><strong>stipites,</strong></span> <span class='ocrx_word' id='word_1_24' title='bbox 1450 691 1489 754; x_wconf 93' lang='lat' dir='ltr'>et</span> 
     </span>
     <span class='ocr_line' id='line_1_4' title="bbox 242 786 1487 887; baseline 0.002 -24"><span class='ocrx_word' id='word_1_25' title='bbox 242 792 281 863; x_wconf 89' lang='lat' dir='ltr'>in</span> <span class='ocrx_word' id='word_1_26' title='bbox 313 815 352 864; x_wconf 90' lang='lat' dir='ltr'>se</span> <span class='ocrx_word' id='word_1_27' title='bbox 384 788 553 887; x_wconf 89' lang='lat' dir='ltr'>implicati</span> <span class='ocrx_word' id='word_1_28' title='bbox 591 788 761 860; x_wconf 89' lang='lat' dir='ltr'>arborum</span> <span class='ocrx_word' id='word_1_29' title='bbox 793 786 904 878; x_wconf 88' lang='lat' dir='ltr'>rami,</span> <span class='ocrx_word' id='word_1_30' title='bbox 945 787 1127 885; x_wconf 78' lang='lat' dir='ltr'>suspensis</span> <span class='ocrx_word' id='word_1_31' title='bbox 1165 786 1303 860; x_wconf 90' lang='lat' dir='ltr'>circulis</span> <span class='ocrx_word' id='word_1_32' title='bbox 1344 790 1487 882; x_wconf 79' lang='lat' dir='ltr'>similes,</span> 
     </span>
     <span class='ocr_line' id='line_1_5' title="bbox 244 895 1541 988; baseline -0.005 -14"><span class='ocrx_word' id='word_1_33' title='bbox 244 903 342 974; x_wconf 90' lang='lat' dir='ltr'>lento</span> <span class='ocrx_word' id='word_1_34' title='bbox 368 901 500 973; x_wconf 86' lang='lat' dir='ltr'>vimine</span> <span class='ocrx_word' id='word_1_35' title='bbox 526 897 793 971; x_wconf 80' lang='lat' dir='ltr'>frustrabantur</span> <span class='ocrx_word' id='word_1_36' title='bbox 817 897 921 970; x_wconf 90' lang='lat' dir='ltr'>ictus.</span> <span class='ocrx_word' id='word_1_37' title='bbox 973 895 1116 972; x_wconf 81' lang='lat' dir='ltr'>Incolae</span> <span class='ocrx_word' id='word_1_38' title='bbox 1141 907 1273 988; x_wconf 89' lang='lat' dir='ltr'>autem,</span> <span class='ocrx_word' id='word_1_39' title='bbox 1300 899 1372 972; x_wconf 90' lang='lat' dir='ltr'>ritu</span> <span class='ocrx_word' id='word_1_40' title='bbox 1397 901 1541 974; x_wconf 74' lang='lat' dir='ltr'>fera-17</span> 
     </span>
     <span class='ocr_line' id='line_1_6' title="bbox 244 1008 1487 1107; baseline -0.002 -23"><span class='ocrx_word' id='word_1_41' title='bbox 244 1037 326 1084; x_wconf 92' lang='lat' dir='ltr'>rum</span> <span class='ocrx_word' id='word_1_42' title='bbox 351 1011 508 1107; x_wconf 85' lang='lat' dir='ltr'>virgulta</span> <span class='ocrx_word' id='word_1_43' title='bbox 533 1009 654 1082; x_wconf 87' lang='lat' dir='ltr'>subire</span> <span class='ocrx_word' id='word_1_44' title='bbox 680 1008 794 1098; x_wconf 88' lang='lat' dir='ltr'>soliti,</span> <span class='ocrx_word' id='word_1_45' title='bbox 819 1018 898 1080; x_wconf 91' lang='lat' dir='ltr'>tum</span> <span class='ocrx_word' id='word_1_46' title='bbox 925 1033 1067 1106; x_wconf 88' lang='lat' dir='ltr'>quoque</span> <span class='ocrx_word' id='word_1_47' title='bbox 1094 1011 1319 1084; x_wconf 88' lang='lat' dir='ltr'>intraverant</span> <span class='ocrx_word' id='word_1_48' title='bbox 1344 1010 1487 1101; x_wconf 85' lang='lat' dir='ltr'>saltum,</span> 
     </span>
     <span class='ocr_line' id='line_1_7' title="bbox 247 1119 1003 1217; baseline -0.005 -23"><span class='ocrx_word' id='word_1_49' title='bbox 247 1121 466 1217; x_wconf 89' lang='lat' dir='ltr'>occultisque</span> <span class='ocrx_word' id='word_1_50' title='bbox 491 1119 573 1194; x_wconf 90' lang='lat' dir='ltr'>telis</span> <span class='ocrx_word' id='word_1_51' title='bbox 599 1120 742 1192; x_wconf 87' lang='lat' dir='ltr'>hostem</span> <span class='ocrx_word' id='word_1_52' title='bbox 767 1119 1003 1193; x_wconf 74' lang='lat' dir='ltr'>lacessebant.</span> 
     </span>
    </p>

    <p class='ocr_par' dir='ltr' id='par_1_3' title="bbox 199 1228 1559 2648">
     <span class='ocr_line' id='line_1_8' title="bbox 199 1228 1487 1328; baseline 0 -24"><span class='ocrx_word' id='word_1_53' title='bbox 199 1237 243 1304; x_wconf 81' lang='lat'>17</span> <span class='ocrx_word' id='word_1_54' title='bbox 347 1229 411 1304; x_wconf 93' lang='lat' dir='ltr'>Ille</span> <span class='ocrx_word' id='word_1_55' title='bbox 437 1231 647 1304; x_wconf 80' lang='lat' dir='ltr'>venantium</span> <span class='ocrx_word' id='word_1_56' title='bbox 672 1228 782 1303; x_wconf 91' lang='lat' dir='ltr'>modo</span> <span class='ocrx_word' id='word_1_57' title='bbox 807 1229 957 1302; x_wconf 84' lang='lat' dir='ltr'>latibula</span> <span class='ocrx_word' id='word_1_58' title='bbox 982 1239 1174 1318; x_wconf 85' lang='lat' dir='ltr'>scrutatus,</span> <span class='ocrx_word' id='word_1_59' title='bbox 1187 1232 1378 1328; x_wconf 87' lang='lat' dir='ltr'>plerosque</span> <span class='ocrx_word' id='word_1_60' title='bbox 1405 1255 1487 1304; x_wconf 91' lang='lat' dir='ltr'>oon·</span> 
     </span>
     <span class='ocr_line' id='line_1_9' title="bbox 245 1338 1489 1437; baseline 0.001 -24"><span class='ocrx_word' id='word_1_61' title='bbox 245 1341 354 1415; x_wconf 87' lang='lat' dir='ltr'>fodit:</span> <span class='ocrx_word' id='word_1_62' title='bbox 381 1338 429 1413; x_wconf 88' lang='lat' dir='ltr'>ad</span> <span class='ocrx_word' id='word_1_63' title='bbox 455 1339 619 1412; x_wconf 90' lang='lat' dir='ltr'>ultimum</span> <span class='ocrx_word' id='word_1_64' title='bbox 644 1341 829 1414; x_wconf 88' lang='lat' dir='ltr'>circumire</span> <span class='ocrx_word' id='word_1_65' title='bbox 856 1340 987 1412; x_wconf 74' lang='lat' dir='ltr'>salbam</span> <span class='ocrx_word' id='word_1_66' title='bbox 1012 1339 1142 1412; x_wconf 87' lang='lat' dir='ltr'>milites</span> <span class='ocrx_word' id='word_1_67' title='bbox 1168 1341 1278 1431; x_wconf 88' lang='lat' dir='ltr'>iubet,</span> <span class='ocrx_word' id='word_1_68' title='bbox 1291 1349 1333 1414; x_wconf 93' lang='lat' dir='ltr'>ut</span> <span class='ocrx_word' id='word_1_69' title='bbox 1360 1341 1390 1413; x_wconf 91' lang='lat' dir='ltr'>si</span> <span class='ocrx_word' id='word_1_70' title='bbox 1416 1366 1489 1437; x_wconf 88' lang='lat' dir='ltr'>qua</span> 
     </span>
     <span class='ocr_line' id='line_1_10' title="bbox 245 1446 1543 1550; baseline -0.005 -24"><span class='ocrx_word' id='word_1_71' title='bbox 245 1461 404 1550; x_wconf 87' lang='lat' dir='ltr'>pateret,</span> <span class='ocrx_word' id='word_1_72' title='bbox 443 1449 691 1548; x_wconf 86' lang='lat' dir='ltr'>irrumperent.</span> <span class='ocrx_word' id='word_1_73' title='bbox 752 1446 824 1524; x_wconf 88' lang='lat' dir='ltr'>Sed</span> <span class='ocrx_word' id='word_1_74' title='bbox 863 1450 994 1547; x_wconf 85' lang='lat' dir='ltr'>ignotis</span> <span class='ocrx_word' id='word_1_75' title='bbox 1028 1450 1116 1522; x_wconf 91' lang='lat' dir='ltr'>locis</span> <span class='ocrx_word' id='word_1_76' title='bbox 1150 1450 1310 1548; x_wconf 89' lang='lat' dir='ltr'>plerique</span> <span class='ocrx_word' id='word_1_77' title='bbox 1344 1450 1487 1524; x_wconf 89' lang='lat' dir='ltr'>oberra-</span> <span class='ocrx_word' id='word_1_78' title='bbox 1508 1471 1543 1520; x_wconf 84' lang='lat' dir='ltr'>rs</span> 
     </span>
     <span class='ocr_line' id='line_1_11' title="bbox 245 1559 1487 1658; baseline 0 -24"><span class='ocrx_word' id='word_1_79' title='bbox 245 1563 344 1652; x_wconf 89' lang='lat' dir='ltr'>bant,</span> <span class='ocrx_word' id='word_1_80' title='bbox 370 1561 584 1658; x_wconf 84' lang='lat' dir='ltr'>exceptique</span> <span class='ocrx_word' id='word_1_81' title='bbox 609 1573 695 1635; x_wconf 91' lang='lat' dir='ltr'>sunt</span> <span class='ocrx_word' id='word_1_82' title='bbox 720 1559 875 1658; x_wconf 89' lang='lat' dir='ltr'>quidam,</span> <span class='ocrx_word' id='word_1_83' title='bbox 901 1559 995 1632; x_wconf 88' lang='lat' dir='ltr'>inter</span> <span class='ocrx_word' id='word_1_84' title='bbox 1021 1581 1112 1655; x_wconf 89' lang='lat' dir='ltr'>quos</span> <span class='ocrx_word' id='word_1_85' title='bbox 1139 1585 1252 1657; x_wconf 89' lang='lat' dir='ltr'>equus</span> <span class='ocrx_word' id='word_1_86' title='bbox 1277 1561 1391 1658; x_wconf 82' lang='lat' dir='ltr'>regis:</span> <span class='ocrx_word' id='word_1_87' title='bbox 1417 1559 1487 1634; x_wconf 92' lang='lat' dir='ltr'>Bu·</span> 
     </span>
     <span class='ocr_line' id='line_1_12' title="bbox 246 1668 1487 1772; baseline -0.001 -27"><span class='ocrx_word' id='word_1_88' title='bbox 246 1673 431 1772; x_wconf 80' lang='lat' dir='ltr'>cephalam</span> <span class='ocrx_word' id='word_1_89' title='bbox 456 1672 651 1745; x_wconf 87' lang='lat' dir='ltr'>vocabant:</span> <span class='ocrx_word' id='word_1_90' title='bbox 677 1696 784 1769; x_wconf 91' lang='lat' dir='ltr'>quem</span> <span class='ocrx_word' id='word_1_91' title='bbox 809 1668 1018 1743; x_wconf 84' lang='lat' dir='ltr'>Alexander</span> <span class='ocrx_word' id='word_1_92' title='bbox 1043 1693 1117 1741; x_wconf 93' lang='lat' dir='ltr'>non</span> <span class='ocrx_word' id='word_1_93' title='bbox 1143 1668 1270 1742; x_wconf 88' lang='lat' dir='ltr'>eodem</span> <span class='ocrx_word' id='word_1_94' title='bbox 1296 1696 1367 1767; x_wconf 93' lang='lat' dir='ltr'>quo</span> <span class='ocrx_word' id='word_1_95' title='bbox 1394 1682 1487 1744; x_wconf 87' lang='lat' dir='ltr'>cete·</span> 
     </span>
     <span class='ocr_line' id='line_1_13' title="bbox 244 1775 1486 1882; baseline -0.002 -26"><span class='ocrx_word' id='word_1_96' title='bbox 244 1808 303 1856; x_wconf 89' lang='lat' dir='ltr'>ras</span> <span class='ocrx_word' id='word_1_97' title='bbox 330 1781 485 1882; x_wconf 86' lang='lat' dir='ltr'>pecudes</span> <span class='ocrx_word' id='word_1_98' title='bbox 513 1782 631 1854; x_wconf 89' lang='lat' dir='ltr'>animo</span> <span class='ocrx_word' id='word_1_99' title='bbox 666 1780 888 1856; x_wconf 86' lang='lat' dir='ltr'>aestimabat.</span> <span class='ocrx_word' id='word_1_100' title='bbox 940 1775 1103 1876; x_wconf 92' lang='lat' dir='ltr'>Namque</span> <span class='ocrx_word' id='word_1_101' title='bbox 1136 1779 1196 1851; x_wconf 90' lang='lat' dir='ltr'>ille</span> <span class='ocrx_word' id='word_1_102' title='bbox 1221 1803 1288 1853; x_wconf 90' lang='lat' dir='ltr'>nec</span> <span class='ocrx_word' id='word_1_103' title='bbox 1313 1780 1351 1852; x_wconf 93' lang='lat' dir='ltr'>in</span> <span class='ocrx_word' id='word_1_104' title='bbox 1377 1780 1486 1854; x_wconf 91' lang='lat' dir='ltr'>dorso</span> 
     </span>
     <span class='ocr_line' id='line_1_14' title="bbox 244 1891 1485 1990; baseline 0 -24"><span class='ocrx_word' id='word_1_105' title='bbox 244 1892 399 1968; x_wconf 86' lang='lat' dir='ltr'>insidere</span> <span class='ocrx_word' id='word_1_106' title='bbox 426 1917 491 1965; x_wconf 85' lang='lat' dir='ltr'>suo</span> <span class='ocrx_word' id='word_1_107' title='bbox 518 1892 722 1990; x_wconf 88' lang='lat' dir='ltr'>patiebatur</span> <span class='ocrx_word' id='word_1_108' title='bbox 748 1892 866 1982; x_wconf 88' lang='lat' dir='ltr'>alium,</span> <span class='ocrx_word' id='word_1_109' title='bbox 893 1899 931 1964; x_wconf 92' lang='lat' dir='ltr'>et</span> <span class='ocrx_word' id='word_1_110' title='bbox 955 1915 1095 1987; x_wconf 85' lang='lat' dir='ltr'>regem,</span> <span class='ocrx_word' id='word_1_111' title='bbox 1121 1913 1205 1962; x_wconf 89' lang='lat' dir='ltr'>cum</span> <span class='ocrx_word' id='word_1_112' title='bbox 1229 1891 1339 1964; x_wconf 90' lang='lat' dir='ltr'>vellet</span> <span class='ocrx_word' id='word_1_113' title='bbox 1365 1916 1485 1966; x_wconf 86' lang='lat' dir='ltr'>ascen·</span> 
     </span>
     <span class='ocr_line' id='line_1_15' title="bbox 243 2000 1486 2102; baseline 0.001 -25"><span class='ocrx_word' id='word_1_114' title='bbox 243 2005 346 2096; x_wconf 87' lang='lat' dir='ltr'>dere,</span> <span class='ocrx_word' id='word_1_115' title='bbox 381 2014 510 2102; x_wconf 85' lang='lat' dir='ltr'>sponte</span> <span class='ocrx_word' id='word_1_116' title='bbox 543 2027 662 2100; x_wconf 86' lang='lat' dir='ltr'>genua</span> <span class='ocrx_word' id='word_1_117' title='bbox 693 2002 919 2075; x_wconf 87' lang='lat' dir='ltr'>summittens</span> <span class='ocrx_word' id='word_1_118' title='bbox 952 2000 1168 2098; x_wconf 83' lang='lat' dir='ltr'>excipiebat,</span> <span class='ocrx_word' id='word_1_119' title='bbox 1202 2000 1486 2101; x_wconf 86' lang='lat' dir='ltr'>credebaturque</span> 
     </span>
     <span class='ocr_line' id='line_1_16' title="bbox 243 2109 1539 2211; baseline -0.005 -25"><span class='ocrx_word' id='word_1_120' title='bbox 243 2116 374 2188; x_wconf 88' lang='lat' dir='ltr'>sentire</span> <span class='ocrx_word' id='word_1_121' title='bbox 401 2117 507 2211; x_wconf 86' lang='lat' dir='ltr'>quem</span> <span class='ocrx_word' id='word_1_122' title='bbox 532 2115 690 2187; x_wconf 85' lang='lat' dir='ltr'>veheret.</span> <span class='ocrx_word' id='word_1_123' title='bbox 742 2109 878 2186; x_wconf 89' lang='lat' dir='ltr'>Maiore</span> <span class='ocrx_word' id='word_1_124' title='bbox 904 2111 1007 2209; x_wconf 87' lang='lat' dir='ltr'>ergo,</span> <span class='ocrx_word' id='word_1_125' title='bbox 1041 2135 1149 2208; x_wconf 91' lang='lat' dir='ltr'>quam</span> <span class='ocrx_word' id='word_1_126' title='bbox 1175 2110 1336 2203; x_wconf 85' lang='lat' dir='ltr'>decebat,</span> <span class='ocrx_word' id='word_1_127' title='bbox 1361 2112 1416 2185; x_wconf 89' lang='lat' dir='ltr'>ira</span> <span class='ocrx_word' id='word_1_128' title='bbox 1441 2115 1486 2185; x_wconf 91' lang='lat' dir='ltr'>si·</span> <span class='ocrx_word' id='word_1_129' title='bbox 1505 2133 1539 2181; x_wconf 81' lang='lat'>19</span> 
     </span>
     <span class='ocr_line' id='line_1_17' title="bbox 243 2221 1485 2320; baseline -0.001 -25"><span class='ocrx_word' id='word_1_130' title='bbox 243 2226 319 2296; x_wconf 92' lang='lat' dir='ltr'>mul</span> <span class='ocrx_word' id='word_1_131' title='bbox 344 2248 386 2295; x_wconf 92' lang='lat' dir='ltr'>ac</span> <span class='ocrx_word' id='word_1_132' title='bbox 413 2222 536 2296; x_wconf 89' lang='lat' dir='ltr'>dolore</span> <span class='ocrx_word' id='word_1_133' title='bbox 562 2224 774 2310; x_wconf 87' lang='lat' dir='ltr'>stimulatus,</span> <span class='ocrx_word' id='word_1_134' title='bbox 793 2246 924 2318; x_wconf 90' lang='lat' dir='ltr'>equum</span> <span class='ocrx_word' id='word_1_135' title='bbox 950 2221 1120 2318; x_wconf 86' lang='lat' dir='ltr'>vestigari</span> <span class='ocrx_word' id='word_1_136' title='bbox 1144 2222 1255 2313; x_wconf 88' lang='lat' dir='ltr'>iubet,</span> <span class='ocrx_word' id='word_1_137' title='bbox 1281 2232 1319 2296; x_wconf 90' lang='lat' dir='ltr'>et</span> <span class='ocrx_word' id='word_1_138' title='bbox 1344 2246 1409 2320; x_wconf 90' lang='lat' dir='ltr'>per</span> <span class='ocrx_word' id='word_1_139' title='bbox 1434 2224 1485 2294; x_wconf 91' lang='lat' dir='ltr'>in·</span> 
     </span>
     <span class='ocr_line' id='line_1_18' title="bbox 244 2329 1559 2430; baseline -0.001 -25"><span class='ocrx_word' id='word_1_140' title='bbox 244 2343 438 2429; x_wconf 85' lang='lat' dir='ltr'>terpretem</span> <span class='ocrx_word' id='word_1_141' title='bbox 463 2333 696 2430; x_wconf 86' lang='lat' dir='ltr'>pronuntiari,</span> <span class='ocrx_word' id='word_1_142' title='bbox 722 2332 760 2404; x_wconf 91' lang='lat' dir='ltr'>ni</span> <span class='ocrx_word' id='word_1_143' title='bbox 785 2329 1035 2419; x_wconf 88' lang='lat' dir='ltr'>reddidissent,</span> <span class='ocrx_word' id='word_1_144' title='bbox 1062 2332 1240 2408; x_wconf 91' lang='lat' dir='ltr'>neminem</span> <span class='ocrx_word' id='word_1_145' title='bbox 1266 2357 1345 2406; x_wconf 88' lang='lat' dir='ltr'>esse</span> <span class='ocrx_word' id='word_1_146' title='bbox 1371 2333 1484 2406; x_wconf 87' lang='lat' dir='ltr'>victu-</span> <span class='ocrx_word' id='word_1_147' title='bbox 1554 2395 1559 2404; x_wconf 93' lang='lat'>.</span> 
     </span>
     <span class='ocr_line' id='line_1_19' title="bbox 244 2441 1484 2539; baseline 0.001 -24"><span class='ocrx_word' id='word_1_148' title='bbox 244 2467 334 2515; x_wconf 88' lang='lat' dir='ltr'>rmn.</span> <span class='ocrx_word' id='word_1_149' title='bbox 386 2441 464 2514; x_wconf 87' lang='lat' dir='ltr'>Hac</span> <span class='ocrx_word' id='word_1_150' title='bbox 497 2441 765 2515; x_wconf 88' lang='lat' dir='ltr'>denuntiatione</span> <span class='ocrx_word' id='word_1_151' title='bbox 790 2443 923 2530; x_wconf 88' lang='lat' dir='ltr'>territi,</span> <span class='ocrx_word' id='word_1_152' title='bbox 959 2465 1041 2512; x_wconf 90' lang='lat' dir='ltr'>cum</span> <span class='ocrx_word' id='word_1_153' title='bbox 1068 2443 1194 2515; x_wconf 85' lang='lat' dir='ltr'>ceteris</span> <span class='ocrx_word' id='word_1_154' title='bbox 1220 2442 1324 2516; x_wconf 90' lang='lat' dir='ltr'>donis</span> <span class='ocrx_word' id='word_1_155' title='bbox 1351 2467 1484 2539; x_wconf 91' lang='lat' dir='ltr'>equum</span> 
     </span>
     <span class='ocr_line' id='line_1_20' title="bbox 244 2546 1537 2648; baseline -0.001 -23"><span class='ocrx_word' id='word_1_156' title='bbox 244 2551 436 2625; x_wconf 88' lang='lat' dir='ltr'>adducunt</span> <span class='ocrx_word' id='word_1_157' title='bbox 476 2546 548 2623; x_wconf 89' lang='lat' dir='ltr'>Sed</span> <span class='ocrx_word' id='word_1_158' title='bbox 574 2575 619 2624; x_wconf 90' lang='lat' dir='ltr'>ne</span> <span class='ocrx_word' id='word_1_159' title='bbox 646 2552 696 2624; x_wconf 91' lang='lat' dir='ltr'>sic</span> <span class='ocrx_word' id='word_1_160' title='bbox 723 2551 866 2648; x_wconf 91' lang='lat' dir='ltr'>quidem</span> <span class='ocrx_word' id='word_1_161' title='bbox 891 2551 1083 2648; x_wconf 76' lang='lat' dir='ltr'>mitigatus,</span> <span class='ocrx_word' id='word_1_162' title='bbox 1111 2551 1211 2628; x_wconf 88' lang='lat' dir='ltr'>caedi</span> <span class='ocrx_word' id='word_1_163' title='bbox 1238 2553 1346 2628; x_wconf 88' lang='lat' dir='ltr'>silvas</span> <span class='ocrx_word' id='word_1_164' title='bbox 1372 2554 1537 2646; x_wconf 73' lang='lat' dir='ltr'>iubatae</span> 
     </span>
    </p>
   </div>
   <div class='ocr_carea' id='block_1_3' title="bbox 175 2749 1483 4526">
    <p class='ocr_par' dir='ltr' id='par_1_4' title="bbox 175 2749 1483 4526">
     <span class='ocr_line' id='line_1_21' title="bbox 241 2749 1483 2822; baseline 0.002 -16"><span class='ocrx_word' id='word_1_165' title='bbox 241 2783 276 2794; x_wconf 88' lang='lat'><em>-</em></span> <span class='ocrx_word' id='word_1_166' title='bbox 294 2752 412 2822; x_wconf 81' lang='lat' dir='ltr'>cludunt]</span> <span class='ocrx_word' id='word_1_167' title='bbox 448 2750 551 2804; x_wconf 88' lang='lat' dir='ltr'>Vereor</span> <span class='ocrx_word' id='word_1_168' title='bbox 575 2758 607 2804; x_wconf 91' lang='lat' dir='ltr'>ut</span> <span class='ocrx_word' id='word_1_169' title='bbox 624 2751 688 2804; x_wconf 89' lang='lat' dir='ltr'>satis</span> <span class='ocrx_word' id='word_1_170' title='bbox 704 2749 790 2803; x_wconf 88' lang='lat' dir='ltr'>adhuc</span> <span class='ocrx_word' id='word_1_171' title='bbox 807 2749 846 2804; x_wconf 91' lang='lat' dir='ltr'>lo·</span> <span class='ocrx_word' id='word_1_172' title='bbox 878 2750 1065 2804; x_wconf 85' lang='lat' dir='ltr'>minationibus</span> <span class='ocrx_word' id='word_1_173' title='bbox 1091 2752 1232 2806; x_wconf 81' lang='lat' dir='ltr'>verborum</span> <span class='ocrx_word' id='word_1_174' title='bbox 1261 2752 1390 2807; x_wconf 88' lang='lat' dir='ltr'>immunes</span> <span class='ocrx_word' id='word_1_175' title='bbox 1425 2769 1483 2808; x_wconf 84' lang='lat' dir='ltr'>essa</span> 
     </span>
     <span class='ocr_line' id='line_1_22' title="bbox 242 2817 1073 2889; baseline -0.002 -16"><span class='ocrx_word' id='word_1_176' title='bbox 242 2837 288 2873; x_wconf 90' lang='lat' dir='ltr'>cus</span> <span class='ocrx_word' id='word_1_177' title='bbox 306 2827 413 2873; x_wconf 88' lang='lat' dir='ltr'>sanatus</span> <span class='ocrx_word' id='word_1_178' title='bbox 431 2818 474 2885; x_wconf 88' lang='lat' dir='ltr'>sit,</span> <span class='ocrx_word' id='word_1_179' title='bbox 492 2836 553 2871; x_wconf 86' lang='lat' dir='ltr'>nam</span> <span class='ocrx_word' id='word_1_180' title='bbox 570 2818 664 2889; x_wconf 90' lang='lat' dir='ltr'>optimi</span> <span class='ocrx_word' id='word_1_181' title='bbox 674 2817 734 2872; x_wconf 86' lang='lat' dir='ltr'>libri</span> <span class='ocrx_word' id='word_1_182' title='bbox 745 2821 845 2872; x_wconf 81' lang='lat' dir='ltr'>occultu</span> <span class='ocrx_word' id='word_1_183' title='bbox 879 2819 943 2872; x_wconf 85' lang='lat' dir='ltr'>satis</span> <span class='ocrx_word' id='word_1_184' title='bbox 962 2827 1073 2873; x_wconf 80' lang='lat' dir='ltr'>constat.</span> 
     </span>
     <span class='ocr_line' id='line_1_23' title="bbox 242 2885 1483 2960; baseline 0.002 -19"><span class='ocrx_word' id='word_1_185' title='bbox 242 2897 270 2941; x_wconf 86' lang='lat' dir='ltr'>et</span> <span class='ocrx_word' id='word_1_186' title='bbox 294 2904 383 2942; x_wconf 88' lang='lat' dir='ltr'>omnes</span> <span class='ocrx_word' id='word_1_187' title='bbox 408 2888 463 2940; x_wconf 86' lang='lat' dir='ltr'>sere</span> <span class='ocrx_word' id='word_1_188' title='bbox 489 2889 570 2940; x_wconf 79' lang='lat' dir='ltr'>cludit</span> <span class='ocrx_word' id='word_1_189' title='bbox 594 2885 648 2940; x_wconf 87' lang='lat' dir='ltr'>siva</span> <span class='ocrx_word' id='word_1_190' title='bbox 676 2889 776 2940; x_wconf 82' lang='lat' dir='ltr'>claudie</span> <span class='ocrx_word' id='word_1_191' title='bbox 799 2887 846 2938; x_wconf 87' lang='lat' dir='ltr'>ba·</span> <span class='ocrx_word' id='word_1_192' title='bbox 914 2889 988 2954; x_wconf 68' lang='lat' dir='ltr'>§.lt</span> <span class='ocrx_word' id='word_1_193' title='bbox 1007 2891 1167 2940; x_wconf 77' lang='lat' dir='ltr'>duraverant</span> <span class='ocrx_word' id='word_1_194' title='bbox 1184 2889 1297 2957; x_wconf 60' lang='lat' dir='ltr'>slmiles]</span> <span class='ocrx_word' id='word_1_195' title='bbox 1322 2887 1395 2943; x_wconf 90' lang='lat' dir='ltr'>Olim</span> <span class='ocrx_word' id='word_1_196' title='bbox 1411 2889 1483 2960; x_wconf 84' lang='lat' dir='ltr'>quod</span> 
     </span>
     <span class='ocr_line' id='line_1_24' title="bbox 242 2954 1482 3011; baseline 0.001 -1"><span class='ocrx_word' id='word_1_197' title='bbox 242 2957 315 3010; x_wconf 88' lang='lat' dir='ltr'>bent.</span> <span class='ocrx_word' id='word_1_198' title='bbox 350 2955 405 3008; x_wconf 86' lang='lat' dir='ltr'>Sed</span> <span class='ocrx_word' id='word_1_199' title='bbox 421 2973 503 3008; x_wconf 90' lang='lat' dir='ltr'>unum</span> <span class='ocrx_word' id='word_1_200' title='bbox 519 2954 614 3008; x_wconf 80' lang='lat' dir='ltr'>vitium</span> <span class='ocrx_word' id='word_1_201' title='bbox 631 2954 781 3008; x_wconf 82' lang='lat' dir='ltr'>sustulimus</span> <span class='ocrx_word' id='word_1_202' title='bbox 799 2954 845 3006; x_wconf 88' lang='lat' dir='ltr'>de·</span> <span class='ocrx_word' id='word_1_203' title='bbox 878 2954 903 3006; x_wconf 91' lang='lat' dir='ltr'>le</span> <span class='ocrx_word' id='word_1_204' title='bbox 922 2956 1017 3008; x_wconf 85' lang='lat' dir='ltr'>ebatur</span> <span class='ocrx_word' id='word_1_205' title='bbox 1033 2957 1197 3008; x_wconf 81' lang='lat' dir='ltr'>sudaverant</span> <span class='ocrx_word' id='word_1_206' title='bbox 1214 2957 1401 3010; x_wconf 85' lang='lat' dir='ltr'>emendaverat</span> <span class='ocrx_word' id='word_1_207' title='bbox 1418 2957 1482 3011; x_wconf 81' lang='lat' dir='ltr'>Aci·</span> 
     </span>
     <span class='ocr_line' id='line_1_25' title="bbox 241 3021 1483 3095; baseline 0.001 -18"><span class='ocrx_word' id='word_1_208' title='bbox 241 3025 296 3078; x_wconf 86' lang='lat' dir='ltr'>leto</span> <span class='ocrx_word' id='word_1_209' title='bbox 321 3025 393 3095; x_wconf 90' lang='lat' dir='ltr'>quod</span> <span class='ocrx_word' id='word_1_210' title='bbox 427 3031 488 3094; x_wconf 88' lang='lat' dir='ltr'>post</span> <span class='ocrx_word' id='word_1_211' title='bbox 513 3025 606 3076; x_wconf 82' lang='lat' dir='ltr'>occulti</span> <span class='ocrx_word' id='word_1_212' title='bbox 640 3023 721 3092; x_wconf 83' lang='lat' dir='ltr'>vulgo</span> <span class='ocrx_word' id='word_1_213' title='bbox 748 3021 846 3091; x_wconf 86' lang='lat' dir='ltr'>legitur</span> <span class='ocrx_word' id='word_1_214' title='bbox 879 3023 896 3075; x_wconf 93' lang='lat' dir='ltr'>d</span> <span class='ocrx_word' id='word_1_215' title='bbox 925 3021 963 3075; x_wconf 90' lang='lat' dir='ltr'>&#39;us</span> <span class='ocrx_word' id='word_1_216' title='bbox 981 3023 1186 3092; x_wconf 81' lang='lat' dir='ltr'>suffragantibus</span> <span class='ocrx_word' id='word_1_217' title='bbox 1209 3041 1268 3077; x_wconf 90' lang='lat' dir='ltr'>cum</span> <span class='ocrx_word' id='word_1_218' title='bbox 1286 3023 1483 3095; x_wconf 72' lang='lat' dir='ltr'>snakenburgii</span> 
     </span>
     <span class='ocr_line' id='line_1_26' title="bbox 242 3089 1482 3161; baseline 0.002 -15"><span class='ocrx_word' id='word_1_219' title='bbox 242 3110 333 3146; x_wconf 75' lang='lat' dir='ltr'>sesua</span> <span class='ocrx_word' id='word_1_220' title='bbox 355 3091 426 3145; x_wconf 86' lang='lat' dir='ltr'>Nam</span> <span class='ocrx_word' id='word_1_221' title='bbox 443 3091 480 3144; x_wconf 87' lang='lat' dir='ltr'>sic</span> <span class='ocrx_word' id='word_1_222' title='bbox 498 3090 605 3161; x_wconf 89' lang='lat' dir='ltr'>quidem</span> <span class='ocrx_word' id='word_1_223' title='bbox 621 3090 650 3144; x_wconf 91' lang='lat' dir='ltr'>in</span> <span class='ocrx_word' id='word_1_224' title='bbox 667 3090 739 3144; x_wconf 89' lang='lat' dir='ltr'>nullo</span> <span class='ocrx_word' id='word_1_225' title='bbox 756 3089 845 3144; x_wconf 80' lang='lat' dir='ltr'>codiee</span> <span class='ocrx_word' id='word_1_226' title='bbox 878 3090 952 3144; x_wconf 84' lang='lat' dir='ltr'>Laid.</span> <span class='ocrx_word' id='word_1_227' title='bbox 972 3090 1069 3144; x_wconf 81' lang='lat' dir='ltr'>Vossl</span> <span class='ocrx_word' id='word_1_228' title='bbox 1090 3098 1147 3144; x_wconf 85' lang='lat' dir='ltr'>tum</span> <span class='ocrx_word' id='word_1_229' title='bbox 1165 3091 1260 3146; x_wconf 84' lang='lat' dir='ltr'>nostris</span> <span class='ocrx_word' id='word_1_230' title='bbox 1277 3093 1357 3146; x_wconf 75' lang='lat' dir='ltr'>Bana</span> <span class='ocrx_word' id='word_1_231' title='bbox 1367 3098 1393 3147; x_wconf 83' lang='grc' dir='ltr'><strong>Δ</strong></span> <span class='ocrx_word' id='word_1_232' title='bbox 1409 3093 1482 3148; x_wconf 81' lang='lat' dir='ltr'>Flor.</span> 
     </span>
     <span class='ocr_line' id='line_1_27' title="bbox 243 3156 1277 3228; baseline 0.001 -15"><span class='ocrx_word' id='word_1_233' title='bbox 243 3169 293 3228; x_wconf 88' lang='lat' dir='ltr'>est,</span> <span class='ocrx_word' id='word_1_234' title='bbox 312 3161 358 3214; x_wconf 89' lang='lat' dir='ltr'>sed</span> <span class='ocrx_word' id='word_1_235' title='bbox 376 3159 404 3212; x_wconf 92' lang='lat' dir='ltr'>in</span> <span class='ocrx_word' id='word_1_236' title='bbox 420 3158 491 3212; x_wconf 87' lang='lat' dir='ltr'>Flor.</span> <span class='ocrx_word' id='word_1_237' title='bbox 511 3158 533 3213; x_wconf 86' lang='lat' dir='ltr'>C</span> <span class='ocrx_word' id='word_1_238' title='bbox 552 3161 645 3212; x_wconf 80' lang='lat' dir='ltr'>occulti</span> <span class='ocrx_word' id='word_1_239' title='bbox 662 3176 791 3223; x_wconf 73' lang='lat' dir='ltr'>canneru,</span> <span class='ocrx_word' id='word_1_240' title='bbox 817 3157 845 3210; x_wconf 94' lang='lat' dir='ltr'>in</span> <span class='ocrx_word' id='word_1_241' title='bbox 878 3159 938 3224; x_wconf 84' lang='lat' dir='ltr'>AB,</span> <span class='ocrx_word' id='word_1_242' title='bbox 957 3156 983 3212; x_wconf 88' lang='lat' dir='ltr'>G</span> <span class='ocrx_word' id='word_1_243' title='bbox 1000 3161 1063 3212; x_wconf 78' lang='lat' dir='ltr'>nodi</span> <span class='ocrx_word' id='word_1_244' title='bbox 1081 3159 1277 3214; x_wconf 81' lang='lat' dir='ltr'>induraverant.</span> 
     </span>
     <span class='ocr_line' id='line_1_28' title="bbox 242 3225 1481 3300; baseline 0.002 -20"><span class='ocrx_word' id='word_1_245' title='bbox 242 3229 314 3280; x_wconf 90' lang='lat' dir='ltr'>Flor.</span> <span class='ocrx_word' id='word_1_246' title='bbox 342 3226 384 3280; x_wconf 95' lang='lat' dir='ltr'>DI</span> <span class='ocrx_word' id='word_1_247' title='bbox 409 3225 467 3280; x_wconf 87' lang='lat' dir='ltr'>Pal.</span> <span class='ocrx_word' id='word_1_248' title='bbox 493 3233 505 3278; x_wconf 90' lang='lat'>1</span> <span class='ocrx_word' id='word_1_249' title='bbox 534 3229 632 3280; x_wconf 82' lang='lat' dir='ltr'>occulto</span> <span class='ocrx_word' id='word_1_250' title='bbox 659 3244 787 3292; x_wconf 73' lang='lat' dir='ltr'>connexa,</span> <span class='ocrx_word' id='word_1_251' title='bbox 816 3225 845 3278; x_wconf 90' lang='lat' dir='ltr'>in</span> <span class='ocrx_word' id='word_1_252' title='bbox 913 3225 980 3296; x_wconf 75' lang='lat' dir='ltr'>(lap.</span> <span class='ocrx_word' id='word_1_253' title='bbox 1000 3233 1041 3292; x_wconf 78' lang='lat'>17,</span> <span class='ocrx_word' id='word_1_254' title='bbox 1061 3231 1085 3292; x_wconf 71' lang='lat' dir='ltr'>s.</span> <span class='ocrx_word' id='word_1_255' title='bbox 1105 3232 1145 3279; x_wconf 89' lang='lat'>18.</span> <span class='ocrx_word' id='word_1_256' title='bbox 1181 3229 1328 3298; x_wconf 59' lang='lat' dir='ltr'>exsertique</span> <span class='ocrx_word' id='word_1_257' title='bbox 1345 3239 1406 3283; x_wconf 82' lang='lat' dir='ltr'>sunt</span> <span class='ocrx_word' id='word_1_258' title='bbox 1423 3231 1481 3300; x_wconf 83' lang='lat' dir='ltr'>qui-</span> 
     </span>
     <span class='ocr_line' id='line_1_29' title="bbox 241 3292 1481 3361; baseline 0.003 -15"><span class='ocrx_word' id='word_1_259' title='bbox 241 3295 313 3347; x_wconf 88' lang='lat' dir='ltr'>Flor.</span> <span class='ocrx_word' id='word_1_260' title='bbox 330 3294 354 3347; x_wconf 85' lang='lat' dir='ltr'><strong>F</strong></span> <span class='ocrx_word' id='word_1_261' title='bbox 371 3296 449 3346; x_wconf 74' lang='lat' dir='ltr'>mlta</span> <span class='ocrx_word' id='word_1_262' title='bbox 468 3311 598 3358; x_wconf 78' lang='lat' dir='ltr'>connexu,</span> <span class='ocrx_word' id='word_1_263' title='bbox 616 3292 645 3346; x_wconf 88' lang='lat' dir='ltr'>in</span> <span class='ocrx_word' id='word_1_264' title='bbox 662 3293 776 3348; x_wconf 78' lang='lat' dir='ltr'>FlenE</span> <span class='ocrx_word' id='word_1_265' title='bbox 802 3311 844 3346; x_wconf 89' lang='lat' dir='ltr'>oc·</span> <span class='ocrx_word' id='word_1_266' title='bbox 878 3295 949 3361; x_wconf 86' lang='lat' dir='ltr'>dam]</span> <span class='ocrx_word' id='word_1_267' title='bbox 973 3293 1191 3348; x_wconf 83' lang='lat' dir='ltr'>Coniunctionem</span> <span class='ocrx_word' id='word_1_268' title='bbox 1228 3313 1277 3350; x_wconf 86' lang='lat' dir='ltr'>uae</span> <span class='ocrx_word' id='word_1_269' title='bbox 1293 3295 1322 3352; x_wconf 89' lang='lat' dir='ltr'>in</span> <span class='ocrx_word' id='word_1_270' title='bbox 1339 3297 1418 3352; x_wconf 85' lang='lat' dir='ltr'>editis</span> <span class='ocrx_word' id='word_1_271' title='bbox 1435 3298 1481 3350; x_wconf 87' lang='lat' dir='ltr'>de·</span> 
     </span>
     <span class='ocr_line' id='line_1_30' title="bbox 242 3313 1482 3431; baseline 0.003 -16"><span class='ocrx_word' id='word_1_272' title='bbox 242 3364 310 3416; x_wconf 80' lang='lat' dir='ltr'>culto</span> <span class='ocrx_word' id='word_1_273' title='bbox 327 3377 404 3427; x_wconf 81' lang='lat' dir='ltr'>nexa,</span> <span class='ocrx_word' id='word_1_274' title='bbox 421 3360 452 3413; x_wconf 89' lang='lat' dir='ltr'>in</span> <span class='ocrx_word' id='word_1_275' title='bbox 466 3359 538 3412; x_wconf 85' lang='lat' dir='ltr'>Flor.</span> <span class='ocrx_word' id='word_1_276' title='bbox 554 3359 579 3413; x_wconf 89' lang='lat' dir='ltr'><strong>G</strong></span> <span class='ocrx_word' id='word_1_277' title='bbox 596 3361 709 3431; x_wconf 87' lang='lat' dir='ltr'>denique</span> <span class='ocrx_word' id='word_1_278' title='bbox 726 3370 755 3414; x_wconf 84' lang='lat' dir='ltr'>et</span> <span class='ocrx_word' id='word_1_279' title='bbox 766 3361 843 3414; x_wconf 88' lang='lat' dir='ltr'>Voss.</span> <span class='ocrx_word' id='word_1_280' title='bbox 878 3361 1008 3416; x_wconf 84' lang='lat' dir='ltr'>sideratur</span> <span class='ocrx_word' id='word_1_281' title='bbox 1036 3378 1125 3416; x_wconf 89' lang='lat' dir='ltr'>omnes</span> <span class='ocrx_word' id='word_1_282' title='bbox 1153 3313 1229 3416; x_wconf 76' lang='lat' dir='ltr'>codd.</span> <span class='ocrx_word' id='word_1_283' title='bbox 1259 3365 1342 3419; x_wconf 87' lang='lat' dir='ltr'>nostri</span> <span class='ocrx_word' id='word_1_284' title='bbox 1378 3366 1482 3426; x_wconf 85' lang='lat' dir='ltr'>addunt</span> 
     </span>
     <span class='ocr_line' id='line_1_31' title="bbox 242 3427 1481 3504; baseline 0.004 -22"><span class='ocrx_word' id='word_1_285' title='bbox 242 3428 337 3482; x_wconf 75' lang='lat' dir='ltr'>redd.</span> <span class='ocrx_word' id='word_1_286' title='bbox 358 3435 424 3482; x_wconf 81' lang='lat' dir='ltr'>vett.</span> <span class='ocrx_word' id='word_1_287' title='bbox 442 3429 556 3481; x_wconf 81' lang='lat' dir='ltr'>occultas</span> <span class='ocrx_word' id='word_1_288' title='bbox 575 3427 845 3498; x_wconf 73' lang='lat' dir='ltr'>connexus,(Flor.H</span> <span class='ocrx_word' id='word_1_289' title='bbox 898 3446 958 3482; x_wconf 83' lang='lat' dir='ltr'>uam</span> <span class='ocrx_word' id='word_1_290' title='bbox 978 3446 1039 3482; x_wconf 89' lang='lat' dir='ltr'>uam</span> <span class='ocrx_word' id='word_1_291' title='bbox 1061 3432 1208 3504; x_wconf 64' lang='lat' dir='ltr'>acceptaque</span> <span class='ocrx_word' id='word_1_292' title='bbox 1252 3433 1343 3486; x_wconf 81' lang='lat' dir='ltr'>uidam</span> <span class='ocrx_word' id='word_1_293' title='bbox 1366 3443 1427 3487; x_wconf 71' lang='lat' dir='ltr'>sum</span> <span class='ocrx_word' id='word_1_294' title='bbox 1453 3433 1481 3486; x_wconf 90' lang='lat' dir='ltr'>in</span> 
     </span>
     <span class='ocr_line' id='line_1_32' title="bbox 242 3445 1372 3574; baseline 0.004 -25"><span class='ocrx_word' id='word_1_295' title='bbox 242 3505 271 3549; x_wconf 84' lang='lat' dir='ltr'>et</span> <span class='ocrx_word' id='word_1_296' title='bbox 287 3494 411 3550; x_wconf 89' lang='lat' dir='ltr'>Bern.B</span> <span class='ocrx_word' id='word_1_297' title='bbox 437 3497 514 3574; x_wconf 72' lang='lat' dir='ltr'>qimai</span> <span class='ocrx_word' id='word_1_298' title='bbox 531 3512 599 3574; x_wconf 64' lang='lat' dir='ltr'>assu</span> <span class='ocrx_word' id='word_1_299' title='bbox 616 3513 748 3550; x_wconf 77' lang='lat' dir='ltr'>romonem</span> <span class='ocrx_word' id='word_1_300' title='bbox 766 3497 843 3563; x_wconf 63' lang='lat' dir='ltr'>volu,</span> <span class='ocrx_word' id='word_1_301' title='bbox 877 3445 949 3551; x_wconf 71' lang='lat' dir='ltr'>llor.</span> <span class='ocrx_word' id='word_1_302' title='bbox 992 3497 1108 3550; x_wconf 83' lang='lat' dir='ltr'>DEFHI</span> <span class='ocrx_word' id='word_1_303' title='bbox 1124 3497 1206 3552; x_wconf 82' lang='lat' dir='ltr'>Ber-n.</span> <span class='ocrx_word' id='word_1_304' title='bbox 1266 3499 1372 3570; x_wconf 83' lang='lat' dir='ltr'>legitur.</span> 
     </span>
     <span class='ocr_line' id='line_1_33' title="bbox 242 3563 1481 3650; baseline 0.005 -33"><span class='ocrx_word' id='word_1_305' title='bbox 242 3563 356 3630; x_wconf 87' lang='lat' dir='ltr'>omissis,</span> <span class='ocrx_word' id='word_1_306' title='bbox 384 3579 451 3633; x_wconf 85' lang='lat' dir='ltr'>quae</span> <span class='ocrx_word' id='word_1_307' title='bbox 470 3581 496 3614; x_wconf 88' lang='lat' dir='ltr'>m</span> <span class='ocrx_word' id='word_1_308' title='bbox 513 3563 600 3618; x_wconf 82' lang='lat' dir='ltr'>medio</span> <span class='ocrx_word' id='word_1_309' title='bbox 617 3572 695 3630; x_wconf 88' lang='lat' dir='ltr'>sunt,</span> <span class='ocrx_word' id='word_1_310' title='bbox 722 3564 843 3634; x_wconf 86' lang='lat' dir='ltr'>habent.)</span> <span class='ocrx_word' id='word_1_311' title='bbox 911 3567 969 3618; x_wconf 83' lang='lat' dir='ltr'>Bac</span> <span class='ocrx_word' id='word_1_312' title='bbox 1001 3567 1089 3619; x_wconf 81' lang='lat' dir='ltr'>tulum</span> <span class='ocrx_word' id='word_1_313' title='bbox 1116 3568 1251 3650; x_wconf 79' lang='lat' dir='ltr'>vocabant]</span> <span class='ocrx_word' id='word_1_314' title='bbox 1299 3569 1428 3622; x_wconf 83' lang='lat' dir='ltr'>Arrianus</span> <span class='ocrx_word' id='word_1_315' title='bbox 1452 3577 1481 3622; x_wconf 88' lang='lat' dir='ltr'>et</span> 
     </span>
     <span class='ocr_line' id='line_1_34' title="bbox 175 3630 1480 3708; baseline 0.002 -24"><span class='ocrx_word' id='word_1_316' title='bbox 175 3635 178 3642; x_wconf 86' lang='grc'><strong>’</strong></span> <span class='ocrx_word' id='word_1_317' title='bbox 242 3637 342 3686; x_wconf 79' lang='lat' dir='ltr'>Verum</span> <span class='ocrx_word' id='word_1_318' title='bbox 359 3630 454 3701; x_wconf 89' lang='lat' dir='ltr'>optimi</span> <span class='ocrx_word' id='word_1_319' title='bbox 471 3647 530 3683; x_wconf 86' lang='lat' dir='ltr'>eam</span> <span class='ocrx_word' id='word_1_320' title='bbox 547 3647 640 3685; x_wconf 85' lang='lat' dir='ltr'>vocem</span> <span class='ocrx_word' id='word_1_321' title='bbox 668 3649 754 3686; x_wconf 86' lang='lat' dir='ltr'>rorsus</span> <span class='ocrx_word' id='word_1_322' title='bbox 767 3631 843 3702; x_wconf 85' lang='lat' dir='ltr'>igno-</span> <span class='ocrx_word' id='word_1_323' title='bbox 877 3631 958 3686; x_wconf 88' lang='lat' dir='ltr'>Pluta</span> <span class='ocrx_word' id='word_1_324' title='bbox 1005 3633 1107 3686; x_wconf 86' lang='lat' dir='ltr'>.Alex.</span> <span class='ocrx_word' id='word_1_325' title='bbox 1125 3651 1147 3688; x_wconf 88' lang='lat' dir='ltr'>c.</span> <span class='ocrx_word' id='word_1_326' title='bbox 1165 3642 1199 3688; x_wconf 83' lang='lat'>44</span> <span class='ocrx_word' id='word_1_327' title='bbox 1216 3657 1269 3690; x_wconf 78' lang='grc' dir='ltr'>τον</span> <span class='ocrx_word' id='word_1_328' title='bbox 1280 3636 1480 3708; x_wconf 73' lang='grc' dir='ltr'><strong><em>Βουκεφάλαν,</em></strong></span> 
     </span>
     <span class='ocr_line' id='line_1_35' title="bbox 242 3650 1479 3779; baseline 0.002 -25"><span class='ocrx_word' id='word_1_329' title='bbox 242 3710 311 3754; x_wconf 82' lang='lat' dir='ltr'>rant</span> <span class='ocrx_word' id='word_1_330' title='bbox 335 3698 483 3779; x_wconf 81' lang='lat' dir='ltr'>Verisimile</span> <span class='ocrx_word' id='word_1_331' title='bbox 500 3699 582 3769; x_wconf 85' lang='lat' dir='ltr'>igitur</span> <span class='ocrx_word' id='word_1_332' title='bbox 599 3700 630 3753; x_wconf 80' lang='lat' dir='ltr'>fit</span> <span class='ocrx_word' id='word_1_333' title='bbox 647 3650 766 3754; x_wconf 67' lang='lat' dir='ltr'>luridos</span> <span class='ocrx_word' id='word_1_334' title='bbox 784 3717 843 3753; x_wconf 89' lang='lat' dir='ltr'>cum</span> <span class='ocrx_word' id='word_1_335' title='bbox 896 3701 1187 3756; x_wconf 65' lang='lat' dir='ltr'>maiestatem</span> <span class='ocrx_word' id='word_1_336' title='bbox 1201 3703 1479 3776; x_wconf 71' lang='lat' dir='ltr'>Bovas&#39;palor.Flor.</span> 
     </span>
     <span class='ocr_line' id='line_1_36' title="bbox 243 3768 1321 3851; baseline 0.003 -30"><span class='ocrx_word' id='word_1_337' title='bbox 243 3769 309 3848; x_wconf 73' lang='lat' dir='ltr'>petat</span> <span class='ocrx_word' id='word_1_338' title='bbox 328 3770 415 3836; x_wconf 80' lang='lat' dir='ltr'>laquei</span> <span class='ocrx_word' id='word_1_339' title='bbox 431 3786 458 3820; x_wconf 88' lang='lat' dir='ltr'>m</span> <span class='ocrx_word' id='word_1_340' title='bbox 476 3785 556 3821; x_wconf 89' lang='lat' dir='ltr'>unam</span> <span class='ocrx_word' id='word_1_341' title='bbox 573 3768 646 3838; x_wconf 84' lang='lat' dir='ltr'>quasi</span> <span class='ocrx_word' id='word_1_342' title='bbox 664 3785 756 3822; x_wconf 82' lang='lat' dir='ltr'>vocem</span> <span class='ocrx_word' id='word_1_343' title='bbox 773 3768 842 3849; x_wconf 78' lang='lat' dir='ltr'>coire</span> <span class='ocrx_word' id='word_1_344' title='bbox 921 3777 949 3823; x_wconf 88' lang='lat' dir='ltr'>et</span> <span class='ocrx_word' id='word_1_345' title='bbox 967 3769 1030 3823; x_wconf 83' lang='lat' dir='ltr'>edit.</span> <span class='ocrx_word' id='word_1_346' title='bbox 1048 3770 1123 3851; x_wconf 80' lang='lat' dir='ltr'>ldod.</span> <span class='ocrx_word' id='word_1_347' title='bbox 1141 3771 1321 3841; x_wconf 75' lang='lat' dir='ltr'>Bucephalas.</span> 
     </span>
     <span class='ocr_line' id='line_1_37' title="bbox 242 3839 1480 3985; baseline 0.006 -29"><span class='ocrx_word' id='word_1_348' title='bbox 242 3839 844 3985; x_wconf 59' lang='lat' dir='ltr'>{ttttt..2⁰22ttlt5ttt’s‘55tt</span> <span class='ocrx_word' id='word_1_349' title='bbox 877 3855 973 3960; x_wconf 70' lang='lat' dir='ltr'>..tlt</span> <span class='ocrx_word' id='word_1_350' title='bbox 991 3841 1104 3960; x_wconf 61' lang='lat' dir='ltr'>“illl</span> <span class='ocrx_word' id='word_1_351' title='bbox 1126 3839 1480 3963; x_wconf 59' lang='lat' dir='ltr'>nllffidmuffl</span> 
     </span>
     <span class='ocr_line' id='line_1_38' title="bbox 243 3971 1479 4042; baseline 0.004 -17"><span class='ocrx_word' id='word_1_352' title='bbox 243 3972 380 4026; x_wconf 85' lang='lat' dir='ltr'>addidisse.</span> <span class='ocrx_word' id='word_1_353' title='bbox 423 3971 477 4025; x_wconf 86' lang='lat' dir='ltr'>Sed</span> <span class='ocrx_word' id='word_1_354' title='bbox 511 3983 561 4025; x_wconf 78' lang='lat' dir='ltr'>uer</span> <span class='ocrx_word' id='word_1_355' title='bbox 587 3974 693 4026; x_wconf 79' lang='lat' dir='ltr'>cludunt</span> <span class='ocrx_word' id='word_1_356' title='bbox 716 3991 743 4026; x_wconf 90' lang='lat' dir='ltr'>m</span> <span class='ocrx_word' id='word_1_357' title='bbox 769 3972 842 4026; x_wconf 89' lang='lat' dir='ltr'>nullo</span> <span class='ocrx_word' id='word_1_358' title='bbox 879 3973 975 4028; x_wconf 86' lang='lat' dir='ltr'>ledit.</span> <span class='ocrx_word' id='word_1_359' title='bbox 993 3973 1077 4042; x_wconf 82' lang='lat' dir='ltr'>Mod,</span> <span class='ocrx_word' id='word_1_360' title='bbox 1095 3974 1174 4028; x_wconf 85' lang='lat' dir='ltr'>ceteri</span> <span class='ocrx_word' id='word_1_361' title='bbox 1201 3993 1261 4030; x_wconf 87' lang='lat' dir='ltr'>mss.</span> <span class='ocrx_word' id='word_1_362' title='bbox 1283 3994 1346 4030; x_wconf 83' lang='lat' dir='ltr'>num</span> <span class='ocrx_word' id='word_1_363' title='bbox 1362 3994 1409 4032; x_wconf 80' lang='lat' dir='ltr'>nec</span> <span class='ocrx_word' id='word_1_364' title='bbox 1426 3979 1479 4030; x_wconf 80' lang='lat' dir='ltr'>illc.</span> 
     </span>
     <span class='ocr_line' id='line_1_39' title="bbox 243 4040 1480 4116; baseline 0.004 -22"><span class='ocrx_word' id='word_1_365' title='bbox 243 4041 311 4094; x_wconf 88' lang='lat' dir='ltr'>libro</span> <span class='ocrx_word' id='word_1_366' title='bbox 328 4047 397 4094; x_wconf 90' lang='lat' dir='ltr'>msto</span> <span class='ocrx_word' id='word_1_367' title='bbox 415 4047 464 4106; x_wconf 87' lang='lat' dir='ltr'>est,</span> <span class='ocrx_word' id='word_1_368' title='bbox 482 4040 601 4110; x_wconf 83' lang='lat' dir='ltr'>proxima</span> <span class='ocrx_word' id='word_1_369' title='bbox 619 4041 721 4094; x_wconf 84' lang='lat' dir='ltr'>accedit</span> <span class='ocrx_word' id='word_1_370' title='bbox 738 4040 842 4095; x_wconf 63' lang='lat' dir='ltr'>alono</span> <span class='ocrx_word' id='word_1_371' title='bbox 879 4041 950 4096; x_wconf 87' lang='lat' dir='ltr'>Tum</span> <span class='ocrx_word' id='word_1_372' title='bbox 967 4053 1071 4112; x_wconf 81' lang='lat' dir='ltr'>sponte,</span> <span class='ocrx_word' id='word_1_373' title='bbox 1089 4060 1144 4096; x_wconf 89' lang='lat' dir='ltr'>non</span> <span class='ocrx_word' id='word_1_374' title='bbox 1161 4054 1251 4112; x_wconf 57' lang='lat' dir='ltr'>monte</span> <span class='ocrx_word' id='word_1_375' title='bbox 1268 4062 1332 4111; x_wconf 82' lang='lat' dir='ltr'>suu,</span> <span class='ocrx_word' id='word_1_376' title='bbox 1350 4052 1382 4098; x_wconf 85' lang='lat' dir='ltr'>ut</span> <span class='ocrx_word' id='word_1_377' title='bbox 1398 4044 1480 4116; x_wconf 80' lang='lat' dir='ltr'>vulgo</span> 
     </span>
     <span class='ocr_line' id='line_1_40' title="bbox 242 4107 1180 4176; baseline 0.002 -14"><span class='ocrx_word' id='word_1_378' title='bbox 242 4112 293 4163; x_wconf 80' lang='lat' dir='ltr'>iter</span> <span class='ocrx_word' id='word_1_379' title='bbox 310 4110 445 4172; x_wconf 80' lang='lat' dir='ltr'>claudant,</span> <span class='ocrx_word' id='word_1_380' title='bbox 464 4107 545 4162; x_wconf 79' lang='lat' dir='ltr'>ceteri</span> <span class='ocrx_word' id='word_1_381' title='bbox 563 4110 725 4162; x_wconf 69' lang='lat' dir='ltr'>clauditates·</span> <span class='ocrx_word' id='word_1_382' title='bbox 737 4109 780 4161; x_wconf 84' lang='lat' dir='ltr'>vel</span> <span class='ocrx_word' id='word_1_383' title='bbox 794 4111 843 4162; x_wconf 80' lang='lat' dir='ltr'>iter</span> <span class='ocrx_word' id='word_1_384' title='bbox 877 4110 968 4176; x_wconf 84' lang='lat' dir='ltr'>edunt,</span> <span class='ocrx_word' id='word_1_385' title='bbox 988 4111 1064 4164; x_wconf 84' lang='lat' dir='ltr'>codd.</span> <span class='ocrx_word' id='word_1_386' title='bbox 1080 4127 1180 4164; x_wconf 87' lang='lat' dir='ltr'>omnes.</span> 
     </span>
     <span class='ocr_line' id='line_1_41' title="bbox 243 4174 1479 4251; baseline 0.003 -21"><span class='ocrx_word' id='word_1_387' title='bbox 243 4178 354 4240; x_wconf 80' lang='lat' dir='ltr'>claudit,</span> <span class='ocrx_word' id='word_1_388' title='bbox 379 4174 474 4246; x_wconf 90' lang='lat' dir='ltr'>optimi</span> <span class='ocrx_word' id='word_1_389' title='bbox 499 4175 573 4228; x_wconf 88' lang='lat' dir='ltr'>Leid.</span> <span class='ocrx_word' id='word_1_390' title='bbox 590 4178 667 4230; x_wconf 83' lang='lat' dir='ltr'>Voss.</span> <span class='ocrx_word' id='word_1_391' title='bbox 687 4183 699 4230; x_wconf 92' lang='lat'>1</span> <span class='ocrx_word' id='word_1_392' title='bbox 719 4176 799 4230; x_wconf 89' lang='lat' dir='ltr'>Bern.</span> <span class='ocrx_word' id='word_1_393' title='bbox 817 4177 844 4230; x_wconf 81' lang='lat' dir='ltr'>A</span> <span class='ocrx_word' id='word_1_394' title='bbox 929 4185 994 4232; x_wconf 82' lang='grc'>.20.</span> <span class='ocrx_word' id='word_1_395' title='bbox 1018 4195 1050 4231; x_wconf 83' lang='lat' dir='ltr'>ne</span> <span class='ocrx_word' id='word_1_396' title='bbox 1067 4181 1106 4232; x_wconf 85' lang='lat' dir='ltr'>sic</span> <span class='ocrx_word' id='word_1_397' title='bbox 1123 4181 1238 4251; x_wconf 83' lang='lat' dir='ltr'>quidem]</span> <span class='ocrx_word' id='word_1_398' title='bbox 1265 4179 1346 4234; x_wconf 84' lang='lat' dir='ltr'>Bern</span> <span class='ocrx_word' id='word_1_399' title='bbox 1364 4182 1390 4234; x_wconf 80' lang='lat' dir='ltr'>A</span> <span class='ocrx_word' id='word_1_400' title='bbox 1407 4180 1479 4236; x_wconf 88' lang='lat' dir='ltr'>Flor.</span> 
     </span>
     <span class='ocr_line' id='line_1_42' title="bbox 243 4243 1478 4324; baseline 0.005 -27"><span class='ocrx_word' id='word_1_401' title='bbox 243 4244 314 4324; x_wconf 71' lang='lat' dir='ltr'>Flor.</span> <span class='ocrx_word' id='word_1_402' title='bbox 338 4243 388 4298; x_wconf 82' lang='grc' dir='ltr'>ΔΒ</span> <span class='ocrx_word' id='word_1_403' title='bbox 411 4245 461 4322; x_wconf 68' lang='lat' dir='ltr'>iter</span> <span class='ocrx_word' id='word_1_404' title='bbox 483 4245 572 4323; x_wconf 74' lang='lat' dir='ltr'>cludit.</span> <span class='ocrx_word' id='word_1_405' title='bbox 613 4243 788 4324; x_wconf 82' lang='lat' dir='ltr'>Nihilominus</span> <span class='ocrx_word' id='word_1_406' title='bbox 809 4261 843 4298; x_wconf 87' lang='lat' dir='ltr'>ne</span> <span class='ocrx_word' id='word_1_407' title='bbox 929 4245 955 4300; x_wconf 92' lang='lat' dir='ltr'>G</span> <span class='ocrx_word' id='word_1_408' title='bbox 980 4245 1055 4300; x_wconf 85' lang='lat' dir='ltr'>Leid.</span> <span class='ocrx_word' id='word_1_409' title='bbox 1083 4247 1160 4301; x_wconf 90' lang='lat' dir='ltr'>Voss.</span> <span class='ocrx_word' id='word_1_410' title='bbox 1184 4254 1197 4300; x_wconf 93' lang='lat'>1</span> <span class='ocrx_word' id='word_1_411' title='bbox 1228 4266 1274 4302; x_wconf 76' lang='lat' dir='ltr'>acc</span> <span class='ocrx_word' id='word_1_412' title='bbox 1300 4251 1341 4303; x_wconf 81' lang='lat' dir='ltr'>sic</span> <span class='ocrx_word' id='word_1_413' title='bbox 1366 4251 1478 4319; x_wconf 66' lang='lat' dir='ltr'>quim,</span> 
     </span>
     <span class='ocr_line' id='line_1_43' title="bbox 243 4311 1480 4462; baseline -0.002 -30"><span class='ocrx_word' id='word_1_414' title='bbox 243 4321 369 4435; x_wconf 69' lang='lat' dir='ltr'>caca</span> <span class='ocrx_word' id='word_1_415' title='bbox 393 4311 843 4452; x_wconf 60' lang='lat' dir='ltr'>castraretur</span> <span class='ocrx_word' id='word_1_416' title='bbox 876 4313 1358 4462; x_wconf 52' lang='lat' dir='ltr'>{attrabatas</span> <span class='ocrx_word' id='word_1_417' title='bbox 1374 4327 1480 4440; x_wconf 69' lang='lat' dir='ltr'>aas</span> 
     </span>
     <span class='ocr_line' id='line_1_44' title="bbox 876 4451 1480 4526; baseline 0.01 -24"><span class='ocrx_word' id='word_1_418' title='bbox 876 4459 983 4522; x_wconf 73' lang='lat' dir='ltr'>liparus.</span> <span class='ocrx_word' id='word_1_419' title='bbox 1000 4451 1090 4506; x_wconf 88' lang='lat' dir='ltr'>Habes</span> <span class='ocrx_word' id='word_1_420' title='bbox 1106 4451 1189 4522; x_wconf 75' lang='lat' dir='ltr'>igitur</span> <span class='ocrx_word' id='word_1_421' title='bbox 1206 4453 1364 4508; x_wconf 85' lang='lat' dir='ltr'>auctoritate</span> <span class='ocrx_word' id='word_1_422' title='bbox 1373 4453 1480 4526; x_wconf 88' lang='lat' dir='ltr'>quidem</span> 
     </span>
    </p>
   </div>
   <div class='ocr_carea' id='block_1_4' title="bbox 0 0 1640 5290">
    <p class='ocr_par' dir='ltr' id='par_1_5' title="bbox 0 0 1640 5290">
     <span class='ocr_line' id='line_1_45' title="bbox 0 0 1640 5290; baseline 0 0"><span class='ocrx_word' id='word_1_423' title='bbox 0 0 1640 5290; x_wconf 95' lang='lat' dir='ltr'> </span> 
     </span>
    </p>
   </div>
  </div>
 </body>
</html>
