3158 5294
1 2285 7 2316 l

1 2352 9 2386 t

474 727 522 832 Q.
560 726 788 815 OURTII
825 729 981 816 RUFI

704 939 753 992 Du

609 1095 859 1164 GESTIS

227 1311 835 1434 ALEXANDRI
890 1309 1221 1432 MAGNI

513 1557 640 1614 REGIS
666 1557 950 1615 MACEDONUM

626 1747 767 1814 LIBER
782 1747 831 1813 X.

657 1991 810 2004 με

572 2221 893 2284 ARGUMENTUM.

202 2408 243 2473 (1)
261 2405 331 2459 Item
357 2405 486 2460 Cleander
503 2405 635 2477 ceterique
660 2405 786 2478 praelecti
812 2407 960 2478 copiarum,
987 2424 1056 2478 quae
1081 2406 1108 2460 in
1130 2405 1220 2460 Media
1244 2404 1351 2459 relictae

116 2481 239 2550 fumant,
258 2481 374 2551 evocati,
392 2482 518 2537 scelerum
542 2491 570 2536 et
588 2483 749 2554 flagitiorum
766 2483 794 2538 in
810 2482 948 2555 provincia
968 2484 1139 2540 admissorum
1156 2499 1253 2556 poenes
1271 2481 1350 2534 dede·

116 2567 186 2612 runt.
222 2563 263 2626 (t)
281 2557 420 2614 Nearchus
437 2569 466 2614 et
484 2559 647 2616 Onesicritus
664 2559 745 2616 litora
761 2559 848 2616 Rubri
864 2561 943 2616 maris
960 2560 1079 2632 legentes
1096 2579 1156 2616 cum
1172 2560 1201 2615 in
1217 2558 1351 2632 regionem

1 2634 2 2642 ’
116 2634 271 2690 Carmaniae
288 2636 428 2704 recusent,
446 2637 544 2692 relictis
562 2637 670 2692 navibus
688 2638 723 2692 ad
740 2655 829 2710 regem
846 2639 1000 2704 ascendunt,
1019 2647 1046 2691 et
1059 2637 1177 2692 referunt
1194 2639 1227 2691 de
1244 2635 1350 2691 mirabi-

115 2711 183 2766 libus
201 2713 312 2768 Oceani.
347 2715 397 2768 llle
414 2716 449 2768 ad
466 2715 574 2770 classem
594 2714 715 2768 remissos
741 2731 789 2786 per
806 2715 891 2768 sinam
908 2713 1043 2768 Persicum
1070 2722 1099 2768 et
1114 2712 1258 2784 Euphratis
1285 2712 1351 2766 ostia

115 2788 282 2859 Babylonem
307 2799 447 2861 penetrare
464 2790 553 2857 iussit,
581 2795 620 2858 (3)
639 2792 787 2861 eodemque
803 2799 925 2860 tempore
950 2789 1094 2862 longinqua
1111 2789 1219 2846 consilia
1236 2789 1349 2860 agitans,

115 2873 147 2920 ιιι
163 2865 191 2920 in
207 2865 346 2937 Euphrate
362 2875 391 2920 et
407 2866 473 2920 mari
490 2865 576 2920 medio
593 2866 687 2938 ingens
704 2867 792 2920 classis
809 2868 992 2922 aedificaretur
1008 2867 1153 2938 imperavit

185 2943 226 3011 (t)
247 2943 314 2998 Cum
331 2943 484 3014 Persagada
509 2942 640 3012 venisset,
668 2943 790 3012 Orsines,
816 2952 924 3015 satrapa
949 2944 1078 3016 regionis,
1105 2953 1133 2997 et
1154 2943 1210 3016 regi
1237 2951 1265 2997 et
1281 2947 1351 3012 regis

116 3017 204 3073 amicis
221 3028 330 3090 praeter
347 3039 427 3074 unum
442 3021 551 3092 Bugoan
568 3019 682 3074 maxima
698 3021 767 3075 dona
783 3021 887 3075 obtulit
915 3019 1002 3088 Qum
1019 3023 1054 3076 ob
1073 3038 1175 3074 carmem
1193 3037 1253 3074 eum
1270 3019 1351 3090 spado

115 3097 186 3164 apud
203 3111 294 3166 regem
311 3095 475 3164 criminatus,
505 3101 545 3164 (5)
564 3115 623 3150 oum
640 3099 703 3152 data
720 3098 857 3154 ocosnone
883 3096 964 3152 etiam
980 3096 1088 3152 crimine
1105 3095 1211 3168 spoliati
1229 3094 1294 3166 cyn·
1311 3111 1352 3148 se·

114 3171 198 3242 pulcri
217 3181 244 3226 et
269 3173 344 3246 regni
361 3173 475 3244 appetiti
497 3173 686 3242 insimulasset,
711 3175 838 3245 perfecit,
865 3182 896 3228 ut
913 3173 1040 3246 supplicio
1057 3173 1222 3242 alliceretur,
1248 3171 1300 3226 iam
1318 3167 1352 3226 ad

116 3248 251 3304 saevitiem
268 3259 361 3304 contra
378 3249 517 3322 pristinum
534 3267 634 3305 marem
651 3250 794 3306 inclinante
810 3251 972 3306 Alexandro.

185 3331 224 3394 (6)
244 3328 342 3382 Auctor
360 3331 480 3398 deinceps
498 3332 530 3384 de
549 3329 679 3382 Graeciae
696 3330 805 3384 motibus
829 3332 865 3400 (et
883 3330 975 3383 itinere
991 3329 1063 3400 repis
1081 3344 1162 3398 usqae
1180 3327 1250 3381 Susa
1269 3327 1349 3380 conti-

115 3405 207 3472 nuato)
226 3415 250 3458 et
267 3406 385 3474 Harpali
396 3404 469 3474 sapa
495 3414 659 3474 capotuerat,
683 3408 732 3460 sed
747 3408 843 3460 lanino
869 3408 916 3461 hoe
933 3407 988 3460 loco
1005 3414 1055 3474 est,
1078 3423 1095 3458 a
1114 3405 1153 3458 Io.
1170 3405 1349 3458 Freinshemio
1391 3447 1396 3455 .

114 3483 255 3534 ceramium
272 3499 313 3548 ea,
332 3499 398 3554 quae
415 3484 548 3536 Diodorrts
566 3484 691 3550 tradidit,
719 3484 802 3552 (qaod
818 3485 856 3537 ad
871 3484 1022 3552 Harpalum
1046 3483 1148 3554 quidem
1161 3482 1286 3550 pertinet)
1306 3499 1350 3534 ex·

110 3559 193 3626 plata.
229 3559 270 3626 (7)
288 3558 359 3612 Nam
376 3576 436 3612 cum
453 3559 605 3612 Alexander
626 3561 661 3614 ob
678 3569 815 3631 receptum
831 3559 979 3631 Harpalum
1002 3557 1101 3612 bellum
1123 3556 1220 3610 inferre
1237 3556 1349 3611 Atheni·

116 3631 220 3686 ensibus
238 3634 408 3700 decrevisset,
431 3635 505 3688 illum
522 3635 627 3689 interim
643 3636 755 3691 Athenis
772 3637 888 3692 eiectum
911 3643 939 3690 et
958 3652 974 3688 a
991 3633 1100 3688 Graecis
1123 3632 1258 3700 militibus,
1282 3651 1350 3704 quos

115 3710 237 3762 mercede
254 3711 427 3776 conduxerat,
445 3711 612 3765 intersectum
629 3713 761 3782 cognovit
788 3713 883 3784 Itaque
899 3712 970 3766 bello
987 3711 1083 3764 omisso
1099 3709 1239 3781 imperarit
1252 3719 1349 3780 minen,

115 3794 147 3839 ut
163 3785 252 3840 exules
269 3787 297 3839 in
315 3785 436 3840 civitates
453 3805 511 3840 suas
529 3788 724 3861 reciperennu,
752 3789 794 3843 cui
811 3789 898 3844 edicto
920 3805 979 3842 cum
1004 3787 1085 3840 ceteri
1102 3793 1239 3856 parerent,
1265 3788 1349 3840 Athe-

115 3864 217 3916 aienses
234 3862 443 3933 refragabantur.
479 3867 521 3932 (8)
539 3864 612 3918 Susis
630 3868 701 3935 (vere
717 3884 742 3920 a.
761 3875 786 3918 a.
807 3863 869 3920 Chr.
889 3875 944 3918 aot.
961 3866 1033 3933 324.)
1052 3881 1111 3918 cnm
1128 3861 1224 3917 stativa
1240 3863 1350 3918 haberet

114 3957 162 3994 rex
180 3944 253 4008 (nom
270 3941 309 3994 sic
326 3941 427 3994 videtur
443 3958 500 3994 cum
517 3943 636 3995 Diodoro
653 3959 778 3996 conasse
799 3941 914 4008 Curtius,
933 3943 1007 4010 lonae
1025 3941 1102 3994 aliter
1119 3950 1194 4014 etque
1204 3943 1348 4008 Arrianae,

115 4019 160 4090 qai
178 4019 285 4071 eandem
301 4035 355 4070 rem
375 4017 427 4086 Opi
444 4019 482 4070 od
496 4019 597 4087 Tiprim
614 4020 743 4074 occidisse
761 4020 855 4088 tradit)
873 4016 997 4072 maiorem
1013 4025 1118 4088 partem
1134 4017 1231 4072 veteris
1248 4016 1349 4070 exerci-

114 4103 158 4147 tus
176 4093 288 4162 dimisit,
314 4092 401 4148 soluto
418 4093 490 4165 prius
506 4093 686 4150 liberalissime
712 4094 824 4150 militum
841 4111 903 4148 aere
918 4093 1011 4148 alieno.
1046 4097 1086 4161 (s)
1105 4093 1159 4148 Sed
1182 4111 1242 4148 cum
1259 4094 1348 4147 Maee-

114 4171 194 4225 dones
211 4189 302 4242 regem
327 4170 355 4224 in
372 4171 436 4226 Asia
461 4187 596 4226 remanere
621 4171 689 4226 velle
714 4170 917 4240 intellexissent,
944 4169 1074 4226 seditione
1099 4179 1172 4238 crta,
1199 4169 1348 4224 missionem

115 4264 204 4301 omnes
222 4248 348 4302 obstinati
365 4249 501 4319 postulare
518 4248 662 4320 incipiunt,
679 4265 729 4302 nec
746 4248 816 4318 regis
832 4247 1010 4303 admonitione
1028 4255 1172 4302 mutantur.
1201 4251 1257 4314 (10)
1277 4245 1348 4300 Tam

114 4322 158 4376 ille
175 4324 291 4392 graviter
308 4342 353 4380 eos
369 4324 501 4398 increpat,
525 4335 554 4380 et
571 4327 677 4380 deserto
694 4343 758 4396 rege
776 4343 824 4380 sao
842 4326 950 4379 domum
967 4324 1053 4378 redire
1070 4323 1159 4378 iubet:
1182 4321 1303 4376 Asiaticis
1320 4339 1348 4375 se

115 4399 238 4454 militibus
257 4409 412 4457 contentum
430 4403 494 4457 fore.
530 4406 589 4473 (11)
608 4403 729 4473 Cumque
745 4401 890 4456 desiluisset
906 4403 941 4456 de
957 4401 1091 4469 tribunali,
1110 4399 1284 4454 concitatores
1301 4397 1348 4450 ali-
1399 4411 1402 4418 ¹

116 4493 181 4546 quos
198 4495 278 4536 manu
295 4482 495 4552 comprehensos
511 4479 629 4550 abducit,
648 4481 741 4538 ceteris
758 4479 931 4536 admiratione
947 4496 979 4535 ac
995 4477 1087 4534 dolore
1104 4475 1281 4547 torpentibus,
1300 4489 1348 4528 nee

1127 4565 1176 4616 31*
