<?xml version="1.0" encoding="UTF-8"?>
<!DOCTYPE html PUBLIC "-//W3C//DTD XHTML 1.0 Transitional//EN"
    "http://www.w3.org/TR/xhtml1/DTD/xhtml1-transitional.dtd">
<html xmlns="http://www.w3.org/1999/xhtml" xml:lang="en" lang="en">
 <head>
  <title>
</title>
<meta http-equiv="Content-Type" content="text/html;charset=utf-8" />
  <meta name='ocr-system' content='tesseract 3.04.00' />
  <meta name='ocr-capabilities' content='ocr_page ocr_carea ocr_par ocr_line ocrx_word'/>
</head>
<body>
  <div class='ocr_page' id='page_1' title='image "./qcurtiirufidege00zumpgoog_0418.png"; bbox 0 0 3238 5296; ppageno 0'>
   <div class='ocr_carea' id='block_1_1' title="bbox 523 259 1372 375">
    <p class='ocr_par' dir='ltr' id='par_1_1' title="bbox 523 259 1372 375">
     <span class='ocr_line' id='line_1_1' title="bbox 523 259 1372 375; baseline -0.002 -23"><span class='ocrx_word' id='word_1_1' title='bbox 523 301 570 353; x_wconf 86' lang='lat' dir='ltr'>on</span> <span class='ocrx_word' id='word_1_2' title='bbox 596 299 722 356; x_wconf 85' lang='lat' dir='ltr'>cnsrrs</span> <span class='ocrx_word' id='word_1_3' title='bbox 748 301 857 354; x_wconf 74' lang='lat' dir='ltr'>Anax.</span> <span class='ocrx_word' id='word_1_4' title='bbox 880 299 961 375; x_wconf 71' lang='lat' dir='ltr'>rur,</span> <span class='ocrx_word' id='word_1_5' title='bbox 988 259 1030 346; x_wconf 75' lang='lat' dir='ltr'>aa</span> <span class='ocrx_word' id='word_1_6' title='bbox 1299 277 1372 350; x_wconf 83' lang='lat'>389</span> 
     </span>
    </p>
   </div>
   <div class='ocr_carea' id='block_1_2' title="bbox 1 479 1426 3364">
    <p class='ocr_par' dir='ltr' id='par_1_2' title="bbox 1 479 1374 809">
     <span class='ocr_line' id='line_1_2' title="bbox 1 479 1373 582; baseline -0.005 -19"><span class='ocrx_word' id='word_1_7' title='bbox 1 570 2 581; x_wconf 10' lang='grc' dir='ltr'>χ</span> <span class='ocrx_word' id='word_1_8' title='bbox 83 507 118 555; x_wconf 78' lang='grc'>27</span> <span class='ocrx_word' id='word_1_9' title='bbox 137 487 300 562; x_wconf 81' lang='lat' dir='ltr'><strong>restituit.</strong></span> <span class='ocrx_word' id='word_1_10' title='bbox 353 483 502 560; x_wconf 82' lang='lat' dir='ltr'>Sceleris</span> <span class='ocrx_word' id='word_1_11' title='bbox 521 494 641 559; x_wconf 86' lang='lat' dir='ltr'>autern</span> <span class='ocrx_word' id='word_1_12' title='bbox 658 496 832 576; x_wconf 81' lang='lat' dir='ltr'>auctores,</span> <span class='ocrx_word' id='word_1_13' title='bbox 858 486 1021 582; x_wconf 85' lang='lat' dir='ltr'>interque</span> <span class='ocrx_word' id='word_1_14' title='bbox 1041 509 1102 557; x_wconf 90' lang='lat' dir='ltr'>eos</span> <span class='ocrx_word' id='word_1_15' title='bbox 1123 479 1373 574; x_wconf 76' lang='lat' dir='ltr'>Callisthenen,</span> 
     </span>
     <span class='ocr_line' id='line_1_3' title="bbox 1 592 1374 698; baseline -0.004 -23"><span class='ocrx_word' id='word_1_16' title='bbox 1 593 2 599; x_wconf 31' lang='lat'>¹</span> <span class='ocrx_word' id='word_1_17' title='bbox 137 600 276 674; x_wconf 88' lang='lat' dir='ltr'>vinctos</span> <span class='ocrx_word' id='word_1_18' title='bbox 302 599 479 673; x_wconf 87' lang='lat' dir='ltr'>asservari</span> <span class='ocrx_word' id='word_1_19' title='bbox 504 598 622 671; x_wconf 89' lang='lat' dir='ltr'>iubet:</span> <span class='ocrx_word' id='word_1_20' title='bbox 649 598 777 698; x_wconf 91' lang='lat' dir='ltr'>quibus</span> <span class='ocrx_word' id='word_1_21' title='bbox 802 599 839 671; x_wconf 94' lang='lat' dir='ltr'>in</span> <span class='ocrx_word' id='word_1_22' title='bbox 865 598 1000 695; x_wconf 86' lang='lat' dir='ltr'>regiam</span> <span class='ocrx_word' id='word_1_23' title='bbox 1019 593 1192 685; x_wconf 83' lang='lat' dir='ltr'><strong>adductis,</strong></span> <span class='ocrx_word' id='word_1_24' title='bbox 1219 605 1298 668; x_wconf 87' lang='lat' dir='ltr'>toto</span> <span class='ocrx_word' id='word_1_25' title='bbox 1317 592 1374 670; x_wconf 89' lang='lat' dir='ltr'>dic</span> 
     </span>
     <span class='ocr_line' id='line_1_4' title="bbox 137 705 1220 809; baseline -0.004 -24"><span class='ocrx_word' id='word_1_26' title='bbox 137 721 173 785; x_wconf 86' lang='lat' dir='ltr'>et</span> <span class='ocrx_word' id='word_1_27' title='bbox 198 720 303 785; x_wconf 88' lang='lat' dir='ltr'>nocte</span> <span class='ocrx_word' id='word_1_28' title='bbox 328 709 502 809; x_wconf 84' lang='lat' dir='ltr'>proxima,</span> <span class='ocrx_word' id='word_1_29' title='bbox 528 733 695 782; x_wconf 86' lang='lat' dir='ltr'>mercae</span> <span class='ocrx_word' id='word_1_30' title='bbox 724 709 850 807; x_wconf 89' lang='lat' dir='ltr'>vigiliis</span> <span class='ocrx_word' id='word_1_31' title='bbox 876 708 1007 806; x_wconf 87' lang='lat' dir='ltr'>gravis,</span> <span class='ocrx_word' id='word_1_32' title='bbox 1033 705 1220 804; x_wconf 78' lang='lat' dir='ltr'>acquievit.</span> 
     </span>
    </p>

    <p class='ocr_par' dir='ltr' id='par_1_3' title="bbox 1 818 1426 1254">
     <span class='ocr_line' id='line_1_5' title="bbox 1 818 1426 918; baseline -0.008 -17"><span class='ocrx_word' id='word_1_33' title='bbox 1 898 2 901; x_wconf 74' lang='grc'>,</span> <span class='ocrx_word' id='word_1_34' title='bbox 78 841 118 891; x_wconf 76' lang='lat'>28</span> <span class='ocrx_word' id='word_1_35' title='bbox 238 820 389 898; x_wconf 89' lang='lat' dir='ltr'>Postero</span> <span class='ocrx_word' id='word_1_36' title='bbox 416 831 536 894; x_wconf 88' lang='lat' dir='ltr'>autem</span> <span class='ocrx_word' id='word_1_37' title='bbox 560 821 727 918; x_wconf 84' lang='lat' dir='ltr'>frequens</span> <span class='ocrx_word' id='word_1_38' title='bbox 756 820 941 896; x_wconf 87' lang='lat' dir='ltr'>consilium</span> <span class='ocrx_word' id='word_1_39' title='bbox 967 818 1144 908; x_wconf 82' lang='lat' dir='ltr'>adhibuit,</span> <span class='ocrx_word' id='word_1_40' title='bbox 1171 818 1227 892; x_wconf 89' lang='lat' dir='ltr'>cui</span> <span class='ocrx_word' id='word_1_41' title='bbox 1253 818 1426 916; x_wconf 72' lang='lat' dir='ltr'>patresit</span> 
     </span>
     <span class='ocr_line' id='line_1_6' title="bbox 135 927 1375 1033; baseline -0.005 -26"><span class='ocrx_word' id='word_1_42' title='bbox 135 933 394 1033; x_wconf 84' lang='lat' dir='ltr'>propinquique</span> <span class='ocrx_word' id='word_1_43' title='bbox 421 956 560 1022; x_wconf 86' lang='lat' dir='ltr'>eornm,</span> <span class='ocrx_word' id='word_1_44' title='bbox 588 931 632 1006; x_wconf 90' lang='lat' dir='ltr'>de</span> <span class='ocrx_word' id='word_1_45' title='bbox 659 933 788 1030; x_wconf 89' lang='lat' dir='ltr'>quibus</span> <span class='ocrx_word' id='word_1_46' title='bbox 814 931 998 1029; x_wconf 87' lang='lat' dir='ltr'>agebatur,</span> <span class='ocrx_word' id='word_1_47' title='bbox 1024 931 1230 1021; x_wconf 84' lang='lat' dir='ltr'>intererant,</span> <span class='ocrx_word' id='word_1_48' title='bbox 1257 954 1302 1004; x_wconf 89' lang='lat' dir='ltr'>ne</span> <span class='ocrx_word' id='word_1_49' title='bbox 1329 927 1375 1002; x_wconf 90' lang='lat' dir='ltr'>de</span> 
     </span>
     <span class='ocr_line' id='line_1_7' title="bbox 135 1039 1373 1142; baseline -0.006 -24"><span class='ocrx_word' id='word_1_50' title='bbox 135 1071 202 1118; x_wconf 90' lang='lat' dir='ltr'>sna</span> <span class='ocrx_word' id='word_1_51' title='bbox 227 1042 370 1142; x_wconf 91' lang='lat' dir='ltr'>quidem</span> <span class='ocrx_word' id='word_1_52' title='bbox 396 1044 510 1117; x_wconf 87' lang='lat' dir='ltr'>salute</span> <span class='ocrx_word' id='word_1_53' title='bbox 537 1044 669 1118; x_wconf 88' lang='lat' dir='ltr'>securi:</span> <span class='ocrx_word' id='word_1_54' title='bbox 703 1045 834 1142; x_wconf 92' lang='lat' dir='ltr'>quippe</span> <span class='ocrx_word' id='word_1_55' title='bbox 859 1041 1095 1116; x_wconf 86' lang='lat' dir='ltr'>Macedonum</span> <span class='ocrx_word' id='word_1_56' title='bbox 1125 1065 1226 1114; x_wconf 90' lang='lat' dir='ltr'>more</span> <span class='ocrx_word' id='word_1_57' title='bbox 1258 1039 1373 1139; x_wconf 90' lang='lat' dir='ltr'>perire</span> 
     </span>
     <span class='ocr_line' id='line_1_8' title="bbox 135 1151 1374 1254; baseline -0.003 -24"><span class='ocrx_word' id='word_1_58' title='bbox 135 1156 324 1247; x_wconf 85' lang='lat' dir='ltr'>debebant,</span> <span class='ocrx_word' id='word_1_59' title='bbox 352 1153 510 1228; x_wconf 90' lang='lat' dir='ltr'>omnium</span> <span class='ocrx_word' id='word_1_60' title='bbox 536 1152 677 1230; x_wconf 87' lang='lat' dir='ltr'>devotis</span> <span class='ocrx_word' id='word_1_61' title='bbox 704 1155 895 1254; x_wconf 90' lang='lat' dir='ltr'>capitibus,</span> <span class='ocrx_word' id='word_1_62' title='bbox 923 1153 984 1251; x_wconf 91' lang='lat' dir='ltr'>qui</span> <span class='ocrx_word' id='word_1_63' title='bbox 1011 1152 1183 1250; x_wconf 89' lang='lat' dir='ltr'>sanguine</span> <span class='ocrx_word' id='word_1_64' title='bbox 1209 1151 1374 1249; x_wconf 86' lang='lat' dir='ltr'>contigis-</span> 
     </span>
    </p>

    <p class='ocr_par' dir='ltr' id='par_1_4' title="bbox 78 1261 1424 3364">
     <span class='ocr_line' id='line_1_9' title="bbox 78 1261 1374 1364; baseline 0 -30"><span class='ocrx_word' id='word_1_65' title='bbox 78 1285 117 1335; x_wconf 78' lang='lat'>29</span> <span class='ocrx_word' id='word_1_66' title='bbox 136 1277 218 1340; x_wconf 92' lang='lat' dir='ltr'>sent</span> <span class='ocrx_word' id='word_1_67' title='bbox 254 1292 325 1340; x_wconf 83' lang='lat' dir='ltr'>eos.</span> <span class='ocrx_word' id='word_1_68' title='bbox 378 1265 459 1340; x_wconf 85' lang='lat' dir='ltr'>Rex</span> <span class='ocrx_word' id='word_1_69' title='bbox 494 1265 673 1340; x_wconf 87' lang='lat' dir='ltr'>introduci</span> <span class='ocrx_word' id='word_1_70' title='bbox 714 1267 917 1340; x_wconf 87' lang='lat' dir='ltr'>coniuratos</span> <span class='ocrx_word' id='word_1_71' title='bbox 954 1275 1097 1364; x_wconf 86' lang='lat' dir='ltr'>praeter</span> <span class='ocrx_word' id='word_1_72' title='bbox 1133 1261 1374 1339; x_wconf 83' lang='lat' dir='ltr'>Callisthenen</span> 
     </span>
     <span class='ocr_line' id='line_1_10' title="bbox 134 1373 1375 1476; baseline -0.002 -27"><span class='ocrx_word' id='word_1_73' title='bbox 134 1378 255 1464; x_wconf 85' lang='lat' dir='ltr'>iussit:</span> <span class='ocrx_word' id='word_1_74' title='bbox 297 1387 406 1476; x_wconf 83' lang='lat' dir='ltr'>atquc</span> <span class='ocrx_word' id='word_1_75' title='bbox 442 1402 534 1474; x_wconf 85' lang='lat' dir='ltr'>quae</span> <span class='ocrx_word' id='word_1_76' title='bbox 571 1379 814 1476; x_wconf 87' lang='lat' dir='ltr'>agitaverant,</span> <span class='ocrx_word' id='word_1_77' title='bbox 854 1376 929 1450; x_wconf 91' lang='lat' dir='ltr'>sine</span> <span class='ocrx_word' id='word_1_78' title='bbox 964 1375 1191 1450; x_wconf 89' lang='lat' dir='ltr'>cunctatione</span> <span class='ocrx_word' id='word_1_79' title='bbox 1222 1373 1375 1448; x_wconf 80' lang='lat' dir='ltr'>confessi</span> 
     </span>
     <span class='ocr_line' id='line_1_11' title="bbox 79 1487 1376 1587; baseline 0.002 -32"><span class='ocrx_word' id='word_1_80' title='bbox 79 1507 117 1556; x_wconf 82' lang='lat' dir='ltr'>ac</span> <span class='ocrx_word' id='word_1_81' title='bbox 135 1500 228 1562; x_wconf 92' lang='lat' dir='ltr'>sunt.</span> <span class='ocrx_word' id='word_1_82' title='bbox 280 1487 550 1587; x_wconf 88' lang='lat' dir='ltr'>Increpantibus</span> <span class='ocrx_word' id='word_1_83' title='bbox 583 1487 712 1564; x_wconf 90' lang='lat' dir='ltr'>deinde</span> <span class='ocrx_word' id='word_1_84' title='bbox 744 1488 919 1562; x_wconf 90' lang='lat' dir='ltr'>universis</span> <span class='ocrx_word' id='word_1_85' title='bbox 951 1512 1031 1579; x_wconf 90' lang='lat' dir='ltr'>eos,</span> <span class='ocrx_word' id='word_1_86' title='bbox 1074 1487 1151 1584; x_wconf 89' lang='lat' dir='ltr'>ipse</span> <span class='ocrx_word' id='word_1_87' title='bbox 1185 1511 1269 1576; x_wconf 74' lang='lat' dir='ltr'>rer,</span> <span class='ocrx_word' id='word_1_88' title='bbox 1305 1511 1376 1584; x_wconf 92' lang='lat' dir='ltr'>quo</span> 
     </span>
     <span class='ocr_line' id='line_1_12' title="bbox 134 1596 1374 1698; baseline -0.002 -26"><span class='ocrx_word' id='word_1_89' title='bbox 134 1625 199 1673; x_wconf 93' lang='lat' dir='ltr'>suo</span> <span class='ocrx_word' id='word_1_90' title='bbox 225 1601 353 1676; x_wconf 90' lang='lat' dir='ltr'>merito</span> <span class='ocrx_word' id='word_1_91' title='bbox 378 1610 520 1674; x_wconf 86' lang='lat' dir='ltr'>tantum</span> <span class='ocrx_word' id='word_1_92' title='bbox 541 1600 577 1674; x_wconf 93' lang='lat' dir='ltr'>in</span> <span class='ocrx_word' id='word_1_93' title='bbox 596 1612 710 1675; x_wconf 90' lang='lat' dir='ltr'>semet</span> <span class='ocrx_word' id='word_1_94' title='bbox 736 1601 954 1698; x_wconf 81' lang='lat' dir='ltr'>cogitassent</span> <span class='ocrx_word' id='word_1_95' title='bbox 979 1596 1140 1672; x_wconf 84' lang='lat' dir='ltr'>facinus?</span> <span class='ocrx_word' id='word_1_96' title='bbox 1166 1598 1374 1695; x_wconf 86' lang='lat' dir='ltr'>interrogat</span> 
     </span>
     <span class='ocr_line' id='line_1_13' title="bbox 79 1706 1375 1809; baseline 0 -27"><span class='ocrx_word' id='word_1_97' title='bbox 79 1706 373 1809; x_wconf 77' lang='lat' dir='ltr'>rustupentibus</span> <span class='ocrx_word' id='word_1_98' title='bbox 401 1713 543 1805; x_wconf 87' lang='lat' dir='ltr'>ceteris,</span> <span class='ocrx_word' id='word_1_99' title='bbox 569 1711 800 1802; x_wconf 90' lang='lat' dir='ltr'>Hermolaus,</span> <span class='ocrx_word' id='word_1_100' title='bbox 831 1709 909 1788; x_wconf 84' lang='lat' dir='ltr'>Nm</span> <span class='ocrx_word' id='word_1_101' title='bbox 934 1735 1025 1802; x_wconf 83' lang='lat' dir='ltr'>vero,</span> <span class='ocrx_word' id='word_1_102' title='bbox 1050 1709 1181 1806; x_wconf 84' lang='lat' dir='ltr'>iuquit,</span> <span class='ocrx_word' id='word_1_103' title='bbox 1208 1708 1375 1809; x_wconf 78' lang='lat' dir='ltr'>qaombm,</span> 
     </span>
     <span class='ocr_line' id='line_1_14' title="bbox 135 1819 1374 1924; baseline -0.005 -24"><span class='ocrx_word' id='word_1_104' title='bbox 135 1822 234 1921; x_wconf 73' lang='lat' dir='ltr'>qumi</span> <span class='ocrx_word' id='word_1_105' title='bbox 257 1825 401 1918; x_wconf 70' lang='lat' dir='ltr'>mamus,</span> <span class='ocrx_word' id='word_1_106' title='bbox 441 1826 590 1924; x_wconf 76' lang='lat' dir='ltr'>quoeris,</span> <span class='ocrx_word' id='word_1_107' title='bbox 627 1824 799 1901; x_wconf 67' lang='lat' dir='ltr'>occidendi</span> <span class='ocrx_word' id='word_1_108' title='bbox 823 1835 852 1898; x_wconf 82' lang='lat' dir='ltr'>te</span> <span class='ocrx_word' id='word_1_109' title='bbox 878 1822 1051 1898; x_wconf 77' lang='lat' dir='ltr'>cmmdinm</span> <span class='ocrx_word' id='word_1_110' title='bbox 1076 1819 1254 1911; x_wconf 79' lang='lat' dir='ltr'>iniciam,</span> <span class='ocrx_word' id='word_1_111' title='bbox 1293 1820 1374 1920; x_wconf 75' lang='lat' dir='ltr'>qum</span> 
     </span>
     <span class='ocr_line' id='line_1_15' title="bbox 133 1929 1374 2036; baseline -0.002 -30"><span class='ocrx_word' id='word_1_112' title='bbox 133 1955 200 2006; x_wconf 88' lang='lat' dir='ltr'>non</span> <span class='ocrx_word' id='word_1_113' title='bbox 224 1945 260 2006; x_wconf 81' lang='lat' dir='ltr'>nt</span> <span class='ocrx_word' id='word_1_114' title='bbox 285 1934 437 2036; x_wconf 72' lang='lat' dir='ltr'>irnpenuis</span> <span class='ocrx_word' id='word_1_115' title='bbox 463 1936 629 2034; x_wconf 83' lang='lat' dir='ltr'>imperare</span> <span class='ocrx_word' id='word_1_116' title='bbox 654 1935 803 2034; x_wconf 71' lang='lat' dir='ltr'>coepisti,</span> <span class='ocrx_word' id='word_1_117' title='bbox 840 1934 901 2010; x_wconf 84' lang='lat' dir='ltr'>sed</span> <span class='ocrx_word' id='word_1_118' title='bbox 932 1933 1032 2034; x_wconf 80' lang='lat' dir='ltr'>qumi</span> <span class='ocrx_word' id='word_1_119' title='bbox 1060 1931 1097 2006; x_wconf 89' lang='lat' dir='ltr'>in</span> <span class='ocrx_word' id='word_1_120' title='bbox 1122 1931 1294 2030; x_wconf 76' lang='lat' dir='ltr'>menapia</span> <span class='ocrx_word' id='word_1_121' title='bbox 1319 1929 1374 2004; x_wconf 89' lang='lat' dir='ltr'>do-</span> 
     </span>
     <span class='ocr_line' id='line_1_16' title="bbox 99 2040 1373 2146; baseline 0 -30"><span class='ocrx_word' id='word_1_122' title='bbox 99 2043 286 2119; x_wconf 63' lang='lat' dir='ltr'>eminane.</span> <span class='ocrx_word' id='word_1_123' title='bbox 338 2044 479 2119; x_wconf 88' lang='lat' dir='ltr'>Primus</span> <span class='ocrx_word' id='word_1_124' title='bbox 512 2071 558 2118; x_wconf 88' lang='lat' dir='ltr'>ex</span> <span class='ocrx_word' id='word_1_125' title='bbox 589 2046 753 2119; x_wconf 91' lang='lat' dir='ltr'>omnibus</span> <span class='ocrx_word' id='word_1_126' title='bbox 779 2054 883 2146; x_wconf 88' lang='lat' dir='ltr'>pater</span> <span class='ocrx_word' id='word_1_127' title='bbox 906 2045 1016 2143; x_wconf 91' lang='lat' dir='ltr'>ipsius</span> <span class='ocrx_word' id='word_1_128' title='bbox 1043 2040 1202 2142; x_wconf 85' lang='lat' dir='ltr'>Sopolis,</span> <span class='ocrx_word' id='word_1_129' title='bbox 1232 2042 1373 2141; x_wconf 82' lang='lat' dir='ltr'>parrici-</span> 
     </span>
     <span class='ocr_line' id='line_1_17' title="bbox 134 2150 1372 2254; baseline 0.004 -31"><span class='ocrx_word' id='word_1_130' title='bbox 134 2150 219 2225; x_wconf 82' lang='lat' dir='ltr'>dam</span> <span class='ocrx_word' id='word_1_131' title='bbox 244 2155 353 2228; x_wconf 89' lang='lat' dir='ltr'>etiam</span> <span class='ocrx_word' id='word_1_132' title='bbox 376 2156 535 2254; x_wconf 86' lang='lat' dir='ltr'>parentis</span> <span class='ocrx_word' id='word_1_133' title='bbox 561 2157 616 2230; x_wconf 93' lang='lat' dir='ltr'>sui</span> <span class='ocrx_word' id='word_1_134' title='bbox 643 2157 827 2230; x_wconf 84' lang='lat' dir='ltr'>clamitans</span> <span class='ocrx_word' id='word_1_135' title='bbox 854 2181 942 2246; x_wconf 91' lang='lat' dir='ltr'>esse,</span> <span class='ocrx_word' id='word_1_136' title='bbox 970 2155 1168 2254; x_wconf 80' lang='lat' dir='ltr'>consurgit,</span> <span class='ocrx_word' id='word_1_137' title='bbox 1195 2153 1305 2227; x_wconf 91' lang='lat' dir='ltr'>etad</span> <span class='ocrx_word' id='word_1_138' title='bbox 1331 2179 1372 2228; x_wconf 90' lang='lat' dir='ltr'>os</span> 
     </span>
     <span class='ocr_line' id='line_1_18' title="bbox 133 2265 1373 2362; baseline 0.002 -28"><span class='ocrx_word' id='word_1_139' title='bbox 133 2287 242 2336; x_wconf 89' lang='lat' dir='ltr'>manu</span> <span class='ocrx_word' id='word_1_140' title='bbox 277 2265 434 2356; x_wconf 84' lang='lat' dir='ltr'>obiecta,</span> <span class='ocrx_word' id='word_1_141' title='bbox 478 2269 610 2340; x_wconf 80' lang='lat' dir='ltr'>scelere</span> <span class='ocrx_word' id='word_1_142' title='bbox 644 2277 682 2342; x_wconf 90' lang='lat' dir='ltr'>et</span> <span class='ocrx_word' id='word_1_143' title='bbox 721 2267 824 2342; x_wconf 87' lang='lat' dir='ltr'>malis</span> <span class='ocrx_word' id='word_1_144' title='bbox 864 2267 1100 2341; x_wconf 85' lang='lat' dir='ltr'>insanientem</span> <span class='ocrx_word' id='word_1_145' title='bbox 1135 2265 1230 2338; x_wconf 86' lang='lat' dir='ltr'>ultre</span> <span class='ocrx_word' id='word_1_146' title='bbox 1264 2274 1373 2362; x_wconf 86' lang='lat' dir='ltr'>negat</span> 
     </span>
     <span class='ocr_line' id='line_1_19' title="bbox 99 2372 1371 2477; baseline 0.003 -34"><span class='ocrx_word' id='word_1_147' title='bbox 99 2372 361 2450; x_wconf 78' lang='lat' dir='ltr'>condiendum.</span> <span class='ocrx_word' id='word_1_148' title='bbox 414 2375 494 2450; x_wconf 86' lang='lat' dir='ltr'>Rex</span> <span class='ocrx_word' id='word_1_149' title='bbox 525 2377 677 2452; x_wconf 89' lang='lat' dir='ltr'>inhibito</span> <span class='ocrx_word' id='word_1_150' title='bbox 714 2389 817 2477; x_wconf 87' lang='lat' dir='ltr'>patre</span> <span class='ocrx_word' id='word_1_151' title='bbox 850 2376 968 2452; x_wconf 90' lang='lat' dir='ltr'>dicere</span> <span class='ocrx_word' id='word_1_152' title='bbox 998 2376 1232 2451; x_wconf 86' lang='lat' dir='ltr'>Hermolaum</span> <span class='ocrx_word' id='word_1_153' title='bbox 1262 2374 1371 2466; x_wconf 89' lang='lat' dir='ltr'>iubet,</span> 
     </span>
     <span class='ocr_line' id='line_1_20' title="bbox 133 2485 1372 2587; baseline 0.001 -29"><span class='ocrx_word' id='word_1_154' title='bbox 133 2511 226 2582; x_wconf 85' lang='lat' dir='ltr'>quac</span> <span class='ocrx_word' id='word_1_155' title='bbox 265 2512 312 2564; x_wconf 87' lang='lat' dir='ltr'>cx</span> <span class='ocrx_word' id='word_1_156' title='bbox 349 2490 520 2587; x_wconf 86' lang='lat' dir='ltr'>magistro</span> <span class='ocrx_word' id='word_1_157' title='bbox 558 2486 740 2564; x_wconf 88' lang='lat' dir='ltr'>didicisset</span> <span class='ocrx_word' id='word_1_158' title='bbox 778 2487 1003 2565; x_wconf 82' lang='lat' dir='ltr'>Callisthene.</span> <span class='ocrx_word' id='word_1_159' title='bbox 1061 2485 1110 2560; x_wconf 87' lang='lat' dir='ltr'>Et</span> <span class='ocrx_word' id='word_1_160' title='bbox 1147 2485 1372 2577; x_wconf 85' lang='lat' dir='ltr'>Hermolaus,</span> 
     </span>
     <span class='ocr_line' id='line_1_21' title="bbox 142 2595 1372 2702; baseline 0.002 -32"><span class='ocrx_word' id='word_1_161' title='bbox 142 2595 235 2691; x_wconf 80' lang='lat' dir='ltr'>Utor,</span> <span class='ocrx_word' id='word_1_162' title='bbox 261 2599 391 2698; x_wconf 91' lang='lat' dir='ltr'>inquit,</span> <span class='ocrx_word' id='word_1_163' title='bbox 423 2599 573 2696; x_wconf 68' lang='lat' dir='ltr'>denotem</span> <span class='ocrx_word' id='word_1_164' title='bbox 599 2613 667 2692; x_wconf 80' lang='lat' dir='ltr'>hm,</span> <span class='ocrx_word' id='word_1_165' title='bbox 699 2613 731 2674; x_wconf 87' lang='lat' dir='ltr'>et</span> <span class='ocrx_word' id='word_1_166' title='bbox 756 2601 845 2693; x_wconf 85' lang='lat' dir='ltr'>dico,</span> <span class='ocrx_word' id='word_1_167' title='bbox 877 2626 962 2702; x_wconf 78' lang='lat' dir='ltr'>qaue</span> <span class='ocrx_word' id='word_1_168' title='bbox 986 2599 1107 2676; x_wconf 70' lang='lat' dir='ltr'>nosue</span> <span class='ocrx_word' id='word_1_169' title='bbox 1132 2599 1232 2674; x_wconf 85' lang='lat' dir='ltr'>molis</span> <span class='ocrx_word' id='word_1_170' title='bbox 1257 2598 1372 2673; x_wconf 87' lang='lat' dir='ltr'>didici.</span> 
     </span>
     <span class='ocr_line' id='line_1_22' title="bbox 98 2705 1373 2810; baseline -0.002 -26"><span class='ocrx_word' id='word_1_171' title='bbox 98 2705 243 2792; x_wconf 57' lang='lat' dir='ltr'>rantc</span> <span class='ocrx_word' id='word_1_172' title='bbox 261 2735 351 2810; x_wconf 82' lang='lat' dir='ltr'>pars</span> <span class='ocrx_word' id='word_1_173' title='bbox 375 2710 600 2786; x_wconf 81' lang='lat' dir='ltr'>Macedonum</span> <span class='ocrx_word' id='word_1_174' title='bbox 624 2711 780 2786; x_wconf 80' lang='lat' dir='ltr'>samitiuc</span> <span class='ocrx_word' id='word_1_175' title='bbox 806 2725 880 2786; x_wconf 83' lang='lat' dir='ltr'>tuae</span> <span class='ocrx_word' id='word_1_176' title='bbox 905 2709 1078 2810; x_wconf 75' lang='lat' dir='ltr'>superest?</span> <span class='ocrx_word' id='word_1_177' title='bbox 1105 2723 1222 2810; x_wconf 82' lang='lat' dir='ltr'>quotue</span> <span class='ocrx_word' id='word_1_178' title='bbox 1238 2709 1373 2810; x_wconf 83' lang='lat' dir='ltr'>quidem</span> 
     </span>
     <span class='ocr_line' id='line_1_23' title="bbox 133 2819 1375 2922; baseline -0.003 -28"><span class='ocrx_word' id='word_1_179' title='bbox 133 2844 200 2894; x_wconf 88' lang='lat' dir='ltr'>non</span> <span class='ocrx_word' id='word_1_180' title='bbox 226 2845 243 2894; x_wconf 88' lang='lat' dir='ltr'>e</span> <span class='ocrx_word' id='word_1_181' title='bbox 267 2821 428 2896; x_wconf 78' lang='lat' dir='ltr'>citissimo</span> <span class='ocrx_word' id='word_1_182' title='bbox 452 2822 640 2922; x_wconf 73' lang='lat' dir='ltr'>sanquine?</span> <span class='ocrx_word' id='word_1_183' title='bbox 690 2823 825 2898; x_wconf 78' lang='lat' dir='ltr'>Ateius</span> <span class='ocrx_word' id='word_1_184' title='bbox 856 2835 887 2897; x_wconf 81' lang='lat' dir='ltr'>et</span> <span class='ocrx_word' id='word_1_185' title='bbox 910 2823 1058 2898; x_wconf 81' lang='lat' dir='ltr'>Philotas</span> <span class='ocrx_word' id='word_1_186' title='bbox 1083 2834 1114 2894; x_wconf 82' lang='lat' dir='ltr'>ct</span> <span class='ocrx_word' id='word_1_187' title='bbox 1137 2819 1318 2896; x_wconf 79' lang='lat' dir='ltr'>Pammnio</span> <span class='ocrx_word' id='word_1_188' title='bbox 1345 2830 1375 2890; x_wconf 85' lang='lat' dir='ltr'>et</span> 
     </span>
     <span class='ocr_line' id='line_1_24' title="bbox 131 2927 1373 3033; baseline -0.006 -27"><span class='ocrx_word' id='word_1_189' title='bbox 131 2928 309 3029; x_wconf 45' lang='lat' dir='ltr'>macretas</span> <span class='ocrx_word' id='word_1_190' title='bbox 342 2931 537 3007; x_wconf 79' lang='lat' dir='ltr'>Alenander</span> <span class='ocrx_word' id='word_1_191' title='bbox 570 2945 601 3005; x_wconf 82' lang='lat' dir='ltr'>et</span> <span class='ocrx_word' id='word_1_192' title='bbox 635 2929 759 3024; x_wconf 74' lang='lat' dir='ltr'>Olim,</span> <span class='ocrx_word' id='word_1_193' title='bbox 799 2945 958 3033; x_wconf 80' lang='lat' dir='ltr'>quamam</span> <span class='ocrx_word' id='word_1_194' title='bbox 998 2933 1046 3006; x_wconf 85' lang='lat' dir='ltr'>ud</span> <span class='ocrx_word' id='word_1_195' title='bbox 1078 2933 1183 3007; x_wconf 72' lang='lat' dir='ltr'>iones</span> <span class='ocrx_word' id='word_1_196' title='bbox 1219 2927 1373 3029; x_wconf 75' lang='lat' dir='ltr'>pertinet,</span> 
     </span>
     <span class='ocr_line' id='line_1_25' title="bbox 131 3037 1374 3145; baseline -0.002 -31"><span class='ocrx_word' id='word_1_197' title='bbox 131 3041 261 3134; x_wconf 85' lang='lat' dir='ltr'>vivunt,</span> <span class='ocrx_word' id='word_1_198' title='bbox 299 3043 447 3116; x_wconf 81' lang='lat' dir='ltr'>stomin</span> <span class='ocrx_word' id='word_1_199' title='bbox 473 3044 558 3136; x_wconf 83' lang='lat' dir='ltr'>acia,</span> <span class='ocrx_word' id='word_1_200' title='bbox 595 3044 763 3142; x_wconf 69' lang='lat' dir='ltr'>tecl&#39;meis</span> <span class='ocrx_word' id='word_1_201' title='bbox 788 3042 861 3116; x_wconf 77' lang='lat' dir='ltr'>anis</span> <span class='ocrx_word' id='word_1_202' title='bbox 885 3057 1077 3145; x_wconf 70' lang='lat' dir='ltr'>prorepant,</span> <span class='ocrx_word' id='word_1_203' title='bbox 1112 3055 1142 3116; x_wconf 85' lang='lat' dir='ltr'>et</span> <span class='ocrx_word' id='word_1_204' title='bbox 1165 3064 1234 3140; x_wconf 85' lang='lat' dir='ltr'>pm</span> <span class='ocrx_word' id='word_1_205' title='bbox 1261 3037 1374 3136; x_wconf 64' lang='lat' dir='ltr'>plata</span> 
     </span>
     <span class='ocr_line' id='line_1_26' title="bbox 132 3147 1374 3254; baseline -0.004 -30"><span class='ocrx_word' id='word_1_206' title='bbox 132 3163 199 3242; x_wconf 81' lang='lat' dir='ltr'>tue,</span> <span class='ocrx_word' id='word_1_207' title='bbox 218 3179 287 3250; x_wconf 79' lang='lat' dir='ltr'>pro</span> <span class='ocrx_word' id='word_1_208' title='bbox 303 3154 441 3228; x_wconf 79' lang='lat' dir='ltr'>rictoric</span> <span class='ocrx_word' id='word_1_209' title='bbox 457 3155 597 3228; x_wconf 81' lang='lat' dir='ltr'>onlnem</span> <span class='ocrx_word' id='word_1_210' title='bbox 615 3153 802 3253; x_wconf 75' lang='lat' dir='ltr'>accipiunt:</span> <span class='ocrx_word' id='word_1_211' title='bbox 828 3153 946 3253; x_wconf 80' lang='lat' dir='ltr'>quidm</span> <span class='ocrx_word' id='word_1_212' title='bbox 973 3168 1008 3229; x_wconf 85' lang='lat' dir='ltr'>tu</span> <span class='ocrx_word' id='word_1_213' title='bbox 1033 3152 1201 3254; x_wconf 71' lang='lat' dir='ltr'>eqrcpihm</span> <span class='ocrx_word' id='word_1_214' title='bbox 1222 3147 1374 3250; x_wconf 73' lang='lat' dir='ltr'>qratiam</span> 
     </span>
     <span class='ocr_line' id='line_1_27' title="bbox 96 3260 1424 3364; baseline -0.003 -27"><span class='ocrx_word' id='word_1_215' title='bbox 96 3263 290 3340; x_wconf 76' lang='lat' dir='ltr'>cretulisti.</span> <span class='ocrx_word' id='word_1_216' title='bbox 342 3265 443 3340; x_wconf 81' lang='lat' dir='ltr'>Alius</span> <span class='ocrx_word' id='word_1_217' title='bbox 468 3291 619 3340; x_wconf 80' lang='lat' dir='ltr'>ntenscm</span> <span class='ocrx_word' id='word_1_218' title='bbox 644 3277 736 3339; x_wconf 72' lang='lat' dir='ltr'>trram</span> <span class='ocrx_word' id='word_1_219' title='bbox 760 3264 924 3364; x_wconf 65' lang='lat' dir='ltr'>sanguine</span> <span class='ocrx_word' id='word_1_220' title='bbox 948 3290 1009 3341; x_wconf 81' lang='lat' dir='ltr'>suo</span> <span class='ocrx_word' id='word_1_221' title='bbox 1035 3263 1186 3364; x_wconf 75' lang='lat' dir='ltr'>orpmsit,</span> <span class='ocrx_word' id='word_1_222' title='bbox 1219 3260 1309 3335; x_wconf 80' lang='lat' dir='ltr'>alim</span> <span class='ocrx_word' id='word_1_223' title='bbox 1335 3281 1376 3334; x_wconf 83' lang='lat' dir='ltr'>nc</span> <span class='ocrx_word' id='word_1_224' title='bbox 1419 3297 1424 3308; x_wconf 95' lang='lat'>·</span> 
     </span>
    </p>
   </div>
   <div class='ocr_carea' id='block_1_3' title="bbox 129 3451 1384 4483">
    <p class='ocr_par' dir='ltr' id='par_1_5' title="bbox 130 3451 1378 3936">
     <span class='ocr_line' id='line_1_28' title="bbox 165 3451 1377 3536; baseline -0.006 -25"><span class='ocrx_word' id='word_1_225' title='bbox 165 3455 205 3536; x_wconf 56' lang='grc' dir='ltr'>(ξε</span> <span class='ocrx_word' id='word_1_226' title='bbox 224 3463 292 3524; x_wconf 55' lang='lat' dir='ltr'>At,</span> <span class='ocrx_word' id='word_1_227' title='bbox 315 3461 338 3527; x_wconf 70' lang='grc' dir='ltr'>ξ.</span> <span class='ocrx_word' id='word_1_228' title='bbox 353 3464 395 3514; x_wconf 81' lang='lat'>28.</span> <span class='ocrx_word' id='word_1_229' title='bbox 461 3477 556 3532; x_wconf 79' lang='lat' dir='ltr'>equens</span> <span class='ocrx_word' id='word_1_230' title='bbox 582 3459 732 3530; x_wconf 68' lang='lat' dir='ltr'>cnsilium]</span> <span class='ocrx_word' id='word_1_231' title='bbox 768 3459 861 3527; x_wconf 84' lang='lat' dir='ltr'>ticuls,</span> <span class='ocrx_word' id='word_1_232' title='bbox 888 3459 955 3513; x_wconf 85' lang='lat' dir='ltr'>haee</span> <span class='ocrx_word' id='word_1_233' title='bbox 971 3475 1025 3513; x_wconf 88' lang='lat' dir='ltr'>non</span> <span class='ocrx_word' id='word_1_234' title='bbox 1041 3456 1119 3522; x_wconf 86' lang='lat' dir='ltr'>item,</span> <span class='ocrx_word' id='word_1_235' title='bbox 1146 3471 1207 3508; x_wconf 84' lang='lat' dir='ltr'>nam</span> <span class='ocrx_word' id='word_1_236' title='bbox 1230 3451 1278 3532; x_wconf 80' lang='lat' dir='ltr'>ubi</span> <span class='ocrx_word' id='word_1_237' title='bbox 1300 3465 1377 3532; x_wconf 80' lang='lat' dir='ltr'>prae-</span> 
     </span>
     <span class='ocr_line' id='line_1_29' title="bbox 130 3518 1378 3604; baseline -0.005 -27"><span class='ocrx_word' id='word_1_238' title='bbox 130 3523 203 3604; x_wconf 77' lang='lat' dir='ltr'>Edit.</span> <span class='ocrx_word' id='word_1_239' title='bbox 244 3525 286 3578; x_wconf 74' lang='lat' dir='ltr'>od,</span> <span class='ocrx_word' id='word_1_240' title='bbox 304 3535 332 3580; x_wconf 87' lang='lat' dir='ltr'>et</span> <span class='ocrx_word' id='word_1_241' title='bbox 349 3526 419 3580; x_wconf 84' lang='lat' dir='ltr'>Flor.</span> <span class='ocrx_word' id='word_1_242' title='bbox 472 3529 617 3593; x_wconf 83' lang='lat' dir='ltr'>concilium,</span> <span class='ocrx_word' id='word_1_243' title='bbox 636 3527 732 3582; x_wconf 82' lang='lat' dir='ltr'>Cron-</span> <span class='ocrx_word' id='word_1_244' title='bbox 769 3527 849 3582; x_wconf 81' lang='lat' dir='ltr'>cessit</span> <span class='ocrx_word' id='word_1_245' title='bbox 865 3537 944 3600; x_wconf 78' lang='lat' dir='ltr'>quota</span> <span class='ocrx_word' id='word_1_246' title='bbox 963 3543 1032 3597; x_wconf 81' lang='lat' dir='ltr'>pars</span> <span class='ocrx_word' id='word_1_247' title='bbox 1049 3525 1227 3578; x_wconf 83' lang='lat' dir='ltr'>Macedonum</span> <span class='ocrx_word' id='word_1_248' title='bbox 1245 3518 1378 3601; x_wconf 72' lang='lat' dir='ltr'>sigmficat</span> 
     </span>
     <span class='ocr_line' id='line_1_30' title="bbox 131 3591 1377 3671; baseline -0.004 -26"><span class='ocrx_word' id='word_1_249' title='bbox 131 3591 243 3645; x_wconf 74' lang='lat' dir='ltr'>snitum.</span> <span class='ocrx_word' id='word_1_250' title='bbox 259 3592 324 3671; x_wconf 34' lang='lat' dir='ltr'>‚Sed</span> <span class='ocrx_word' id='word_1_251' title='bbox 337 3603 397 3664; x_wconf 89' lang='lat' dir='ltr'>post</span> <span class='ocrx_word' id='word_1_252' title='bbox 411 3611 467 3664; x_wconf 85' lang='lat' dir='ltr'>cap.</span> <span class='ocrx_word' id='word_1_253' title='bbox 478 3602 511 3652; x_wconf 82' lang='lat'>29</span> <span class='ocrx_word' id='word_1_254' title='bbox 526 3598 660 3649; x_wconf 81' lang='lat' dir='ltr'>consilium</span> <span class='ocrx_word' id='word_1_255' title='bbox 678 3595 734 3648; x_wconf 85' lang='lat' dir='ltr'>sine</span> <span class='ocrx_word' id='word_1_256' title='bbox 768 3607 860 3667; x_wconf 70' lang='lat' dir='ltr'>quonia</span> <span class='ocrx_word' id='word_1_257' title='bbox 877 3595 947 3648; x_wconf 90' lang='lat' dir='ltr'>idem</span> <span class='ocrx_word' id='word_1_258' title='bbox 965 3595 1023 3647; x_wconf 86' lang='lat' dir='ltr'>fere</span> <span class='ocrx_word' id='word_1_259' title='bbox 1039 3593 1110 3664; x_wconf 90' lang='lat' dir='ltr'>qnod</span> <span class='ocrx_word' id='word_1_260' title='bbox 1124 3591 1195 3644; x_wconf 87' lang='lat' dir='ltr'>solet</span> <span class='ocrx_word' id='word_1_261' title='bbox 1212 3599 1377 3659; x_wconf 78' lang='lat' dir='ltr'>qnonrsqms-</span> 
     </span>
     <span class='ocr_line' id='line_1_31' title="bbox 130 3655 1378 3734; baseline -0.002 -24"><span class='ocrx_word' id='word_1_262' title='bbox 130 3657 186 3710; x_wconf 84' lang='lat' dir='ltr'>nlls</span> <span class='ocrx_word' id='word_1_263' title='bbox 210 3669 341 3718; x_wconf 70' lang='lat' dir='ltr'>varietate</span> <span class='ocrx_word' id='word_1_264' title='bbox 363 3679 422 3714; x_wconf 88' lang='lat' dir='ltr'>mss.</span> <span class='ocrx_word' id='word_1_265' title='bbox 445 3679 522 3732; x_wconf 80' lang='lat' dir='ltr'>qnam</span> <span class='ocrx_word' id='word_1_266' title='bbox 543 3681 604 3716; x_wconf 87' lang='lat' dir='ltr'>uam</span> <span class='ocrx_word' id='word_1_267' title='bbox 627 3663 733 3716; x_wconf 89' lang='lat' dir='ltr'>Modius</span> <span class='ocrx_word' id='word_1_268' title='bbox 769 3682 817 3734; x_wconf 83' lang='lat' dir='ltr'>que</span> <span class='ocrx_word' id='word_1_269' title='bbox 834 3662 894 3716; x_wconf 86' lang='lat' dir='ltr'>dici.</span> <span class='ocrx_word' id='word_1_270' title='bbox 928 3664 1038 3724; x_wconf 81' lang='lat' dir='ltr'>Quidem</span> <span class='ocrx_word' id='word_1_271' title='bbox 1056 3667 1145 3712; x_wconf 86' lang='lat' dir='ltr'>autem</span> <span class='ocrx_word' id='word_1_272' title='bbox 1161 3657 1199 3710; x_wconf 86' lang='lat' dir='ltr'>ita</span> <span class='ocrx_word' id='word_1_273' title='bbox 1216 3655 1378 3709; x_wconf 82' lang='lat' dir='ltr'>sententiam</span> 
     </span>
     <span class='ocr_line' id='line_1_32' title="bbox 132 3723 1378 3802; baseline -0.002 -24"><span class='ocrx_word' id='word_1_274' title='bbox 132 3725 238 3797; x_wconf 88' lang='lat' dir='ltr'>quidem</span> <span class='ocrx_word' id='word_1_275' title='bbox 255 3726 319 3780; x_wconf 83' lang='lat' dir='ltr'>item</span> <span class='ocrx_word' id='word_1_276' title='bbox 336 3731 471 3782; x_wconf 77' lang='lat' dir='ltr'>conciliem</span> <span class='ocrx_word' id='word_1_277' title='bbox 489 3732 522 3783; x_wconf 85' lang='lat' dir='ltr'>da</span> <span class='ocrx_word' id='word_1_278' title='bbox 542 3730 571 3783; x_wconf 78' lang='grc' dir='ltr'>ἰ.</span> <span class='ocrx_word' id='word_1_279' title='bbox 602 3731 669 3784; x_wconf 87' lang='lat' dir='ltr'>Mox</span> <span class='ocrx_word' id='word_1_280' title='bbox 685 3747 734 3801; x_wconf 88' lang='lat' dir='ltr'>pro</span> <span class='ocrx_word' id='word_1_281' title='bbox 769 3731 844 3802; x_wconf 84' lang='lat' dir='ltr'>quasi</span> <span class='ocrx_word' id='word_1_282' title='bbox 865 3729 1004 3798; x_wconf 78' lang='lat' dir='ltr'>restringit</span> <span class='ocrx_word' id='word_1_283' title='bbox 1022 3735 1053 3780; x_wconf 89' lang='lat' dir='ltr'>ut</span> <span class='ocrx_word' id='word_1_284' title='bbox 1071 3725 1117 3780; x_wconf 85' lang='lat' dir='ltr'>sit:</span> <span class='ocrx_word' id='word_1_285' title='bbox 1146 3741 1181 3778; x_wconf 88' lang='lat' dir='ltr'>ex</span> <span class='ocrx_word' id='word_1_286' title='bbox 1202 3723 1253 3777; x_wconf 84' lang='lat' dir='ltr'>illis</span> <span class='ocrx_word' id='word_1_287' title='bbox 1290 3724 1378 3776; x_wconf 88' lang='lat' dir='ltr'>uidem</span> 
     </span>
     <span class='ocr_line' id='line_1_33' title="bbox 131 3791 1377 3870; baseline -0.004 -22"><span class='ocrx_word' id='word_1_288' title='bbox 131 3810 163 3848; x_wconf 87' lang='lat' dir='ltr'>eo</span> <span class='ocrx_word' id='word_1_289' title='bbox 180 3796 253 3870; x_wconf 90' lang='lat' dir='ltr'>quod</span> <span class='ocrx_word' id='word_1_290' title='bbox 271 3804 310 3849; x_wconf 86' lang='lat' dir='ltr'>est</span> <span class='ocrx_word' id='word_1_291' title='bbox 327 3798 492 3866; x_wconf 72' lang='lat' dir='ltr'>contiyissent</span> <span class='ocrx_word' id='word_1_292' title='bbox 510 3815 567 3866; x_wconf 77' lang='lat' dir='ltr'>cos,</span> <span class='ocrx_word' id='word_1_293' title='bbox 594 3815 650 3850; x_wconf 90' lang='lat' dir='ltr'>non</span> <span class='ocrx_word' id='word_1_294' title='bbox 666 3797 734 3850; x_wconf 81' lang='lat' dir='ltr'>male</span> <span class='ocrx_word' id='word_1_295' title='bbox 769 3798 814 3869; x_wconf 88' lang='lat' dir='ltr'>qui</span> <span class='ocrx_word' id='word_1_296' title='bbox 828 3797 863 3852; x_wconf 85' lang='lat' dir='ltr'>ali</span> <span class='ocrx_word' id='word_1_297' title='bbox 883 3815 944 3849; x_wconf 87' lang='lat' dir='ltr'>uam</span> <span class='ocrx_word' id='word_1_298' title='bbox 958 3793 1063 3865; x_wconf 84' lang='lat' dir='ltr'>generis</span> <span class='ocrx_word' id='word_1_299' title='bbox 1073 3791 1241 3848; x_wconf 81' lang='lat' dir='ltr'>nobilitatem</span> <span class='ocrx_word' id='word_1_300' title='bbox 1249 3791 1285 3845; x_wconf 84' lang='lat' dir='ltr'>ha</span> <span class='ocrx_word' id='word_1_301' title='bbox 1305 3799 1377 3858; x_wconf 83' lang='lat' dir='ltr'>eant,</span> 
     </span>
     <span class='ocr_line' id='line_1_34' title="bbox 130 3815 1378 3936; baseline -0.005 -18"><span class='ocrx_word' id='word_1_302' title='bbox 130 3862 244 3918; x_wconf 86' lang='lat' dir='ltr'>coniecit</span> <span class='ocrx_word' id='word_1_303' title='bbox 259 3863 384 3918; x_wconf 83' lang='lat' dir='ltr'>Heinsius</span> <span class='ocrx_word' id='word_1_304' title='bbox 401 3883 468 3918; x_wconf 79' lang='lat' dir='ltr'>reos.</span> <span class='ocrx_word' id='word_1_305' title='bbox 773 3883 833 3919; x_wconf 80' lang='lat' dir='ltr'>nam</span> <span class='ocrx_word' id='word_1_306' title='bbox 851 3815 961 3936; x_wconf 77' lang='lat' dir='ltr'>plebeiis</span> <span class='ocrx_word' id='word_1_307' title='bbox 985 3877 1095 3933; x_wconf 84' lang='lat' dir='ltr'>parcere</span> <span class='ocrx_word' id='word_1_308' title='bbox 1112 3861 1187 3930; x_wconf 77' lang='lat' dir='ltr'>soles.</span> <span class='ocrx_word' id='word_1_309' title='bbox 1215 3860 1288 3912; x_wconf 89' lang='lat' dir='ltr'>Tum</span> <span class='ocrx_word' id='word_1_310' title='bbox 1305 3868 1378 3913; x_wconf 80' lang='lat' dir='ltr'>ston-</span> 
     </span>
    </p>

    <p class='ocr_par' dir='ltr' id='par_1_6' title="bbox 129 3927 1384 4469">
     <span class='ocr_line' id='line_1_35' title="bbox 165 3927 1379 4004; baseline -0.004 -19"><span class='ocrx_word' id='word_1_311' title='bbox 165 3937 225 4000; x_wconf 64' lang='lat' dir='ltr'>§.t</span> <span class='ocrx_word' id='word_1_312' title='bbox 260 3943 354 4004; x_wconf 81' lang='lat' dir='ltr'>quotus</span> <span class='ocrx_word' id='word_1_313' title='bbox 372 3935 474 4002; x_wconf 74' lang='lat' dir='ltr'>quidm</span> <span class='ocrx_word' id='word_1_314' title='bbox 497 3951 550 3986; x_wconf 84' lang='lat' dir='ltr'>non</span> <span class='ocrx_word' id='word_1_315' title='bbox 567 3951 581 3987; x_wconf 83' lang='lat' dir='ltr'>c</span> <span class='ocrx_word' id='word_1_316' title='bbox 599 3933 735 4004; x_wconf 78' lang='lat' dir='ltr'>vilissimo]</span> <span class='ocrx_word' id='word_1_317' title='bbox 772 3945 809 3988; x_wconf 79' lang='lat' dir='ltr'>ter</span> <span class='ocrx_word' id='word_1_318' title='bbox 823 3937 851 3986; x_wconf 85' lang='lat' dir='ltr'>in</span> <span class='ocrx_word' id='word_1_319' title='bbox 865 3929 1106 3986; x_wconf 77' lang='lat' dir='ltr'>ncieFlor.Dl?GI</span> <span class='ocrx_word' id='word_1_320' title='bbox 1119 3927 1379 4000; x_wconf 80' lang='lat' dir='ltr'>atquesicblodium</span> 
     </span>
     <span class='ocr_line' id='line_1_36' title="bbox 129 3994 1378 4073; baseline -0.003 -19"><span class='ocrx_word' id='word_1_321' title='bbox 129 3999 206 4054; x_wconf 83' lang='lat' dir='ltr'>Ferri</span> <span class='ocrx_word' id='word_1_322' title='bbox 222 4017 240 4054; x_wconf 88' lang='lat' dir='ltr'>n</span> <span class='ocrx_word' id='word_1_323' title='bbox 276 4001 317 4054; x_wconf 89' lang='lat' dir='ltr'>uit</span> <span class='ocrx_word' id='word_1_324' title='bbox 335 4002 406 4072; x_wconf 87' lang='lat' dir='ltr'>qnod</span> <span class='ocrx_word' id='word_1_325' title='bbox 423 4001 451 4056; x_wconf 90' lang='lat' dir='ltr'>in</span> <span class='ocrx_word' id='word_1_326' title='bbox 468 4001 585 4073; x_wconf 84' lang='lat' dir='ltr'>plurimis</span> <span class='ocrx_word' id='word_1_327' title='bbox 601 4001 679 4054; x_wconf 89' lang='lat' dir='ltr'>codd.</span> <span class='ocrx_word' id='word_1_328' title='bbox 694 4009 737 4054; x_wconf 84' lang='lat' dir='ltr'>est</span> <span class='ocrx_word' id='word_1_329' title='bbox 770 4001 893 4056; x_wconf 82' lang='lat' dir='ltr'>existimo</span> <span class='ocrx_word' id='word_1_330' title='bbox 911 4000 1030 4054; x_wconf 85' lang='lat' dir='ltr'>scribere</span> <span class='ocrx_word' id='word_1_331' title='bbox 1051 3997 1178 4062; x_wconf 85' lang='lat' dir='ltr'>voluisse,</span> <span class='ocrx_word' id='word_1_332' title='bbox 1204 3996 1278 4050; x_wconf 85' lang='lat' dir='ltr'>cuius</span> <span class='ocrx_word' id='word_1_333' title='bbox 1295 3994 1378 4050; x_wconf 83' lang='lat' dir='ltr'>editio</span> 
     </span>
     <span class='ocr_line' id='line_1_37' title="bbox 130 4063 1379 4192; baseline -0.006 -68"><span class='ocrx_word' id='word_1_334' title='bbox 130 4071 287 4192; x_wconf 42' lang='lat' dir='ltr'>nqqdaAqd.</span> <span class='ocrx_word' id='word_1_335' title='bbox 306 4073 449 4150; x_wconf 61' lang='lat' dir='ltr'>sanquine,</span> <span class='ocrx_word' id='word_1_336' title='bbox 476 4069 521 4124; x_wconf 81' lang='lat' dir='ltr'>red</span> <span class='ocrx_word' id='word_1_337' title='bbox 543 4078 589 4191; x_wconf 75' lang='lat' dir='ltr'>cstt</span> <span class='ocrx_word' id='word_1_338' title='bbox 604 4076 733 4190; x_wconf 65' lang='lat' dir='ltr'>etaquen,</span> <span class='ocrx_word' id='word_1_339' title='bbox 769 4069 931 4153; x_wconf 76' lang='lat' dir='ltr'>ineptissime</span> <span class='ocrx_word' id='word_1_340' title='bbox 949 4077 992 4122; x_wconf 79' lang='lat' dir='ltr'>rto</span> <span class='ocrx_word' id='word_1_341' title='bbox 1015 4065 1151 4188; x_wconf 51' lang='lat' dir='ltr'>⁶¹¹¹}ng</span> <span class='ocrx_word' id='word_1_342' title='bbox 1165 4063 1379 4184; x_wconf 55' lang='lat' dir='ltr'>Denqqqqdetect·</span> 
     </span>
     <span class='ocr_line' id='line_1_38' title="bbox 130 4135 1381 4288; baseline -0.006 -27"><span class='ocrx_word' id='word_1_343' title='bbox 130 4155 189 4286; x_wconf 68' lang='lat' dir='ltr'>ln.</span> <span class='ocrx_word' id='word_1_344' title='bbox 223 4154 651 4288; x_wconf 54' lang='lat' dir='ltr'>snttttutnttnt</span> <span class='ocrx_word' id='word_1_345' title='bbox 665 4156 735 4260; x_wconf 65' lang='lat' dir='ltr'>nil</span> <span class='ocrx_word' id='word_1_346' title='bbox 764 4135 1253 4263; x_wconf 55' lang='lat' dir='ltr'>hithplhllhmoehlhanlh.</span> <span class='ocrx_word' id='word_1_347' title='bbox 1270 4149 1381 4253; x_wconf 59' lang='lat' dir='ltr'>alal]</span> 
     </span>
     <span class='ocr_line' id='line_1_39' title="bbox 131 4267 1384 4346; baseline -0.001 -20"><span class='ocrx_word' id='word_1_348' title='bbox 131 4273 203 4339; x_wconf 77' lang='lat' dir='ltr'>fecit,</span> <span class='ocrx_word' id='word_1_349' title='bbox 220 4277 289 4346; x_wconf 85' lang='lat' dir='ltr'>qnod</span> <span class='ocrx_word' id='word_1_350' title='bbox 308 4294 424 4330; x_wconf 76' lang='lat' dir='ltr'>omnium</span> <span class='ocrx_word' id='word_1_351' title='bbox 438 4293 498 4330; x_wconf 85' lang='lat' dir='ltr'>mss.</span> <span class='ocrx_word' id='word_1_352' title='bbox 512 4275 628 4329; x_wconf 85' lang='lat' dir='ltr'>lectione</span> <span class='ocrx_word' id='word_1_353' title='bbox 641 4284 734 4345; x_wconf 80' lang='lat' dir='ltr'>quotus</span> <span class='ocrx_word' id='word_1_354' title='bbox 768 4295 824 4331; x_wconf 86' lang='lat' dir='ltr'>sum</span> <span class='ocrx_word' id='word_1_355' title='bbox 842 4281 960 4338; x_wconf 77' lang='lat' dir='ltr'>mcums,</span> <span class='ocrx_word' id='word_1_356' title='bbox 980 4291 998 4325; x_wconf 85' lang='lat' dir='ltr'>a</span> <span class='ocrx_word' id='word_1_357' title='bbox 1015 4289 1070 4342; x_wconf 89' lang='lat' dir='ltr'>quo</span> <span class='ocrx_word' id='word_1_358' title='bbox 1086 4280 1175 4325; x_wconf 76' lang='lat' dir='ltr'>tamen</span> <span class='ocrx_word' id='word_1_359' title='bbox 1192 4269 1267 4322; x_wconf 78' lang='lat' dir='ltr'>abest</span> <span class='ocrx_word' id='word_1_360' title='bbox 1275 4267 1384 4325; x_wconf 64' lang='lat' dir='ltr'>noan</span> 
     </span>
     <span class='ocr_line' id='line_1_40' title="bbox 131 4341 1053 4469; baseline -0.004 -73"><span class='ocrx_word' id='word_1_361' title='bbox 131 4343 660 4469; x_wconf 43' lang='lat' dir='ltr'>quavithemeqqlqtataadiqllqmquotmquhqqqffi</span> <span class='ocrx_word' id='word_1_362' title='bbox 677 4343 734 4396; x_wconf 78' lang='lat' dir='ltr'>Ad·</span> <span class='ocrx_word' id='word_1_363' title='bbox 768 4353 796 4400; x_wconf 88' lang='lat' dir='ltr'>et</span> <span class='ocrx_word' id='word_1_364' title='bbox 812 4342 953 4399; x_wconf 68' lang='lat' dir='ltr'>Lmdensis</span> <span class='ocrx_word' id='word_1_365' title='bbox 973 4341 1053 4395; x_wconf 83' lang='lat' dir='ltr'>liber.</span> 
     </span>
    </p>

    <p class='ocr_par' dir='ltr' id='par_1_7' title="bbox 306 4428 734 4483">
     <span class='ocr_line' id='line_1_41' title="bbox 306 4428 734 4483; baseline -0.007 -15"><span class='ocrx_word' id='word_1_366' title='bbox 306 4430 353 4468; x_wconf 78' lang='lat' dir='ltr'>scu</span> <span class='ocrx_word' id='word_1_367' title='bbox 380 4433 398 4468; x_wconf 93' lang='lat' dir='ltr'>n</span> <span class='ocrx_word' id='word_1_368' title='bbox 479 4431 561 4469; x_wconf 83' lang='lat' dir='ltr'>noum</span> <span class='ocrx_word' id='word_1_369' title='bbox 612 4431 622 4466; x_wconf 87' lang='lat' dir='ltr'>r</span> <span class='ocrx_word' id='word_1_370' title='bbox 674 4428 734 4483; x_wconf 82' lang='lat' dir='ltr'>par·</span> 
     </span>
    </p>
   </div>
   <div class='ocr_carea' id='block_1_4' title="bbox 0 0 1627 5296">
    <p class='ocr_par' dir='ltr' id='par_1_8' title="bbox 0 0 1627 5296">
     <span class='ocr_line' id='line_1_42' title="bbox 0 0 1627 5296; baseline 0 0"><span class='ocrx_word' id='word_1_371' title='bbox 0 0 1627 5296; x_wconf 95' lang='lat' dir='ltr'> </span> 
     </span>
    </p>
   </div>
  </div>
 </body>
</html>
