3268 5286
265 368 338 439 276
760 389 793 451 o.
821 388 945 440 cunru
968 389 1053 440 uurr

262 571 407 646 stideam.
449 569 507 648 Sic
533 597 609 672 erpo
635 572 784 672 irnperio,
811 573 899 672 qnod
923 572 1093 672 dediprnr,
1119 572 1295 648 imminuo!
1326 572 1404 647 Iarn
1423 571 1502 671 pn‘-
1519 591 1556 639 eo

262 681 338 755 dein
371 683 504 760 natium
535 683 589 759 dle
623 707 730 759 senne
762 683 954 758 conrmercio
991 683 1136 758 alneum
1166 684 1314 784 pentiunt
1348 683 1500 758 rnaben:

261 805 329 866 tarn
363 793 552 886 stannes,
599 820 701 895 pram
734 794 842 887 victis,
873 795 1056 894 pereprina
1093 796 1207 896 linqua
1247 795 1407 870 discenda
1440 807 1499 868 est.

263 903 347 1008 Nan
380 904 559 980 mehercule
593 905 657 979 ista
688 931 739 980 rue
765 907 873 1005 napis
900 906 1046 999 wdone,
1082 933 1182 1007 quant
1208 907 1298 1007 quad
1321 907 1502 1004 Amyrrtas,
1520 923 1557 971 2⁴

261 1013 441 1089 Perdiccae
463 1017 582 1114 filias,
616 1017 793 1092 insidiatus
825 1028 872 1090 est
903 1018 995 1116 repi5
1031 1041 1105 1090 cnm
1140 1041 1203 1117 quo
1237 1016 1326 1116 qeccd
1350 1016 1501 1090 omnnia

250 1124 361 1225 fiuent
386 1125 477 1218 ende,
502 1151 569 1202 nen
593 1151 706 1203 recuso
727 1126 909 1228 dffmdere,
935 1129 968 1202 si
981 1130 1129 1230 fraena
1153 1129 1242 1228 repis
1266 1152 1333 1202 reon
1357 1125 1505 1225 oportuit

262 1235 361 1334 dilipi
393 1261 416 1308 a
450 1237 552 1312 nobis.
620 1235 684 1313 Sin
719 1249 828 1312 auum
861 1238 897 1312 in
933 1239 987 1314 ille
1012 1242 1173 1341 fortunae
1204 1237 1319 1337 prada
1345 1238 1501 1336 pesitum
1519 1253 1556 1300 2⁵

261 1347 368 1420 aram
385 1345 541 1422 amauri
563 1371 691 1422 necesse
716 1359 806 1420 aad:
832 1360 952 1440 menne,
978 1375 1108 1448 quaese,
1133 1351 1222 1451 qiud
1245 1374 1312 1424 nan
1337 1346 1502 1437 divitiani,

260 1481 339 1532 reas
372 1483 466 1549 sum,
500 1482 546 1530 an
579 1457 758 1556 impierum
792 1458 909 1534 amices
934 1460 1113 1534 incudibus
1138 1485 1264 1560 queam
1290 1457 1502 1534 nnierrdurn

261 1565 333 1642 est?
370 1562 470 1649 Quod
493 1557 536 1642 si*
550 1593 693 1667 aequum
718 1581 779 1659 est,
811 1593 871 1642 car
896 1570 1024 1644 tamdiu
1048 1570 1145 1646 vivo?
1178 1571 1211 1646 si
1234 1570 1411 1661 iniustum,
1437 1592 1502 1641 cur

262 1703 350 1783 nunc
381 1679 515 1753 demunt
546 1678 700 1755 occidar?
743 1678 791 1752 At
824 1678 913 1754 enirn
944 1680 1079 1780 seipsi,
1114 1681 1266 1756 necent
1298 1703 1348 1756 nte
1374 1704 1502 1769 earnm,
1520 1695 1556 1746 tu

264 1789 381 1889 aurbus
396 1807 398 1811 ’
415 1790 594 1864 vivendum
628 1776 712 1864 esset
739 1789 799 1864 neb
831 1813 884 1882 eo,
917 1792 976 1890 qui
1007 1817 1043 1868 ee
1074 1793 1166 1868 Iouis
1193 1792 1310 1892 filiurn
1344 1790 1502 1864 credend.

259 1898 364 1974 Fides
389 1900 563 1994 annuae
590 1901 662 1976 veri
685 1899 815 1976 carsilii
831 1901 1022 1998 panesa
1047 1903 1186 1997 itherus,
1210 1927 1269 1978 nos
1294 1927 1346 1977 nte
1371 1901 1503 2000 decepi·

294 2119 317 2181 S.
328 2122 369 2169 2³.
376 2117 520 2184 pereprina
531 2117 633 2184 linqua]
648 2113 775 2168 Graecum
785 2115 860 2169 dicit:
897 2112 1126 2182 τὸτελευταῖον,
1149 2114 1273 2168 dubitare
1291 2132 1343 2168 non
1397 2115 1505 2169 tiuntur

259 2183 375 2236 victores
397 2189 458 2236 sunt
478 2173 654 2249 Macedones,
678 2183 740 2237 vieti
758 2184 859 2240 Asiani.
897 2183 956 2250 loci,
978 2183 1066 2254 quales
1084 2189 1146 2236 sunt
1164 2181 1297 2238 Ciceronis
1314 2183 1348 2237 de
1376 2199 1437 2254 egg.
1457 2197 1504 2250 m,

294 2254 317 2318 ξ,
340 2259 383 2307 24.
419 2267 471 2304 non
497 2269 587 2306 recurso
614 2252 767 2320 defendere,
799 2252 816 2306 i.
838 2269 861 2306 e.
899 2260 939 2318 17,
958 2257 991 2308 38
1024 2253 1074 2306 Vos
1101 2254 1201 2306 dentum
1231 2255 1312 2371 legem
1338 2253 1504 2332 antiquastis

260 2320 744 2441 ttttttdmttdtttdut
757 2319 862 2442 iiiii
897 2321 954 2442 tt
971 2319 1504 2457 {iniisti}›ubidnutimvoeiiffliii

261 2454 329 2508 illius
347 2425 677 2524 umieitium'expetivissc,
704 2428 790 2526 nique
807 2465 862 2508 tam
897 2457 1003 2509 exilium
1020 2466 1195 2526 —quantum
1219 2459 1319 2510 demean
1336 2427 1390 2525 a‘p
1423 2427 1431 2454 ³
1455 2467 1503 2510 trra

259 2522 412 2576 firmilianum
433 2540 508 2575 usum
530 2523 593 2576 mihi
619 2541 679 2577 cum
700 2522 745 2575 illo
769 2523 857 2590 fuisse,
887 2525 1101 2594 percarinatianc
1118 2525 1224 2605 differt!
1242 2543 1294 2577 wus
1312 2523 1347 2577 iet
1365 2542 1408 2576 um
1450 2525 1505 2577 nde

259 2598 309 2645 eet.
344 2591 424 2644 Nune
440 2599 529 2644 eutem
546 2609 605 2645 cum
621 2592 691 2662 regis
717 2590 761 2644 ille
777 2592 858 2646 freter
893 2592 939 2645 fur
955 2591 998 2645 eiu
1015 2592 1213 2648 Untersctuod?
1236 2591 1278 2646 Ab
1301 2592 1351 2646 huc
1368 2593 1505 2663 significu-

259 2659 349 2727 suone,
367 2659 464 2713 crimen
474 2678 526 2714 nou
535 2677 658 2729 agnosco,
672 2677 726 2712 non
736 2660 858 2727 defendo,
894 2660 967 2714 tiene
983 2659 1038 2713 eius
1062 2661 1133 2732 quod
1154 2668 1301 2714 extremum
1318 2667 1375 2728 est,
1400 2661 1505 2741 signifi-

258 2729 304 2780 sed
322 2745 384 2799 pree
401 2744 444 2780 me
461 2729 517 2782 fero
525 2727 637 2782 amicum
645 2727 859 2782 meilliuefuisse.
895 2726 965 2782 cutio
982 2729 1098 2782 nescitur
1115 2728 1182 2792 eius,
1208 2729 1279 2798 quod
1297 2746 1368 2782 nune
1386 2747 1505 2800 primum

258 2795 407 2849 Defendere
439 2795 509 2849 enim
535 2797 632 2851 crimen
662 2814 714 2851 non
740 2796 791 2849 hoc
820 2805 861 2850 est
895 2796 935 2864 fit,
953 2813 1011 2850 eum
1029 2797 1127 2850 dudum
1145 2795 1201 2851 fieri
1219 2795 1354 2863 debuerit,
1372 2807 1404 2850 ut
1422 2797 1503 2852 Cur-t.

257 2866 328 2936 quod
345 2865 463 2919 Philotas
488 2865 566 2932 fucit,
592 2865 714 2919 nimirum
731 2872 762 2918 ut
779 2873 860 2937 neget
894 2871 977 2930 1v,49
996 2875 1055 2918 tnnc
1073 2868 1173 2918 dunum
1191 2867 1273 2919 intrat
1291 2867 1503 2933 interimentum,

258 2933 356 2987 crimen
384 2933 449 2986 illud
475 2951 546 3000 osse,
578 2935 624 2987 sed
652 2949 775 2987 emovere
796 2951 812 2987 e
832 2951 861 2987 se
894 2931 1029 2988 descendit
1051 2932 1131 2986 etium
1153 2932 1228 2987 notio
1245 2931 1283 2986 rei
1307 2933 1406 3013 ipsius,
1431 2953 1504 3006 quae

257 3019 371 3070 cumen,
397 3003 556 3056 contendere
573 3019 630 3056 nese
647 3019 678 3056 eo
696 3019 750 3056 nou
766 3005 858 3055 teneri.
894 3001 1000 3055 remotis
1037 3002 1091 3055 nasi
1109 3001 1262 3072 ambagibus
1279 3001 1452 3072 relinquitur,
1472 3012 1504 3056 ut

257 3070 315 3124 Viri
333 3070 404 3125 docti
421 3088 480 3124 eum
497 3071 547 3124 loci
561 3087 665 3124 sennem
678 3089 771 3140 panum
788 3080 860 3125 recte
894 3070 965 3140 apud
983 3019 1136 3123 Seimtium
1154 3068 1212 3123 Cet.
1239 3076 1273 3125 20
1301 3071 1375 3123 Idem
1394 3073 1459 3124 nelle
1478 3083 1503 3124 et

257 3156 291 3209 pe
337 3139 696 3209 icerent,corrigereeumeg
770 3138 860 3208 isunt,
896 3140 964 3192 idem
981 3140 1057 3204 nolle,
1075 3155 1106 3191 ea
1120 3141 1219 3192 denum
1226 3139 1311 3205 firmo
1321 3139 1501 3207 amicitiaeue,

256 3208 306 3260 Aci
325 3207 390 3260 alius
407 3215 435 3259 et
452 3206 588 3260 Rubenius
609 3211 640 3260 de
659 3225 690 3260 en
710 3225 752 3260 ere
768 3207 860 3262 vulne·
896 3207 968 3276 quod
989 3205 1060 3259 vurie
1083 3204 1238 3259 Genuonme
1260 3213 1362 3260 vertes:
1390 3209 1438 3260 dus
1466 3207 1504 3262 ist

257 3275 503 3394 euterun·
516 3227 861 3397 ,cecinens
896 3273 1505 3410 succrescentium

258 3427 310 3488 nan
329 3410 454 3490 defendo,
480 3409 525 3462 alii
542 3409 606 3477 elie,
630 3412 675 3463 sed
693 3427 724 3464 eu
741 3363 862 3484 persequtii
897 3409 1018 3490 tiliuncoc
1039 3383 1264 3490 trorfuentissimus
1286 3362 1362 3478 ususq,
1390 3413 1439 3466 sed
1461 3413 1505 3466 in-

258 3478 618 3623 ”sudditum
653 3546 788 3601 sensns
813 3550 860 3602 n.
895 3477 1505 3614 sitsuccessurum

256 3631 324 3679 rum,
344 3613 468 3667 Heinsius
476 3615 602 3684 saturum
619 3633 714 3684 quaeso
732 3619 860 3696 ariadnen
897 3615 992 3682 (bloss,
1010 3617 1076 3682 nur)
1098 3623 1130 3667 ut
1177 3621 1321 3682 nrt.1v‚1
1350 3617 1382 3668 id
1398 3620 1505 3672 (lunum

258 3682 374 3734 divinavi
405 3700 451 3735 cur
479 3699 539 3734 reris
565 3686 642 3735 enm?
676 3685 859 3755 corrigendum
895 3687 1001 3738 credens
1010 3684 1168 3754 soreipsitu
1195 3685 1406 3754 quadeeleritate
1418 3704 1504 3753 prae-

258 3758 423 3802 censuerunt.
461 3749 543 3816 Quasi
566 3750 705 3831 quicquum
730 3753 755 3806 h.
773 3753 790 3805 l.
814 3754 860 3806 ob·
895 3754 980 3822 cipere
993 3753 1129 3820 patuisset.
1164 3722 1289 3805 itotenm
1307 3751 1380 3806 Flor.
1398 3753 1426 3806 A
1454 3773 1505 3808 cur

258 3834 362 3870 seururn
381 3817 429 3871 siti
463 3819 562 3873 Utrum
580 3819 638 3887 ullu,
661 3819 759 3892 inquit,
784 3821 861 3892 culpa
895 3839 947 3873 non
968 3837 1037 3872 nune
1059 3821 1171 3886 demum,
1203 3819 1250 3872 sed
1274 3817 1340 3872 nihil
1366 3828 1422 3890 est,
1451 3822 1503 3876 nisi

257 3901 316 3936 meu
333 3893 386 3952 est,
413 3903 447 3939 un
469 3887 548 3941 etiem
567 3885 622 3940 sine
640 3889 717 3959 eulpa
735 3888 801 3943 mori
817 3905 860 3942 me
898 3885 1106 3960 διττογραφία.

258 3955 382 4022 oportet?
418 3955 637 4025 Insequentibus
660 3976 707 4010 cnr
729 3976 797 4010 nnnc
816 3960 859 4010 de·
929 3959 952 4022 s.
971 3963 1013 4009 26.
1048 3973 1091 4007 uas
1109 3971 1148 4008 rne
1166 3951 1311 4034 decepistis.
1349 3955 1448 4012 Sentio
1467 3961 1505 4012 nd

258 4039 326 4074 mum
354 4025 478 4075 occidor?
515 4026 614 4076 dunum
641 4025 710 4078 idem
736 4026 792 4078 fene
818 4035 860 4078 est
895 4024 1053 4093 elegantiam
1065 4023 1191 4076 orutiums
1200 4023 1276 4076 unice
1287 4024 1424 4095 pertinere
1434 4025 1505 4081 illud

259 4090 329 4158 quod
347 4093 464 4161 (lenique,
484 4089 641 4145 Gennuuice
658 4111 755 4146 uerum
772 4094 860 4146 werde
893 4109 1054 4163 pronomen,
1072 4108 1125 4144 non
1142 4099 1183 4144 cst
1201 4099 1289 4144 temen
1306 4091 1333 4144 in
1353 4092 1430 4146 hbris
1446 4113 1503 4148 me-

257 4157 300 4210 ich
321 4158 387 4212 ietzt
408 4159 509 4212 zuletzt
536 4159 676 4227 (endlieh)
700 4161 767 4214 doch
789 4162 858 4214 noch
892 4160 1034 4230 uuseriptis
1056 4166 1167 4238 prester
1192 4158 1265 4212 Flor.
1288 4158 1314 4213 G
1342 4167 1372 4214 et
1395 4161 1456 4216 Pub
1476 4171 1503 4219 ³.

257 4227 398 4295 getbdtet?
417 4226 517 4291 Quodsi
529 4225 683 4281 Gennunice
699 4231 858 4282 vertesiaet
891 4227 996 4282 Medius
1022 4245 1120 4297 primus
1147 4225 1256 4294 adiecit,
1284 4229 1372 4282 neseio
1401 4247 1436 4283 nu
1466 4233 1503 4285 do

257 4304 324 4360 eret,
347 4294 472 4366 intelligis
495 4294 523 4347 id
544 4295 596 4347 dici
617 4296 688 4366 quod
710 4296 763 4350 iem
780 4305 857 4350 untes
892 4296 1052 4361 coniectura,
1076 4311 1137 4347 uum
1159 4294 1265 4348 difficile
1281 4313 1336 4350 non
1354 4297 1407 4352 fuit
1426 4299 1504 4354 inve·

257 4362 312 4414 fieri
330 4361 429 4416 debuit.
464 4363 523 4418 Hae
540 4371 629 4417 eutem
651 4381 667 4416 n
688 4365 725 4418 rei
743 4365 857 4419 venuste
891 4365 948 4418 nire
969 4364 1040 4434 quod
1061 4379 1146 4416 sermo
1170 4363 1314 4418 communis
1341 4367 1503 4438 postularet,

257 4431 440 4486 alienissimum
470 4441 517 4486 est
562 4432 726 4486 Vocabulum
756 4437 856 4487 danum
890 4448 1048 4505 quemquem
1074 4430 1176 4501 saepius
1202 4431 1230 4484 in
1255 4431 1386 4486 eiusmodi
1405 4435 1503 4491 lectio-

258 4500 322 4572 quin
347 4500 495 4574 primarium
520 4500 735 4573 significationem
758 4503 856 4556 hebent
891 4500 967 4554 nibus
984 4515 1044 4552 eum
1060 4497 1131 4553 Flor.
1149 4498 1176 4552 G
1192 4501 1338 4555 concordet
1351 4519 1445 4573 quun,
1471 4516 1504 4564 ut
