3268 5286
541 373 590 424 oa
617 370 743 426 aasrrs
770 373 878 426 arax.
905 373 969 442 vn,
996 369 1037 418 aa
1332 353 1404 428 329

172 559 277 633 aliam
295 559 390 632 ultra
405 557 537 632 Istrum
559 556 734 634 iacentem
756 559 854 632 colit:
882 557 1007 630 ultima
1024 555 1141 649 Asiae,
1169 583 1260 654 quae
1276 557 1408 635 Bactra

171 680 270 761 sunt,
304 671 455 768 stringit
508 668 684 743 Habitant
715 695 805 766 quae
832 667 1072 766 Septentrioni
1104 668 1272 767 propiora
1303 682 1405 762 sunt3

169 779 368 880 profundae
393 778 477 854 inde
503 781 614 854 silvae
640 791 836 878 vastaeque
862 777 1072 852 solitudines
1100 780 1302 876 excipiunt:
1331 807 1406 856 rur·

170 917 231 966 sus
258 917 349 990 quae
376 901 413 966 et
430 890 579 965 Tanaim
601 901 638 965 et
655 891 786 966 Bactra
812 900 976 989 spectant
1000 889 1157 963 humano
1184 892 1283 964 cultu
1309 893 1406 968 haud

136 1023 151 1071 ι
171 1002 326 1103 disparia
352 1013 445 1078 sunt.
499 1000 640 1078 Primus
667 1029 748 1076 cum
770 1003 838 1078 hac
855 1011 963 1102 gente
979 1025 1054 1074 non
1071 1002 1254 1101 provisum
1273 1003 1405 1078 bellum

168 1112 377 1188 Alexander
418 1123 602 1214 gesturus,
644 1139 725 1188 cum
765 1115 803 1188 in
843 1123 1038 1212 conspectu
1072 1112 1147 1188 eius
1183 1112 1407 1212 obequitaret

169 1224 292 1315 hostis,
327 1223 445 1298 adhuc
472 1247 579 1324 aeger
605 1249 652 1298 ex
680 1224 843 1315 vulnere,
882 1223 1072 1323 praecipue
1103 1248 1194 1298 voce
1228 1224 1405 1320 deficiens,

169 1359 276 1432 quam
302 1344 339 1408 et
363 1335 524 1409 modicus
551 1336 650 1410 cibus
678 1347 715 1410 et
741 1337 888 1410 cervicis
920 1334 1141 1409 extenuabat
1172 1331 1289 1427 dolor,
1322 1339 1407 1412 ami-

136 1465 230 1520 scos
256 1446 293 1519 in
319 1447 505 1520 consilium
531 1445 698 1520 advocari
724 1447 832 1522 iubet
882 1445 1057 1522 Terrebat
1074 1469 1156 1519 eum
1181 1472 1255 1521 non
1280 1450 1406 1543 hostis,

63 1619 64 1622 ,
169 1557 233 1634 sed
257 1557 424 1656 iniquitas
448 1560 629 1659 temporis.
681 1558 860 1632 Bactriani
880 1557 1098 1632 deiecerant:
1125 1555 1281 1658 Scythae
1298 1560 1406 1634 etiam

168 1669 408 1744 lacessebant:
435 1672 512 1769 ipse
538 1695 612 1744 non
637 1671 800 1746 insistere
824 1672 863 1744 in
880 1680 986 1760 terra,
1012 1695 1086 1746 non
1104 1695 1195 1768 equo
1212 1669 1306 1762 vehi,
1333 1697 1406 1748 non

136 1779 306 1874 rdocere,
331 1806 406 1854 non
428 1782 564 1856 hortari
600 1807 684 1856 suos
718 1791 888 1880 poterat
923 1779 1079 1881 Ancipiti
1111 1782 1268 1880 periculo
1293 1782 1405 1882 impli-

169 1892 270 1983 citus,
306 1891 393 1967 deos
420 1918 562 1992 quoque
587 1894 763 1984 incusans,
790 1893 1016 1991 querebatur,
1043 1917 1082 1966 se
1109 1892 1224 1966 iacere
1250 1917 1406 1990 segnem,

168 2002 267 2078 cuius
292 2004 519 2079 velocitatem
545 2030 651 2079 nemo
677 2015 784 2078 antea
814 2003 988 2079 valuisset
1018 2003 1193 2102 effligere:
1226 2004 1290 2077 vix
1322 2028 1406 2080 suos

169 2114 314 2189 credere
338 2139 411 2188 noa
437 2115 594 2189 simulari
619 2113 871 2190 valetudinem

168 2433 228 2471 rma
244 2414 339 2483 effecit,
364 2417 409 2489 qui
426 2433 485 2473 oum
501 2419 575 2474 iilam
592 2437 704 2488 amnem,
723 2421 769 2492 qui
802 2419 916 2475 taonem
934 2427 963 2474 et
979 2419 1119 2474 Matidiam
1135 2434 1242 2487 maur,
1267 2419 1314 2475 aad
1336 2437 1404 2494 quac

168 2484 239 2539 inter
260 2483 419 2566 Sogdianam
445 2495 473 2568 et
494 2487 530 2570 Sc
550 2489 658 2570 thar-um·
678 2506 769 2570 noma-
802 2490 852 2543 sub
869 2489 934 2570 ipsis
949 2487 1172 2560 septentrionibus
1189 2495 1264 2558 sunt,
1283 2505 1315 2544 ea
1330 2499 1406 2548 varra

168 2555 769 2706 ξ’ᾳιῗήξηξῶῗοξῖθέξᾎῖοέαἳιξιιὸῗοξθοὲξξ,
802 2565 910 2698 aupq‘pet
926 2557 1083 2681 hieaeatbbim
1105 2638 1129 2680 et
1152 2628 1253 2681 Bactra
1275 2629 1404 2702 apertam]

167 2699 236 2759 aaut,
254 2708 286 2746 aa
302 2709 397 2760 omnia,
441 2709 490 2746 uae
507 2694 542 2748 da
560 2693 645 2746 Tanai
663 2705 769 2748 notiora
803 2693 848 2749 Sic
864 2695 925 2748 edd.
933 2701 1000 2748 vett.
1017 2693 1067 2748 nisi
1086 2695 1159 2765 quod
1177 2704 1312 2764 expectant
1329 2695 1406 2752 solita

168 2759 254 2827 (Don)
272 2760 379 2828 scirent,
453 2761 527 2842 illum
552 2761 702 2831 longissime
726 2778 770 2842 re·
804 2762 964 2842 confusione,
983 2763 1055 2816 arius
1072 2763 1122 2816 hi
1140 2779 1174 2816 ne
1190 2763 1283 2884 ‘'fflm
1319 2763 1406 2820 uidem

166 2837 269 2910 motum
285 2828 425 2910 referrent.
444 2829 550 2910 ‘Pente
569 2837 713 2952 utramqpe
730 2829 770 2882 dr·
804 2829 863 2883 hbrr
881 2831 1010 2910 (iterari
1025 2829 1095 2910 Fior.
1109 2831 1201 2898 ABG¹
1250 2831 1275 2884 d.
1312 2835 1406 2914 arai)

166 2905 279 2980 stangan
303 2899 409 2951 Arnen
433 2897 477 2952 hb.
502 2913 546 2986 rra
572 2905 641 2951 extr.
691 2905 771 2968 taqua
804 2897 1211 2980 oumahrsnoanuiharmmunas
1224 2907 1294 2954 sunt.
1315 2898 1406 2980 Inpius

165 2966 467 3155 aaran
485 2967 656 3088 aas
677 2975 770 3086 sn
803 2967 1407 3115 samana,

361 3119 404 3156 em
434 3103 581 3173 proximam
611 3101 770 3172 Scytharum
803 3110 877 3156 trono
895 3102 999 3155 dicenda
1015 3109 1124 3166 remota,
1146 3103 1218 3182 paig.
1235 3101 1318 3157 lectio
1335 3103 1407 3158 facta

165 3101 275 3244 Pomtiia
294 3119 365 3224 hara
387 3172 521 3225 Iaxartem
545 3173 630 3225 Sacas
653 3169 769 3242 appella-
803 3178 858 3238 est,
884 3171 947 3224 dum
968 3169 1076 3224 Modica
1102 3188 1197 3225 ommes
1221 3171 1315 3225 vocula
1340 3189 1408 3242 qraae

186 3247 242 3307 ant,
260 3247 329 3294 teate
342 3239 429 3295 Plinio
446 3239 673 3307 nathiat.v1,1'l,
691 3245 720 3292 et
736 3238 769 3294 cf.
806 3240 918 3293 Tanaim
940 3269 975 3280 —-
1028 3248 1112 3292 eoram
1140 3239 1209 3308 edit,
1254 3255 1302 3293 uae
1328 3239 1407 3295 lectio

169 3307 244 3364 eura
258 3323 309 3376 vn,
328 3314 362 3363 38
378 3327 418 3380 pr.
804 3317 846 3362 est
866 3308 986 3362 codicum
1031 3307 1078 3362 lor.
1095 3305 1194 3362 DFGI.
1291 3326 1305 3362 a
1330 3318 1355 3363 et
1379 3307 1408 3363 iu

202 3377 330 3432 Habitant
356 3393 423 3459 prae
449 3378 472 3430 S
502 3386 521 3430 t.
545 3378 674 3447 propiora
700 3385 769 3430 suni.
803 3375 1320 3431 Bem.AF10r.aB0v0ss‚1rooa
1341 3375 1408 3460 legi·

167 3445 286 3526 Verbum
303 3394 536 3526 taenearnoe'iiua
550 3443 770 3527 eiecit,·aumque
804 3454 861 3499 tur:
891 3463 953 3526 nam
976 3461 1091 3526 quaeqae
1105 3455 1137 3526 Ιιι
1158 3445 1231 3516 quod
1248 3444 1363 3500 traditur
1379 3463 1408 3502 m

167 3521 251 3568 sacua
268 3521 331 3566 aunt
347 3521 430 3568 ceteri
443 3515 567 3582 editores,
585 3523 770 3569 conanuantea
804 3515 996 3570 Flor.He1nsu
1017 3529 1048 3568 ac
1064 3513 1138 3567 Laid.
1157 3529 1215 3568 esse
1238 3517 1409 3584 (quamquam

167 3580 291 3636 nimirum
308 3581 452 3635 orationem
470 3601 500 3636 ιιι
520 3599 554 3636 ue
571 3584 605 3636 ad
622 3592 770 3636 extremum
805 3585 839 3636 de
856 3583 970 3637 Flora
992 3597 1084 3636 verum
1110 3599 1163 3636 non
1189 3585 1243 3650 ast)
1260 3598 1294 3635 ex
1313 3579 1407 3636 διττο-

168 3649 283 3728 ιοτδιιιιι·
299 3650 438 3726 excipiant.
472 3601 540 3703 Mihi
556 3658 585 3703 et
602 3651 696 3705 eiicere
711 3667 771 3704 ver-
804 3653 857 3724 7pa
881 3657 910 3717 ίᾳ
934 3659 1022 3704 ortum
1042 3649 1160 3715 videtur,
1187 3650 1250 3704 dum
1271 3649 1315 3704 alii
1394 3667 1409 3706 a

169 3717 234 3770 bam
250 3715 348 3785 ahoqm
362 3734 420 3796 pon
437 3720 690 3788 aupectumdurum
698 3719 771 3771 vide-
805 3671 936 3784 scriSunt,
959 3717 1069 3788 aliique
1086 3718 1120 3770 ad
1136 3735 1228 3771 vocem
1268 3733 1343 3773 raeoe
1362 3735 1408 3772 en·

169 3785 264 3849 batur,
290 3782 423 3855 maluique
445 3786 478 3838 ab
501 3787 562 3839 iada
583 3787 645 3840 novi
661 3785 772 3840 membri
805 3795 860 3841 tem
882 3786 1038 3855 adiungunt.
1072 3785 1177 3838 Rursus
1205 3796 1228 3840 et
1275 3805 1319 3840 an.
1340 3787 1409 3842 mala

168 3851 273 3908 initium
282 3866 383 3922 capara.
419 3853 473 3907 Sed
490 3853 561 3924 quod
577 3854 658 3925 vulgo
674 3853 773 3924 legitur
805 3854 901 3910 omisso
922 3869 988 3922 quac
1010 3853 1110 3906 habent
1126 3851 1198 3907 Flor.
1214 3853 1267 3908 ΕΗ
1284 3856 1363 3911 Voss.
1379 3863 1405 3912 2.

202 3922 289 3976 oxiam
312 3930 373 3973 runt
393 3919 421 3974 in
438 3921 511 3975 nullo
528 3921 616 3976 codice
633 3930 689 3988 est,
712 3939 773 3974 nam
808 3923 933 3978 Ceterum
954 3921 1066 3974 Tanaim
1083 3922 1213 3992 expressio
1235 3922 1331 3978 litteris
1347 3923 1409 3978 libri

188 3989 195 4004 ⁸
214 3995 261 4043 aut
273 3990 383 4060 propia,
402 3993 446 4058 (ut
462 3988 578 4043 BernA
595 3989 772 4045 anABOD
807 3989 891 4044 nostri
899 3997 1005 4060 praeter
1012 3987 1093 4043 Bern.
1101 3991 1136 4056 A,
1146 3989 1173 4043 in
1181 4007 1234 4062 quo
1242 3999 1284 4046 eat
1294 3994 1407 4046 Tanain.

169 4057 257 4126 laia)
278 4065 326 4112 aut
384 4061 457 4128 opa'e
480 4059 620 4128 (propriae
650 4059 772 4138 propria,
842 4061 954 4112 humano
973 4059 1053 4125 culta]
1075 4057 1153 4112 Culta
1170 4077 1219 4130 pro
1233 4076 1266 4115 eo
1279 4061 1350 4132 quod
1367 4067 1408 4114 art

169 4143 236 4180 unua
254 4126 334 4180 etiam
346 4075 422 4181 Sion
438 4126 463 4181 G
475 4143 569 4208 prope.
664 4126 704 4180 his
721 4126 772 4179 secr
806 4128 901 4182 cultui:
931 4142 977 4179 aaa
1004 4133 1093 4196 partes
1119 4136 1254 4198 apertum
1281 4130 1409 4210 praebent

164 4196 303 4316 propiora,
315 4195 650 4268 quodetiparmmcodice
657 4195 771 4249 Theocr.
806 4213 929 4250 arvorum
947 4211 1123 4266 agrorumque
1141 4197 1174 4250 ab
1192 4196 1339 4251 homimhua
1353 4195 1408 4251 cui-

179 4271 277 4334 egrtur‚
303 4271 332 4318 et
356 4281 422 4334 qaae
445 4265 621 4335 Septentrioai
641 4281 679 4334 pr
712 4265 771 4317 iora
805 4273 910 4319 torum:
941 4262 1069 4334 intelligit
1093 4280 1205 4336 regnum
1231 4265 1303 4335 quod
1328 4264 1407 4320 hodie

169 4341 243 4412 auat,
271 4331 308 4386 sic
324 4331 379 4387 fere
397 4333 448 4387 diei
465 4341 544 4405 puto,
573 4341 604 4388 ut
620 4350 673 4404 quo
709 4349 772 4385 mox
805 4351 839 4404 ap
908 4339 953 4386 tur
969 4333 1132 4387 Faachkend.

169 4409 288 4471 sequitur
310 4419 377 4474 qaae
397 4403 510 4456 Tanaim
527 4411 652 4473 spectant.
687 4399 771 4454 Habi·
857 4407 905 4455 .5.
940 4401 1049 4454 Primus
1070 4417 1127 4456 cam
1150 4403 1199 4454 hoa
1222 4403 1315 4472 pente]
1345 4401 1408 4455 Pri-

169 4476 243 4524 tatur
259 4469 341 4542 igitur
349 4470 508 4541 Scytharum
524 4477 597 4526 tarra
613 4477 643 4526 at
655 4469 770 4542 Septen·
805 4489 874 4526 mam
890 4469 962 4526 Flor.
980 4467 1083 4525 CEGH
1099 4469 1180 4524 Bam.
1197 4469 1221 4524 B
1239 4473 1315 4524 Voss.
1332 4474 1356 4524 2.
