3270 5290
254 375 327 450 258
722 335 755 460 o.
783 349 907 449 cnara
930 396 1016 448 anm

252 577 393 654 abunde
419 580 615 653 constantis
641 579 757 671 animi,
784 591 821 654 et
847 579 974 677 dignus
1001 579 1061 676 qui
1086 577 1237 676 pudieus
1262 587 1372 669 esset,
1398 577 1488 652 nihil

253 717 300 765 ex
333 691 482 790 pristina
525 692 711 764 voluntate
753 700 971 782 mutaverat,
997 689 1071 764 sed
1113 715 1152 764 se
1187 699 1331 788 captum
1365 687 1488 762 Dimni

252 829 372 878 amore
399 803 589 877 simulabat
613 803 700 876 nihil
724 827 898 879 recusare.
938 798 1116 876 Sciscitari
1140 799 1224 874 inde
1249 801 1376 899 pergit,
1404 825 1488 872 eum
1507 819 1537 864 14

251 915 379 1012 quibus
404 925 527 989 tantae
551 915 604 988 rei
630 914 836 988 societatem
861 915 1000 988 inisset:
1028 912 1220 1011 plurimum
1244 912 1387 1004 referre,
1401 936 1488 1009 qua·

250 1028 302 1101 les
329 1027 396 1100 viri
421 1037 496 1100 tam
521 1026 741 1124 memorabili
767 1027 866 1124 operi
891 1023 1069 1098 admoturi
1094 1049 1221 1098 manus
1248 1033 1376 1097 essent
1410 1021 1538 1112 Ille,15

252 1149 289 1214 et
313 1163 434 1212 amore
460 1147 497 1212 et
522 1138 654 1212 scelere
679 1139 772 1212 male
798 1163 926 1229 sanus,
959 1136 1063 1210 simul
1094 1137 1227 1236 gratias
1253 1136 1345 1234 agit,
1380 1135 1488 1208 simul

250 1251 468 1350 gratulatur,
495 1248 592 1346 quod
616 1250 815 1324 fortissimis
841 1250 1011 1322 iuvenum
1036 1273 1109 1322 non
1135 1246 1335 1322 dubitasset
1359 1272 1398 1320 se
1424 1245 1488 1318 ad·

248 1364 394 1462 iungere
437 1359 637 1453 Demetrio,
679 1362 836 1460 corporis
877 1359 1034 1451 custodi,
1064 1348 1268 1452 Peucolao,
1308 1357 1486 1432 Nicanori.

249 1473 384 1547 Adiieit
415 1470 470 1545 his
501 1469 783 1571 Aphoebetum,
802 1472 960 1562 loeeum,
991 1471 1211 1564 Dioxenum,
1243 1470 1485 1570 Archepolim,

148 1661 154 1674 Ι
200 1583 506 1786 ifiAmynAtbmlroc
531 1719 694 1770 sermone
720 1693 886 1770 dimissus
912 1694 1149 1769 Nicomachus
1175 1693 1222 1768 ad
1247 1695 1404 1784 fratrem,
1420 1690 1484 1766 Oe·
1503 1711 1535 1758 ra

248 1806 367 1881 balino
399 1815 478 1878 erat
511 1831 659 1898 nomen,
695 1831 786 1903 quae
813 1817 1001 1908 aeceperat
1032 1805 1156 1882 defert
1207 1806 1340 1896 Placet,
1366 1804 1485 1902 ipsum

248 1918 442 1994 subsistere
467 1917 505 1992 in
530 1917 777 2010 tabemaeulo,
804 1943 868 2009 ne,
895 1921 925 1993 si
950 1919 1085 2018 regiam
1111 1918 1297 2008 intrasset,
1328 1940 1402 1990 non
1429 1939 1508 1988 as·-

247 2039 371 2103 suetus
398 2027 495 2101 adire
521 2053 658 2128 regem,
686 2031 859 2104 coniurati
883 2029 1046 2128 proditos
1072 2055 1111 2103 se
1138 2053 1216 2102 esse
1241 2029 1484 2102 resciscerent

245 2141 326 2239 Ipse
354 2137 542 2214 Cebalinus
568 2152 652 2214 ante
678 2141 895 2215 vestibulum
921 2142 1048 2239 regiae,
1074 2165 1189 2238 neque
1216 2139 1533 2238 enimpropius1⁷

245 2251 363 2326 aditus
390 2253 423 2326 ei
448 2253 605 2351 patebat,
625 2253 796 2345 consistit,
815 2253 1011 2360 ,opperiens
1038 2251 1190 2349 aliquem
1215 2251 1409 2325 amicorum
1436 2275 1484 2324 cx

280 2454 303 2522 §.
323 2459 362 2507 18.
380 2453 429 2506 sed
445 2469 473 2505 se
490 2453 605 2524 captam]
625 2451 650 2507 0
671 2450 728 2505 timi
746 2453 847 2506 codices
880 2451 909 2506 in
919 2451 1062 2510 scribendis
1075 2451 1115 2507 his
1129 2451 1276 2508 nominibus
1288 2450 1482 2522 videAppend.

248 2517 322 2574 Leid.
345 2519 614 2600 Voss.1·Bern.·A
667 2539 704 2574 or.
723 2521 772 2574 AB
799 2525 848 2574 sed
880 2521 923 2602 lle
940 2522 1070 2576 Peucolao
1093 2521 1157 2575 satis
1178 2529 1299 2589 constat,
1322 2536 1481 2600 quemqnam

242 2589 845 2737 atratasstmrattr
879 2591 1020 2713 1111
1036 2589 1481 2728 1111...

243 2733 422 2781 constructum
453 2735 612 2780 existimans.
656 2727 710 2781 sad
740 2734 769 2779 et
798 2725 845 2780 rlla
878 2725 976 2798 logiam
993 2733 1048 2795 est,
1076 2744 1136 2780 eum
1161 2726 1196 2780 sit
1214 2725 1345 2781 Graecam
1369 2725 1480 2778 verbam

243 2793 407 2850 constructio
430 2793 525 2848 estilo
544 2793 674 2849 curtiano
690 2793 777 2848 aliena
792 2802 842 2864 est,
878 2795 1007 2866 φοιβάω,
1033 2796 1104 2848 unde
1130 2795 1279 2876 φοιβητόε,
1311 2795 1359 2848 sed
1383 2809 1479 2847 nomen

242 2872 271 2917 et
288 2863 373 2918 oratio
395 2861 520 2934 ambigua
544 2863 637 2930 lieret,
660 2863 732 2935 quod
749 2862 842 2917 vitium
875 2863 1009 2936 proprium
1026 2882 1079 2917 non
1097 2871 1240 2934 reperitur:
1258 2864 1406 2933 Aplobetas
1423 2878 1478 2914 ma·

241 2951 258 2986 a
279 2941 369 2988 nostro
395 2931 523 3002 scriptore
549 2931 640 3003 procul
666 2933 755 3000 abest,
782 2949 842 2986 cum
875 2932 916 3003 gis
933 2933 1019 3004 placet
1037 2931 1090 2986 nec'
1102 2940 1189 2986 tamen
1205 2931 1305 2986 insisto.
1346 2930 1478 2984 111111111-

241 3013 332 3071 eaptas
349 2999 491 3054 referretur
502 3001 536 3054 ad
549 3003 698 3070 simulabat,
716 3002 786 3073 quod
799 3019 841 3056 re-
876 3019 947 3055 eeam
964 3000 1057 3082 optimi
1066 3009 1094 3054 et
1109 2999 1215 3123 Elarimi
1233 3000 1344 3067 codioes,
1363 3015 1397 3052 ex
1406 2997 1477 3079 Flor.

241 3070 304 3124 ferri
327 3071 436 3124 deberet
459 3070 493 3123 ad
519 3085 649 3124 recusare.
688 3073 782 3141 Itaque
807 3071 842 3123 ad
876 3069 902 3123 G
919 3078 948 3123 et
969 3086 1025 3122 erus
1051 3068 1176 3123 simi'bus
1202 3067 1230 3122 in
1252 3067 1381 3122 editiones
1402 3076 1478 3120 vemt

239 3139 311 3209 vulg.
328 3139 409 3192 redeo
437 3141 485 3191 sed
500 3155 529 3190 se
547 3149 657 3207 capraea.
701 3138 772 3193 Flor.
792 3137 841 3193 OG
875 3138 997 3206 coccea,
1006 3137 1128 3209 equidem
1144 3137 1269 3192 dederam
1277 3138 1381 3192 Iaecrtm
1390 3134 1477 3206 priore

240 3209 288 3260 sed
309 3217 426 3275 captam,
457 3205 484 3258 id
503 3222 537 3258 ue
566 3205 652 3276 ipsum
681 3205 710 3259 in
736 3215 841 3260 textum
876 3205 938 3260 edit.
964 3207 1006 3260 Ea
1023 3207 1110 3260 omnia
1126 3205 1233 3277 probari
1251 3212 1394 3278 nequeunt
1421 3203 1476 3257 Ita·

239 3273 308 3352 male
324 3223 552 3392 reoeqitldotirm:
569 3273 657 3354 patim
674 3290 749 3328 error
761 3274 841 3328 libra·
893 3291 927 3327 ue
944 3273 1064 3330 revoosvi
1086 3292 1156 3328 nunc
1177 3274 1294 3328 codicum
1312 3272 1474 3353 scripturam.

240 3358 340 3414 norum
356 3359 382 3392 vr
401 3349 470 3406 etur,
488 3348 516 3393 et
534 3343 699 3396 exordisse-se
713 3351 773 3414 post
784 3346 840 3410 sed,
903 3345 1056 3398 eDioaeao
1082 3360 1135 3398 non
1153 3342 1246 3398 dubito
1264 3360 1323 3396 cum
1340 3352 1375 3395 srt
1393 3340 1476 3395 Grae-

241 3422 319 3478 quem
342 3423 456 3460 errorem
479 3407 640 3479 corrigentes
662 3409 707 3463 alii
732 3409 840 3482 seripse-
875 3427 935 3466 ctam
963 3411 1112 3474 θεόξενος,
1138 3411 1185 3464 sed
1206 3411 1287 3465 miror
1312 3419 1401 3464 tamen
1422 3426 1476 3462 non

239 3483 303 3528 runt
320 3485 420 3545 captas.
875 3479 986 3534 inveniri
1011 3479 1039 3533 in
1062 3479 1160 3534 lexicis.
1195 3479 1227 3534 In
1252 3479 1305 3532 fine
1327 3477 1421 3531 sustuli
1442 3487 1475 3544 et,

274 3546 299 3622 §3
320 3549 360 3596 15.
412 3545 552 3598 artissimis
577 3577 612 3586 —
636 3563 665 3600 se
686 3547 839 3628 adiungere]
874 3549 945 3619 quod
971 3548 999 3602 in
1024 3548 1101 3602 editis
1127 3547 1248 3604 ommbas
1274 3555 1380 3619 praeter
1400 3545 1475 3598 Mod.

239 3610 357 3665 Frernsh.
389 3613 536 3666 artissimas
554 3589 697 3672 ‘tuane
710 3613 770 3669 librr
779 3633 840 3670 mss.
875 3625 916 3670 est
946 3621 981 3686 (et
1007 3618 1160 3687 Amyntam)
1198 3631 1324 3670 consensa
1355 3613 1475 3693 codicum

239 3696 328 3733 omnes
346 3690 452 3751 praeter
463 3679 571 3736 FlorG
588 3683 695 3751 habent,
713 3683 760 3738 sed
777 3683 839 3738 edit
874 3701 992 3739 meorum
1009 3684 1132 3739 omnium.
1167 3683 1315 3740 Omiseram
1336 3691 1431 3736 notare
1447 3699 1476 3735 m

238 3747 320 3868 Erine
343 3765 401 3802 eam
423 3749 506 3830 ipsam
532 3750 567 3805 ob
592 3769 697 3806 causam
718 3753 789 3824 quod
806 3769 840 3806 cx
874 3753 939 3807 edit.
956 3753 1050 3824 priore
1072 3758 1128 3806 Iam
1145 3753 1227 3834 igitur
1243 3750 1334 3822 regala
1351 3750 1405 3817 illa,
1423 3767 1476 3822 qua

252 3817 306 3895 ‘bro
323 3834 438 3887 compen
456 3819 536 3873 ducta
552 3828 594 3874 est
604 3821 779 3890 fortissimis,
797 3839 839 3876 re-
874 3831 897 3876 et
924 3822 1004 3876 semel
1029 3839 1089 3876 cum
1112 3821 1205 3875 ultimo
1230 3819 1338 3874 nomine
1358 3817 1474 3890 positum

238 3891 426 3957 tanaerantque
456 3886 566 3942 insecuti
595 3888 722 3958 editores,
758 3889 839 3944 etiam
873 3891 1021 3958 desinatur,
1039 3890 1173 3960 praeclare
1191 3889 1346 3944 confirmata
1361 3897 1409 3942 est.
1433 3886 1474 3941 01.

237 3952 430 4033 ,11οά1111111ιὶ1
443 3965 581 4010 senserunt
635 3958 838 4014 uirereverbum
872 3967 961 4012 tamen
978 3973 1018 4026 1v,
1037 3966 1083 4027 ³4,
1104 3966 1143 4012 12.

237 4022 363 4092 rungendr
389 4039 477 4076 casum
503 4025 541 4078 rei
559 4025 626 4078 cuir
647 4043 736 4080 esesa
752 4027 837 4098 appii·
907 4031 929 4096 §.
955 4035 996 4082 17.
1031 4029 1167 4096 opperiens
1193 4027 1306 4096 aliquem
1331 4025 1473 4078 amiseram

238 4089 341 4143 coisset.
384 4090 445 4170 lloo
470 4110 517 4171 qos
538 4110 644 4173 quoque
672 4112 742 4149 nune
763 4105 837 4150 tene-
872 4113 903 4149 ea
924 4098 1016 4165 prima
1038 4098 1149 4162 solorre]
1190 4095 1250 4149 Hoc
1274 4093 1366 4147 ordina
1391 4093 1474 4146 verba

236 4161 837 4286 ttatt³0tttt⁶tt⁰¹¹⁰ttttttt
872 4159 1474 4286 tl¹⁰⁰at‘tt¹”ttt³¹”ttt⁰tt.⁷.tt·tf“tt

237 4311 295 4348 cum
312 4294 402 4348 Medio
419 4294 492 4350 Leid.
511 4297 620 4350 Vosal
665 4299 836 4354 ernAFlor.
872 4249 1120 4356 militarium
1140 4299 1268 4366 interest,
1295 4298 1376 4352 amici
1392 4268 1472 4350 'enim

236 4362 314 4417 ABG
331 4361 432 4430 secuti,
455 4383 503 4435 pro
526 4359 597 4436 vlrlg.
614 4367 729 4437 iaayere.
761 4369 837 4424 Unus
871 4377 932 4422 sunt
949 4373 1055 4441 ἑταῖροι
1073 4365 1174 4431 ἱππεῖς,
1187 4366 1289 4438 equites
1298 4365 1471 4434 Macedonici,

235 4431 307 4487 Flor.
329 4431 428 4486 Gaese
445 4435 527 4488 aelian
546 4451 596 4486 ere.
889 4455 981 4492 uorum
1030 4435 1121 4490 rimam
1147 4437 1284 4491 cohortem
1309 4433 1374 4488 dicit
1398 4435 1473 4504 quod

269 4501 398 4555 Peucolao
415 4503 477 4569 cet]
539 4502 691 4562 etoditum
708 4505 837 4562 varietate
870 4455 932 4560 dibi
949 4506 983 4560 τὸ
1003 4525 1095 4576 αγημα
1112 4511 1173 4558 τῶν
1191 4504 1301 4557 tautae
1312 4501 1471 4574 appellatur,
