3270 5290
230 355 303 427 226
699 372 733 437 c.
761 369 886 426 curru
909 371 995 424 aum

228 555 264 607 ad
280 555 463 608 Alexandrum
483 553 576 620 mittit,
599 552 634 605 de
650 557 724 606 motu
742 551 872 606 Graeciae
894 551 1035 606 certiorem
1052 550 1176 604 lactuca.
1211 548 1302 618 Atque
1318 547 1357 602 illi
1374 561 1466 618 regem

227 631 298 702 apud
314 631 412 685 Bactra
430 630 534 684 demum
551 628 684 685 cmrsecuti
702 637 776 683 sunt:
795 647 853 683 urm
869 629 975 683 interim
992 625 1126 699 Antipatri
1144 625 1263 693 metune,
1281 633 1310 678 et
1326 641 1390 680 nece
1398 623 1465 695 Agi-

227 705 281 774 dis,
303 707 331 760 in
347 706 465 761 Arcadia
486 715 647 763 transactum
670 715 746 760 esset
781 706 852 760 Sane
869 706 922 760 iam
939 705 1043 775 pridem
1060 703 1174 758 tumultu
1191 701 1466 756 Lacedaemoniorum

227 783 344 855 cognito,
363 792 490 855 quantum
507 792 551 838 tot
566 793 696 838 terrarum
712 782 804 854 spatiis
822 782 949 838 discreta
965 781 1064 853 posit,
1081 780 1249 852 providerat:
1271 781 1466 852 Amphoterum

227 877 287 914 cum
305 861 409 932 Cypriis
426 869 454 914 et
470 859 620 915 Phoeniciis
636 860 747 914 navibus
768 861 796 914 in
813 860 1029 932 Peloponnesum
1046 857 1185 930 navigem,
1203 857 1331 912 Meneteu
1347 857 1400 911 tria
1416 855 1466 909 mi·

226 938 263 992 lia
279 938 407 992 taleutrm
424 939 459 990 sd
475 955 547 992 mare
564 937 671 992 deferre
687 938 806 1005 iusserat,
825 945 855 991 ut
872 954 907 990 ex
923 935 1073 1008 propinquo
1090 934 1229 1006 pecuniam
1240 933 1384 1006 Antipatro
1401 933 1465 986 sub-

226 1015 395 1082 ministraret,
414 1023 514 1084 quanta
530 1014 604 1067 illum
620 1013 740 1085 indigere
757 1013 934 1086 cognovisset
969 1013 1061 1068 Probe
1078 1012 1149 1066 enim
1165 1019 1353 1083 perspexerat,
1373 1008 1465 1082 quanti

227 1093 262 1145 ad
280 1091 368 1146 omnia
387 1091 513 1145 momenti
537 1100 625 1144 motus
642 1090 715 1145 istius
738 1091 873 1146 inclinatio
891 1092 979 1145 futurs
996 1099 1078 1159 esset,
1102 1107 1261 1162 quamquam
1278 1087 1403 1158 deinceps
1421 1104 1465 1140 ac-

227 1177 305 1240 cepto
328 1168 455 1223 umbriae
477 1169 572 1222 nunde
593 1167 646 1221 suis
668 1168 793 1239 operibus
811 1169 839 1222 id
858 1167 998 1222 ffiscrimen
1019 1183 1188 1239 comparans,
1210 1164 1323 1220 murium
1340 1181 1398 1219 eam
1414 1181 1465 1235 pu-

226 1263 306 1317 gnam
323 1245 402 1300 fuisoe
420 1245 555 1300 cavillatrs
573 1253 622 1299 est.
658 1243 783 1298 Ceterum
804 1244 935 1316 principia
956 1247 1011 1300 eius
1028 1245 1093 1299 belli
1112 1245 1183 1298 haud
1200 1243 1366 1315 improspere
1381 1241 1465 1296 Lace-

228 1321 372 1377 daemoniis
393 1322 476 1376 fuere.
510 1321 589 1375 quta
607 1320 774 1391 Corrhagum
794 1323 968 1378 Macedoniae
989 1323 1125 1378 castellum
1146 1339 1205 1378 cum
1222 1320 1359 1392 Antipatri
1375 1318 1465 1374 militi·

227 1400 277 1454 bus
298 1397 432 1471 congressi
453 1398 567 1453 victores
588 1398 743 1453 extiterant:
769 1407 797 1453 et
818 1399 857 1453 rei
877 1399 947 1454 bene
968 1407 1060 1471 gestae
1080 1400 1151 1454 sarna
1172 1397 1252 1453 etism
1269 1397 1315 1468 qui
1333 1395 1465 1468 suspensis

226 1476 358 1530 mentibus
384 1475 518 1530 fortunam
540 1483 737 1546 spectaverant,
761 1475 789 1529 in
810 1477 960 1532 societatem
983 1495 1074 1533 sonim
1098 1475 1223 1548 patrasti
1246 1482 1316 1529 sunt
1350 1473 1413 1530 Una
1429 1489 1467 1527 cx

226 1552 298 1606 Eleis
316 1552 481 1624 Achaeisque
497 1553 606 1607 urbibus
623 1549 733 1606 Pellene
749 1554 843 1607 foedus
860 1556 1061 1625 aspernabatur,
1084 1553 1156 1609 etin
1172 1551 1288 1607 Arcadis
1304 1550 1465 1622 Megalopo-

226 1628 267 1696 lis,
285 1629 339 1682 fida
355 1629 544 1684 Macedonibus
562 1630 598 1684 cb
615 1627 735 1700 Philippi
752 1631 915 1698 memoriam,
933 1650 949 1684 a
967 1650 1020 1704 quo
1038 1629 1170 1685 beneflciis
1187 1629 1281 1683 affectu
1298 1630 1392 1683 fuerat
1410 1628 1466 1682 Sed

227 1705 291 1759 baec
308 1708 365 1759 arte
382 1705 550 1760 circumsessa
571 1706 642 1760 haud
663 1707 758 1777 procul
776 1707 908 1761 deditione
925 1709 1030 1777 aberat,
1053 1707 1103 1761 nisi
1119 1707 1227 1761 taudem
1243 1705 1386 1776 Antipater
1402 1705 1463 1758 sub-

227 1790 347 1836 veniaset.
382 1784 409 1837 Is
425 1791 567 1855 postquam
585 1791 669 1838 casua
686 1783 776 1836 castris
794 1784 918 1852 contulit,
937 1803 1016 1857 seque
1033 1801 1142 1838 numero
1165 1781 1277 1837 militum
1293 1783 1399 1852 alioque
1416 1798 1463 1852 ap-

225 1868 319 1928 paratu
338 1861 499 1932 superiorem
516 1860 665 1933 conspexit,
694 1861 885 1932 quamprimum
903 1861 937 1915 de
954 1878 1052 1916 summa
1069 1878 1157 1914 ranan
1173 1860 1277 1930 proelio
1296 1858 1458 1913 contendere

226 1937 329 1992 statuit:
352 1955 438 2009 neque
459 1937 663 1992 Lacedaemonii
691 1939 870 1994 detrectavere
893 1949 1033 1992 certamen.
1077 1937 1120 1991 Itu
1141 1935 1279 1991 commissa
1300 1943 1341 1990 est
1363 1951 1463 2005 pugna,

227 2031 294 2085 quae
311 2031 367 2068 rem
384 2014 542 2086 Spartanam
559 2013 686 2069 maiorem
702 2014 731 2068 in
746 2016 856 2069 modum
874 2015 976 2070 afflixit.
1018 2015 1086 2071 Cum
1103 2013 1173 2067 euim
1190 2011 1317 2084 argentiis
1334 2011 1463 2078 locorum,

226 2089 254 2143 in
271 2090 366 2163 quibus
383 2092 566 2163 pugnabatur,
589 2092 693 2160 confim,
715 2093 762 2146 ubi
779 2092 850 2146 hosti
870 2091 972 2147 nullum
988 2090 1162 2146 multitudinis
1180 2107 1256 2144 usum
1272 2089 1389 2142 lirturum
1406 2105 1464 2142 cre-

226 2167 333 2235 debant,
352 2167 468 2222 animose
485 2167 618 2240 congressi
635 2178 735 2237 essem,
754 2186 840 2242 neque
856 2169 1018 2224 Macedones
1038 2167 1151 2238 impigre
1167 2165 1331 2233 resisterent,
1352 2167 1465 2220 mulurm

226 2243 359 2314 sauguinis
376 2245 461 2298 timum
478 2254 526 2300 eat
556 2245 610 2299 Sed
626 2253 768 2318 postquam
784 2247 926 2318 Antipater
942 2246 1072 2318 integram
1088 2243 1201 2298 subinde
1216 2261 1323 2297 manum
1339 2243 1466 2297 laboran-

227 2319 297 2373 tibus
319 2321 372 2374 suis
393 2321 511 2376 nibridio
537 2322 674 2392 mittebat,
700 2324 812 2395 impulsa
829 2323 1096 2378 lacedaemoniorum
1113 2322 1181 2377 acies
1200 2321 1314 2392 gradum
1330 2320 1467 2392 paulisper

227 2395 324 2526 {omitt
360 2396 442 2461 Quod
459 2398 623 2470 conspicatus
640 2400 722 2471 Agis,
746 2417 804 2454 cum
821 2399 933 2455 cohorte
949 2399 1036 2471 regia,
1058 2417 1127 2472 quae
1143 2415 1177 2454 ex
1194 2397 1343 2453 fortissimis
1359 2405 1466 2452 comta·

247 2481 283 2541 at,
302 2489 330 2526 as
346 2472 375 2526 in
391 2474 518 2546 medium]

179 2617 197 2685 1
226 2614 249 2659 ¹*
275 2613 297 2658 '⁵
323 2614 346 2659 ¹*
372 2639 514 2712 pugnae
540 2617 727 2692 discmmam
753 2617 907 2710 immisit,
934 2617 1235 2715 obtruncatisque,
1261 2616 1323 2712 qui
1348 2631 1505 2714 prom-1.

227 2725 324 2822 ptius
348 2726 583 2821 resistebant,
618 2755 786 2828 magnam
811 2740 950 2828 partem
975 2729 1132 2804 hostium
1158 2727 1325 2828 propulit
1380 2723 1503 2800 Oce-2

227 2845 357 2933 perant
380 2837 504 2935 fugere
539 2841 710 2932 dotores,
744 2851 782 2915 et
807 2841 922 2914 donec
946 2839 1087 2916 avidius
1113 2850 1304 2938 sequentes
1330 2840 1367 2912 in
1393 2840 1469 2937 pla·

226 2970 314 3020 num
340 2945 539 3043 deduxere,
573 2953 677 3025 inulti
709 2951 905 3028 cadebant:
941 2951 1006 3026 sed
1031 2962 1073 3025 ut
1097 2952 1253 3050 primum
1280 2950 1395 3040 locus,
1431 2949 1470 3020 in

229 3085 299 3154 quo
326 3069 422 3134 stare
448 3073 606 3158 possent,
620 3062 697 3154 fisis,
711 3065 832 3164 eequis
860 3065 994 3139 viribus
1031 3063 1237 3138 dimicatum
1263 3078 1328 3135 est.
1367 3059 1504 3134 lutera

230 3194 354 3242 omnes
380 3179 503 3244 tamen
527 3171 828 3248 Lacedaemonios
863 3199 930 3248 rex
956 3175 1150 3268 eminebat,
1185 3200 1259 3248 non
1285 3196 1469 3246 annorum

230 3279 340 3352 modo
365 3290 403 3351 et
428 3283 586 3379 corporis
612 3283 740 3381 specie,
753 3283 818 3356 sed
845 3285 953 3358 etiam
978 3285 1225 3383 magnitudine
1250 3284 1369 3374 animi,
1396 3308 1469 3380 quo

229 3411 304 3460 uno
328 3388 422 3460 virici
446 3413 520 3462 non
546 3395 673 3488 potuit.
718 3391 884 3492 Undique
909 3421 1005 3469 nunc
1030 3397 1236 3487 comminus,
1263 3419 1359 3468 nunc
1385 3392 1506 3466 emi-⁴

231 3519 299 3571 nus
330 3498 539 3597 petebatur,
573 3502 703 3600 diuque
738 3527 838 3578 arma
864 3506 1130 3598 cucumferens,
1162 3509 1232 3582 alia
1255 3507 1329 3580 tela
1344 3505 1470 3603 ‘clipeo

232 3609 448 3707 excipiebat,
483 3637 631 3710 corpore
666 3613 735 3685 alia
768 3613 923 3688 vitabatz
958 3613 1072 3689 donec
1103 3618 1209 3690 hasta
1233 3616 1365 3690 femina
1390 3638 1469 3712 per·

236 3781 367 3866 'Liber
384 3798 424 3838 vs.
447 3785 557 3865 cap31,
592 3793 642 3868 ⁸²:
659 3797 683 3842 et
701 3791 781 3870 doaso
797 3821 833 3833 -
865 3789 1005 3844 verbonrm
1030 3790 1110 3862 longe
1139 3789 1358 3861 frequentissima
1401 3789 1476 3847 Vide

231 3853 308 3931 anullo
325 3854 473 3934 audebuntl·
493 3853 540 3908 Sic
580 3856 665 3936 'omiss
681 3865 780 3938 partun
797 3873 833 3911 ex
867 3874 909 3912 ex.
928 3875 968 3930 gr.
985 3859 1019 3911 ad
1037 3873 1082 3925 111,
1100 3866 1133 3912 st
1152 3869 1220 3913 extr.

231 3927 501 4042 mniilmuliiim
515 3921 833 4048 tltttttttttt
867 3927 1473 4065 mqfflhfgfflffiaaquffi

231 4003 615 4140 ilpsupodiicit,in’quceum
623 4061 705 4114 ceteri
719 4033 834 4115 editorei
867 4071 940 4130 runt,
954 4072 1051 4133 posset.
1082 4063 1153 4116 Nam
1170 3995 1426 4118 etquictcvrllslggutes
1443 4074 1474 4120 et

232 4133 412 4203 secutr'sunt,
429 4127 520 4205 enula,
547 4127 620 4245 quod
636 4127 746 4249 qlrlbgirq
760 4129 834 4249 {ftis
869 4128 1184 4254 quiroenuncrbresistuutt,
1215 4131 1376 4253 Macebdoneq
1390 4141 1473 4254 Sanupkt.

231 4191 537 4340 qugqqqqqtquqqqqurqr
549 4209 668 4341 pffique
685 4215 834 4344 uoluerullil
868 4215 945 4321 Vitas.
964 4215 1375 4337 qnsprolrgssqiqqeqrtsooqqqoeu'qtel
1410 4241 1473 4322 ‘turi

232 4329 271 4378 At
287 4333 404 4406 pertinet
421 4326 530 4408 h.⁰⁰.l.⁰¹
547 4345 661 4386 maxime
675 4332 709 4383 ad
722 4332 835 4412 rdquod
871 4402 877 4415 .
904 4339 927 4402 ξ.
951 4341 977 4415 4:
1016 4351 1122 4403 corpow
1145 4337 1200 4388 ulia
1226 4337 1337 4407 vitabat]
1403 4353 1475 4391 icero

232 4403 352 4466 sequitur
363 4411 453 4466 aequis
462 4397 561 4478 umbus
568 4406 631 4467 ,post
639 4398 720 4469 paulo
728 4400 834 4454 drm1ca·
869 4421 898 4455 rn
915 4402 995 4456 Gaul.
1014 4401 1090 4455 Orat.
1111 4409 1124 4454 1
1149 4419 1171 4456 a
1191 4409 1205 4456 6
1228 4413 1288 4472 quot
1306 4421 1353 4473 epo
1365 4407 1475 4474 petitio-

232 4471 290 4516 tum
320 4480 390 4532 csse,
423 4472 517 4534 estque
541 4464 645 4520 illorum
673 4468 833 4538 permutatio
869 4489 927 4560 aes¹
946 4480 1005 4523 tuus
1040 4471 1078 4522 itu
1104 4473 1232 4525 cantemas
1259 4481 1288 4524 ut
1313 4473 1395 4526 vitari
1420 4491 1476 4528 noa
