3270 5290
224 331 269 401 17
275 331 295 402 6
698 347 733 410 Q.
761 345 886 398 cuarn
911 345 996 397 sum

217 534 293 608 sive
320 534 385 606 sua
411 541 549 631 sponte,
576 530 687 604 filium
713 531 857 604 obviam
882 529 996 622 misit,
1022 527 1239 602 traditurum
1265 550 1304 600 se
1330 525 1458 600 urbem

216 646 439 744 promittens.
491 643 651 742 Benigne
676 643 844 715 iuvenem
871 642 1014 740 excepit
1039 665 1121 732 rex,
1148 649 1185 714 et
1211 638 1339 714 eodem
1366 635 1492 710 duces

218 756 265 830 ad
292 755 473 855 Choaspin
499 779 640 828 amnem
665 754 850 852 pervenit,
883 753 1090 846 delicatam,
1117 763 1158 826 ut
1184 755 1280 825 fama
1306 761 1371 842 est,
1398 773 1457 823 ve·

216 869 362 942 hentem
389 892 528 965 aquam.
567 863 636 938 Hic
661 866 826 939 Abulites
853 890 935 939 cum
962 865 1065 939 donis
1097 865 1227 964 regalis
1254 864 1457 963 opulentiae
1477 880 1511 929 10

217 981 380 1053 occurrit.
447 975 648 1052 Dromades
690 979 814 1052 cameli
855 979 949 1052 inter
983 975 1079 1052 dona
1119 989 1223 1050 eraut
1255 975 1457 1050 velocitatis

217 1092 384 1182 eximiae,
419 1113 474 1163 x11
506 1090 687 1188 elephanti
715 1116 737 1164 a
762 1089 882 1164 Dareo
915 1115 963 1164 ex
993 1087 1096 1162 India
1128 1087 1248 1180 acciti,
1280 1087 1352 1160 iam
1383 1111 1457 1160 non

217 1213 343 1294 terror,
370 1215 411 1276 ut
437 1211 655 1302 speraverat,
683 1199 930 1294 Macedonum,
958 1198 1023 1275 sed
1049 1200 1232 1293 auxilium,
1259 1222 1346 1299 opes
1372 1197 1457 1274 victi

218 1315 264 1389 ad
289 1317 463 1418 victorem
478 1314 716 1388 transferente
747 1315 900 1386 fortuna.
953 1313 1004 1388 Ut
1029 1339 1117 1388 vero
1149 1311 1276 1385 urbem
1300 1311 1458 1401 intravit,
1478 1329 1509 1376 11

217 1427 460 1501 incredibilem
486 1453 533 1500 ex
559 1426 738 1500 thesauris
765 1450 941 1500 summam
973 1425 1145 1526 pecuniae
1171 1425 1319 1523 egessit,
1346 1445 1369 1497 1.
1394 1423 1457 1495 mi·

216 1539 264 1612 lia
289 1541 465 1613 talentum
491 1537 631 1638 argenti
657 1562 730 1610 non
756 1537 886 1635 signati
911 1538 1027 1612 forma
1052 1595 1061 1630 ‚
1089 1537 1154 1612 sed
1179 1536 1261 1611 rudi
1286 1534 1455 1637 pondere.

216 1651 321 1725 Multi
355 1677 458 1750 reges
497 1661 617 1724 tantas
645 1671 731 1746 opes
758 1648 866 1746 longa
898 1661 1016 1724 aetate
1043 1651 1313 1724 cumulaverant
1338 1647 1457 1722 liberis
1478 1667 1510 1714 12

216 1764 450 1863 posterisque,
479 1773 519 1837 ut
545 1761 822 1851 arbitrabantur,
849 1785 937 1857 quas
953 1787 1041 1836 una·
1061 1763 1151 1836 hora
1176 1762 1213 1834 in
1240 1760 1380 1835 externi
1404 1783 1458 1832 re·

218 1876 272 1972 gis
307 1901 435 1948 manus
466 1875 596 1948 intulit.
649 1871 821 1949 Consedit
856 1871 985 1948 deinde
1019 1875 1056 1946 in
1091 1874 1190 1973 regia
1225 1872 1312 1946 sella
1343 1870 1457 1944 multo
1477 1889 1509 1938 13

219 1988 413 2062 excelsiore
448 2011 556 2085 quam
590 2011 656 2086 pro
691 1984 819 2058 habitu
853 1985 1021 2084 corporis.
1084 1984 1211 2084 Itaque
1237 2007 1320 2058 cum
1346 1981 1456 2082 pedes

251 2209 274 2275 ξ.
302 2213 325 2260 9.
368 2215 391 2260 ee
419 2208 505 2260 eodan
538 2208 611 2273 duce]
662 2206 752 2286 Vulgo
779 2223 822 2272 co;
855 2206 908 2276 sq.)
941 2205 1044 2260 curiose
1069 2204 1199 2276 quaedam
1225 2219 1365 2276 cognosco.
1410 2199 1459 2254 Ait

217 2283 336 2328 nostrum
362 2283 482 2326 auctores
509 2274 589 2328 habet
614 2273 690 2327 Leid.
709 2275 818 2327 hossl
855 2275 924 2328 enim
952 2273 1011 2328 illos
1034 2291 1112 2328 crura
1137 2273 1146 2326 i
1232 2273 1314 2327 'entes
1337 2289 1390 2326 non
1413 2271 1459 2323 de-

216 2343 287 2397 Flor.
306 2342 408 2396 ABCG
430 2341 652 2463 peBemensibus
676 2341 740 2394 nihil
759 2359 821 2396 eno·
855 2359 974 2408 cussare,
1001 2342 1047 2414 qui
1069 2351 1165 2396 natura
1214 2349 1255 2395 est
1272 2358 1401 2412 equorum
1418 2339 1458 2392 in-

217 2419 305 2464 tutum
331 2416 391 2478 est.)
429 2411 499 2462 'um
526 2413 563 2464 od
588 2411 722 2480 Choaspin
751 2427 820 2463 nunc
855 2428 977 2480 grecum
1000 2413 1046 2464 sed
1064 2410 1216 2465 alternatim
1234 2411 1330 2464 dextra
1346 2418 1374 2462 et
1396 2407 1459 2461 sini-

218 2479 293 2547 dedi,
313 2497 373 2532 cum
391 2479 452 2532 olim
470 2477 586 2548 reliquos
603 2480 763 2533 recentiores
781 2496 821 2530 se-
855 2487 911 2532 strs
928 2479 1059 2550 explicare
1077 2481 1124 2550 (cf.
1135 2479 1251 2534 Plinium
1260 2487 1314 2532 nat.
1325 2477 1461 2542 histum,

218 2556 294 2602 cutus
312 2551 349 2601 ad
369 2547 506 2616 Choaspen
524 2547 690 2617 scripsissem.
720 2547 821 2600 Eadem
857 2553 902 2614 a7)
926 2547 1003 2601 simul
1026 2548 1143 2601 anterius
1162 2549 1197 2602 'ac
1226 2547 1357 2619 posterius
1382 2544 1459 2598 unius

219 2616 351 2670 dubitatio
372 2615 423 2669 fuit
446 2616 515 2686 apud
532 2615 643 2686 Dionys.
661 2616 765 2686 Pericg.
783 2633 821 2669 vs.
854 2615 952 2670 lateris.
973 2617 1032 2670 Hoc
1049 2617 1123 2670 facile
1139 2617 1177 2670 illi
1195 2618 1282 2683 medo,
1295 2624 1366 2738 puto
1379 2614 1460 2667 etlam

219 2691 284 2740 1018
303 2685 373 2739 inter
389 2685 485 2738 forinas
502 2685 637 2750 Xodorras
654 2685 823 2740 etheoms
854 2691 965 2756 propter
986 2685 1054 2739 hanc
1080 2701 1186 2738 caumm
1203 2686 1294 2739 diuma
1313 2702 1342 2738 as
1359 2701 1375 2737 a
1392 2681 1459 2736 Dio·

219 2754 323 2825 Optimi
340 2753 410 2806 enim
436 2751 496 2806 libri
513 2752 587 2807 Leid.
605 2754 682 2808 Voss.
708 2753 820 2806 lBern.
855 2755 920 2807 doro
937 2769 969 2820 11,
989 2761 1021 2806 54
1041 2751 1206 2810 evanuisse
1223 2753 1329 2808 vocari:
1348 2752 1394 2805 sed
1411 2769 1458 2805 cur

217 2826 245 2878 A
261 2823 331 2878 Flor.
349 2823 399 2877 AB
422 2825 488 2876 adeo
513 2825 608 2892 hospis
632 2822 771 2887 exhibent,
797 2821 819 2876 C
854 2822 882 2876 id
904 2823 1045 2876 dromedas
1069 2822 1155 2876 doceri
1181 2839 1287 2877 necesse
1309 2822 1345 2876 sit
1374 2821 1459 2874 fateor

217 2895 282 2946 adeo
302 2893 412 2964 Aspim,
437 2891 501 2944 DFI
523 2894 560 2945 od
580 2895 633 2961 yde
668 2894 716 2958 im,
743 2891 822 2944 Eud
855 2908 897 2944 me
923 2909 976 2946 non
993 2891 1156 2962 intelligere,
1181 2891 1395 2962 quandoquidem
1418 2889 1459 2942 in·

217 2965 351 3031 ydospcm,
370 2961 398 3015 H
416 2963 453 3014 od
469 2911 723 3030 hydaspimfficrn.
743 2959 765 3012 B
785 2962 823 3013 od
855 2977 958 3030 gressus
984 2960 1028 3014 ille
1052 2959 1157 3014 camelis
1184 2959 1309 3014 naturalis
1330 2968 1379 3013 est.
1414 2957 1457 3010 De

218 3033 342 3101 iduspim,
361 3031 463 3084 Vocat
478 3032 516 3083 acl
532 3031 654 3099 Idaepr'a,
673 3029 742 3084 solus
750 3026 820 3083 Flor.
855 3029 950 3083 eximia
967 3028 1071 3084 illorum
1088 3028 1229 3083 velocitate
1250 3037 1354 3082 veteres
1371 3035 1400 3081 et
1416 3044 1458 3080 re-

219 3097 300 3153 God
319 3101 388 3153 Coos
407 3117 446 3152 en.
481 3098 550 3151 Edd.
588 3118 609 3152 r.
628 3098 766 3152 etAldina
783 3099 822 3150 ad
854 3098 983 3153 cautiores
1001 3099 1143 3180 scriptores
1161 3097 1338 3165 consentiunt,
1357 3105 1457 3150 etoon-

221 3117 505 3238 Hydcspia,iuniana
521 3175 550 3219 et
599 3167 692 3220 odisna
709 3169 747 3219 od
763 3167 820 3233 Hy·
854 3174 909 3220 stat
926 3185 959 3221 ns
974 3167 1122 3220 celerrimos
1136 3167 1242 3237 quidem
1250 3183 1378 3238 equorm
1396 3165 1458 3219 dro-

219 3240 318 3304 dospen
342 3233 535 3300 exhibuerunt,
563 3235 633 3288 unde
656 3233 820 3305 proficiscens
854 3236 960 3288 madum
986 3253 1090 3290 cursum
1117 3251 1238 3306 aequare.
1274 3235 1317 3288 Ad
1335 3243 1456 3288 nostrum

219 3303 364 3357 Glareanus
388 3305 425 3356 od
453 3303 538 3355 Choes
558 3320 588 3354 en
614 3301 737 3355 conexit.
777 3301 820 3355 De
853 3304 1008 3375 scriptorem
1025 3309 1114 3372 vrr,8
1151 3303 1250 3358 ertiuet
1268 3305 1339 3374 quod
1358 3301 1457 3357 Strabo

221 3373 350 3452 Choaspis
363 3388 441 3450 'aqua'
452 3369 508 3440 regi
518 3320 657 3424 Pisanus
674 3370 754 3422 etiam
771 3386 819 3440 pc·
853 3370 898 3424 lib.
916 3387 958 3425 xv
974 3391 1001 3443 p.
1021 3380 1070 3430 724
1087 3323 1180 3441 tradit,
1198 3372 1310 3444 triginta
1327 3381 1374 3426 aut
1393 3389 1457 3442 qua·

217 3458 295 3510 regre
317 3441 372 3492 brbr
395 3438 472 3491 solita
494 3447 598 3490 constat
621 3455 654 3491 cx
675 3439 775 3492 Herod.
797 3451 817 3504 1,
853 3439 977 3510 draginta
999 3440 1101 3494 dicrum
1124 3441 1190 3507 iter,
1217 3441 1337 3512 intellige
1359 3440 1381 3494 si
1417 3439 1457 3494 uis

219 3515 277 3563 188.
295 3505 397 3561 Plinius
411 3515 465 3559 nat.
476 3506 536 3558 hist.
547 3515 669 3574 muti
690 3507 819 3560 Errlaeum
852 3509 1004 3579 vulgaribus
1021 3509 1124 3564 camelis
1142 3518 1271 3578 uteretur,
1290 3459 1457 3565 dromadihus
1510 3535 1514 3542 ·

217 3577 256 3630 illi
274 3577 352 3630 adiun
373 3575 405 3628 'tz
433 3576 591 3629 Parthorum
608 3593 682 3646 repes
701 3593 732 3628 ex
752 3575 818 3628 Cho·
854 3577 911 3630 uuis
928 3578 1019 3630 iisdem
1039 3596 1072 3632 ue
1090 3578 1239 3632 confectum
1259 3595 1316 3633 esse
1335 3577 1455 3632 undecim

218 3664 281 3716 aspa
308 3656 331 3699 et
353 3594 458 3698 {alueo
484 3654 583 3698 tautum
601 3646 702 3721 hibunt,
733 3655 756 3697 et
774 3661 819 3697 cuc
853 3646 952 3700 diebus.
988 3597 1104 3700 isidorus
1122 3647 1150 3701 in
1168 3647 1322 3720 Originibus
1347 3661 1406 3714 xn,
1432 3653 1455 3715 1,

236 3717 334 3768 uomvis
361 3715 389 3767 in
414 3715 556 3784 longinquo
587 3716 742 3767 comitentur
768 3729 818 3766 eos.
853 3723 885 3770 88
904 3732 948 3770 eos
967 3723 1073 3770 centum
1090 3723 1118 3770 ct
1136 3715 1324 3788 ampliusmilis
1332 3733 1456 3787 passuum

218 3734 293 3837 idem
311 3792 398 3836 tamen
416 3798 461 3850 vr,
488 3790 519 3837 31
548 3782 598 3836 hoc
615 3781 699 3855 ipsum
716 3783 749 3836 de
766 3799 820 3834 uno
854 3791 900 3850 (20
927 3784 1038 3838 miliaria
1065 3784 1166 3854 Germ.)
1194 3785 1316 3840 unvita
1343 3801 1455 3856 pergere

218 3852 318 3906 Eulaeo
336 3851 489 3906 tradiderat.
854 3853 938 3908 solere
955 3853 1054 3908 scribit.

254 3925 276 3991 ς,
297 3928 336 3974 10.
372 3923 520 3975 Drousudes
539 3923 640 3990 romeli]
676 3921 741 3975 Non
758 3926 820 3973 sunt
889 3957 942 4010 iam
960 3975 1011 4010 mm
1030 3967 1126 4024 ,mom
1145 3965 1173 4010 ω
1191 3958 1352 4027 ,pmvmq
1388 3954 1456 4009 vul.

219 3990 246 4044 hi
275 3999 372 4043 natura
399 4007 415 4043 a
440 3989 592 4060 vulgaribus
620 3989 739 4056 camelis,
775 3986 820 4058 qui
1025 4027 1030 4038 .
1399 4024 1406 4038 .

219 4075 301 4113 onera
317 4065 441 4130 portant,
459 4057 572 4124 diversi,
592 4075 750 4139 quamquam
767 4057 820 4109 lor·
854 4034 934 4148 {ff
951 4035 1321 4149 ''fg'gaffin'l‘mwffrffiffffr
1338 4024 1457 4150 §iffi

218 4126 293 4182 tioris
311 4135 339 4181 et
375 4127 430 4180 ussi
445 4127 579 4181 nobilioris
588 4126 687 4208 stirpis,
707 4128 753 4180 scd
763 4133 820 4206 arte
917 4162 923 4175 .
1222 4161 1229 4175 .
1259 4162 1265 4174 .
1302 4161 1328 4216 a,
1446 4193 1458 4205 ·

219 4213 331 4277 usuque,
387 4213 490 4250 cursum
508 4203 654 4249 exercitati.
686 4195 821 4250 Hedschm
854 4181 969 4244 ⁰3¹¹¹¹¹¹¹¹¹¹
987 4180 1114 4218 ‘mem
1130 4172 1238 4230 mmm*
1257 4181 1285 4216 ¹¹¹
1329 4171 1445 4218 “³¹⁰²OE

219 4267 298 4319 hodrc
313 4273 450 4347 'vocantur
472 4263 501 4346 ἰῐιΙ
527 4264 611 4335 Syria„
655 4264 697 4318 De
727 4265 821 4345 quibus
854 4230 1224 4356 ἱΐέῖἓοωξῖῗὲβὼώ
1241 4231 1380 4286 Videmus
1398 4247 1457 4284 eum

219 4333 837 4472 tlhltlttl..l¹”⁰ttdltb⁰llitltt‚
890 4407 914 4468 s.
942 4409 982 4456 a.
1022 4419 1078 4456 aa
1120 4404 1190 4471 aaa]
1232 4401 1277 4458 su
1300 4403 1406 4472 noos
1429 4411 1459 4458 a

220 4469 416 4544 (Stuttgnrdiae
438 4487 462 4525 s.
487 4479 561 4527 1842.
585 4471 662 4524 Tum.
680 4470 708 4524 Π
726 4489 752 4542 p.
772 4477 820 4526 149
856 4469 948 4544 optimi
965 4470 1042 4540 libri;
1152 4473 1236 4541 pedes
1253 4489 1320 4526 mm.
1374 4503 1383 4514 -
