3254 5292
234 339 306 412 148
706 361 740 425 o
768 359 893 414 cunnn
917 359 1004 413 ann

182 544 229 616 56
333 541 481 618 Interim
512 543 736 636 Alexander,
769 552 813 618 ut
846 554 884 620 et
915 543 1201 624 demonstratum
1234 573 1257 622 a
1287 555 1534 655 transfirgaxu

231 655 441 729 insidiarum
465 656 585 730 locum
611 656 823 748 circumiret,
850 665 888 730 et
912 654 1043 748 Dareo,
1053 660 1131 755 equi
1157 685 1270 734 comn
1294 664 1477 760 tuebatur,

231 776 450 859 occureret,
482 793 611 866 agmen
646 767 830 866 obliquum
864 767 1029 842 incedere
1062 768 1171 846 iubet.
1223 769 1365 850 Dareus
1391 799 1512 875 quo-2

231 905 301 978 que
327 877 455 953 eodem
481 904 586 954 suum
611 880 785 971 obvertit,
811 878 924 954 Besso
950 877 1150 974 admonito,
1185 892 1228 958 ut
1252 881 1477 987 Massagetas

232 992 369 1089 equites
395 991 433 1064 in
458 990 603 1064 laevum
628 988 828 1066 Alexandri
855 1015 966 1063 cornu
993 1015 1017 1063 a
1040 990 1153 1068 latere
1178 995 1300 1070 invehi
1325 997 1476 1078 iuberet

230 1099 312 1200 Ipse
338 1112 423 1176 ante
449 1126 489 1175 se
513 1101 663 1177 falcatos
689 1127 815 1176 currus
840 1101 1015 1192 habebat,
1042 1127 1132 1198 quos
1157 1106 1260 1204 signo
1286 1106 1374 1184 dato
1399 1114 1511 1188 uni-³

229 1237 356 1288 versos
380 1214 419 1286 in
444 1213 587 1288 hostem
614 1213 750 1290 effudit.
789 1211 958 1286 Ruebant
982 1213 1115 1286 laxatis
1141 1214 1291 1292 habenis
1317 1222 1475 1321 aurigae,

230 1351 303 1424 quo
328 1328 449 1425 plures
475 1326 637 1400 nondum
663 1325 750 1400 satis
776 1324 922 1423 proviso
948 1325 1085 1423 impetu
1111 1324 1328 1404 obtererent
1372 1333 1512 1412 Alione

229 1461 317 1535 ergo
351 1438 478 1512 hastae
511 1442 665 1514 multum
702 1437 799 1510 ultra
831 1447 1012 1510 temonem
1051 1436 1263 1531 eminentes,
1303 1441 1391 1518 alios
1426 1447 1475 1522 ab

228 1559 384 1644 utroque
409 1550 521 1625 latere
548 1549 714 1625 dimissae
739 1549 848 1622 falces
874 1549 1089 1622 laceravare.
1140 1545 1217 1623 Nec
1242 1554 1375 1628 sensim
1400 1554 1475 1632 Ma·

229 1657 384 1733 cedones
419 1660 623 1754 cedebant3
668 1659 733 1735 sed
774 1659 889 1732 effirsa
927 1660 1014 1758 biga
1047 1660 1288 1736 turbaverant
1321 1665 1475 1742 ordines.

228 1769 396 1845 Mazaeus
430 1799 573 1872 quoque
606 1772 778 1874 perculsis
809 1781 946 1844 metum
972 1771 1135 1863 incussit,
1171 1773 1270 1854 mille,
1294 1777 1510 1873 equitibuss

230 1883 279 1956 ad
306 1883 504 1984 diripienda
528 1885 643 1960 hostis
669 1881 926 1983 impedimenta
958 1881 1175 1956 circumvehi
1201 1883 1327 1979 iussis,
1361 1899 1475 1982 ratus,

230 1997 392 2094 captivos
419 2023 572 2096 quoque,
599 1998 660 2096 qni
686 1993 792 2070 simul
818 1993 1107 2084 asservabantur,
1121 2005 1293 2093 rupturos
1319 1999 1475 2093 vincula,

229 2133 310 2181 cum
336 2134 421 2181 suos
448 2111 776 2209 appropinquantes
802 2104 986 2178 vidissent
1022 2101 1104 2176 Non
1130 2105 1306 2181 fefellerat
1329 2108 1510 2187 Parme-o

227 2219 387 2309 nionem,
427 2219 488 2316 qui
522 2221 560 2292 in
593 2221 699 2294 laevo
731 2225 825 2291 crat:
873 2239 1025 2314 propere
1063 2214 1172 2314 igitur
1208 2215 1476 2318 Polydamanta

228 2327 339 2400 mittit
373 2327 436 2426 [ad
467 2329 621 2429 regem],
657 2331 718 2428 qui
753 2339 791 2403 et
821 2326 1018 2425 periculum
1057 2325 1279 2422 ostenderet,
1315 2342 1353 2406 et
1387 2331 1475 2431 quid

228 2438 306 2510 fieri
332 2439 472 2513 iuberet
498 2441 709 2514 consuleret.
748 2439 822 2529 Ille,
849 2436 973 2510 audito
1000 2435 1273 2536 Polydamante,
1286 2442 1364 2536 Abi,
1389 2463 1510 2519 aaran

228 2550 294 2640 tir,
328 2550 460 2647 inquit,
487 2552 720 2646 Parmenioni,
751 2551 784 2626 si
807 2548 879 2624 acie
912 2547 1104 2640 ammonas,
1135 2575 1203 2626 non
1227 2567 1341 2630 metra
1365 2554 1475 2630 solon

225 2685 287 2735 nos
321 2675 592 2762 recuperonros,
625 2665 686 2738 aed
715 2664 815 2738 dmm
847 2683 931 2760 quaa
965 2659 1106 2734 laetiora
1139 2675 1217 2736 eard
1247 2677 1473 2762 campaninos.

264 2826 305 2882 Ca
324 2833 387 2896 ,ὅθ’
405 2831 429 2910 ᾗ,
449 2835 473 2883 1,
507 2831 598 2885 Dareo
616 2831 662 2902 qui
679 2847 761 2884 domu
778 2839 832 2884 tue.
866 2823 914 2875 8θᾶ
931 2823 1066 2896 sequimur
1082 2823 1163 2882 libros
1179 2833 1294 2882 nodilo&
1323 2828 1394 2884 Item
1410 2839 1476 2901 post

229 2845 323 2965 buturi
336 2898 459 2978 ,Additur
475 2897 503 2952 in
520 2899 581 2954 edd.
599 2901 723 2954 laevam
741 2915 831 2967 cornu,
866 2887 946 2962 pflulo
972 2895 1058 2972 effuw
1080 2894 1149 2964 fuya
1172 2895 1355 2966 turbaverant,
1381 2917 1475 2980 quam·

230 2967 276 3020 sed
298 2967 394 3037 quibus
417 2983 453 3020 ex
477 2967 553 3023 mstis
570 2967 643 3023 istud
659 2969 769 3023 verbum
786 2969 832 3020 de-
868 2976 948 3029 quam
971 2977 1058 3040 ¹¹¹!¹¹¹¹⁵
1075 2969 1158 3041 ¹grata
1183 2961 1218 3016 ad
1240 2980 1317 3019 aures
1342 2968 1475 3036 accidunt,

227 3053 285 3088 sum
305 3045 363 3089 tum
380 3036 415 3090 sit
432 3035 537 3108 ignom
556 3053 647 3092 eorum
665 3045 748 3107 certe,
767 3055 833 3108 quos
867 3036 966 3094 tmen,
984 3047 1006 3083 ⁸¹
1023 3029 1156 3084 00d101b11⁸
1168 3047 1228 3084 msa
1237 3034 1392 3104 parendum,
1410 3037 1475 3092 scri·

228 3103 267 3158 Sn
304 3143 311 3157 .
333 3104 448 3160 contulit
470 3112 499 3159 et
521 3106 567 3177 qui
593 3123 681 3160 meum
704 3107 731 3160 in
757 3125 834 3160 usum
868 3097 984 3152 bendum
1013 3116 1062 3169 91¹0
1088 3101 1174 3168 effusa
1204 3102 1374 3180 turbaverant
1395 3107 1474 3175 inqu,

227 3171 318 3226 conas
336 3181 408 3240 sunt,
424 3173 453 3228 in
470 3173 544 3229 nullo
555 3174 693 3229 inventum
706 3183 754 3230 est.
778 3176 834 3247 Ap
867 3173 1011 3238 utrimque
1027 3184 1087 3220 eum
1103 3167 1178 3222 Mod
1196 3167 1320 3224 edicone

227 3248 305 3311 paret
322 3241 454 3294 adiectum
471 3259 528 3296 m
545 3259 580 3296 εχ
597 3249 708 3314 apsa,
726 3243 834 3298 ,adim
902 3239 928 3302 s.
947 3243 970 3289 6.
994 3237 1040 3306 qui
1056 3238 1085 3288 in
1102 3237 1174 3290 laevo
1192 3239 1260 3308 erat]
1290 3238 1374 3294 Omisi
1392 3259 1474 3298 corna

228 3325 282 3360 non
305 3308 395 3378 agitur
417 3309 450 3362 de
471 3327 551 3364 manu
572 3311 647 3365 laeve
663 3320 711 3364 aut
727 3313 832 3378 dextra,
867 3303 1055 3358 auctolitatcm
1072 3304 1232 3376 optimorum
1241 3307 1326 3384 ‚codd
1342 3325 1375 3364 ac
1390 3309 1475 3382 pluri-

226 3375 274 3429 sed
292 3377 326 3428 de
342 3377 446 3430 ratione
462 3395 509 3431 cm
525 3377 648 3450 obliqum
660 3379 834 3450 praecesserit
867 3389 970 3426 morum
986 3381 1099 3427 secutus.
1133 3373 1184 3428 Est
1206 3390 1277 3428 emm
1292 3376 1358 3432 baec
1374 3379 1476 3436 usitata

226 3443 388 3498 Alexander.
867 3439 965 3512 ellipsis
985 3441 1014 3494 in
1035 3457 1065 3496 ra
1088 3441 1203 3498 militari.
1247 3447 1280 3496 ln
1302 3447 1475 3526 sequentibus

262 3515 285 3581 ξ.
312 3519 337 3566 2.
383 3513 555 3584 Mauaqetas
591 3531 608 3569 a
640 3514 718 3570 Iunio
744 3515 833 3572 invisis
867 3513 949 3564 verba
975 3514 1013 3564 od
1037 3529 1123 3582 repam
1149 3510 1310 3568 omittuntur
1339 3531 1368 3570 m
1395 3517 1475 3572 oodd.

225 3577 302 3634 libris
319 3581 458 3650 omnibus,
481 3581 528 3636 sed
549 3591 638 3652 recte,
665 3587 833 3641 amendatum
866 3577 948 3634 nem.
969 3581 996 3634 Δ
1017 3579 1089 3634 Flor.
1111 3579 1424 3638 annularetur.
1448 3593 1474 3641 1.

227 3657 269 3702 est
286 3667 335 3719 pro
357 3667 390 3704 eo
411 3651 484 3721 quod
507 3650 537 3704 in
557 3651 618 3706 edd.
640 3653 696 3707 anti
717 3653 833 3710 uion'bug
866 3647 962 3719 Itaque
979 3649 1054 3702 uncis
1071 3649 1177 3717 inclusi,
1199 3647 1221 3703 si
1244 3649 1286 3703 cui
1311 3661 1402 3706 tamen
1425 3670 1474 3707 na-

225 3717 278 3772 fuit
294 3719 471 3788 llcesoqetes.
505 3719 577 3776 Sunt
598 3721 668 3776 anim
708 3723 832 3796 [arrape-
866 3717 993 3772 emite
1019 3719 1160 3772 videmur
1185 3725 1326 3790 pfflplem
1341 3721 1414 3792 quod
1430 3739 1473 3776 aa·

226 3795 279 3852 tae,
297 3791 401 3841 Macco
418 3794 487 3842 ἐται.
865 3796 964 3857 quatur
981 3789 1034 3840 ille.

261 3873 279 3908 α
298 3857 386 3936 latere¹
428 3857 503 3911 odins
525 3858 623 3940 edidit,
666 3859 748 3916 riores
770 3863 831 3917 edd.
900 3859 924 3924 ξ.
943 3862 967 3908 l.
989 3858 1015 3909 ei
1031 3858 1089 3910 acie
1105 3855 1255 3926 vicerimus]
1276 3855 1388 3927 Optimi,
1406 3875 1473 3940 quos

226 3929 831 4068 tatttttttlblrttlstttttss
864 3921 1200 4048 idmdiuiolddlrid
1214 3940 1365 4062 'stlta
1378 3945 1473 4050 “ata

226 4067 334 4113 tantum
350 4061 456 4132 legitur.
474 4064 529 4118 Sed
545 4073 619 4120 recte
654 4075 701 4121 uto
710 4067 831 4123 Modium
865 4061 940 4132 origo
958 4062 1088 4116 neminem
1104 4061 1181 4129 latet,
1199 4077 1260 4115 nam
1278 4064 1336 4116 acie
1353 4063 1390 4117 sio
1403 4081 1473 4118 sem·

225 4128 377 4199 scripsisse,
408 4149 469 4186 nam
504 4133 588 4188 solnm
620 4084 765 4190 ablativum
795 4136 833 4192 sio
900 4131 1028 4185 redditis
1045 4129 1131 4185 verbis
1149 4131 1300 4197 decernere,
1319 4132 1472 4214 confligere,

226 4198 349 4268 usurpari
366 4199 430 4254 mihi
447 4201 553 4272 quidem
570 4221 624 4256 non
642 4203 672 4258 tit
687 4205 831 4276 probabile.
886 4199 891 4211 '
922 4199 1003 4268 care,
1025 4216 1180 4270 concurrere
1201 4208 1230 4253 et
1251 4197 1357 4256 vincere
1380 4211 1472 4271 etim,

227 4264 354 4320 Ceterum
373 4270 444 4338 quod
463 4269 571 4326 Curtius
592 4271 697 4326 laevum
714 4273 832 4329 Alexan·
864 4286 890 4322 v·
907 4287 937 4323 δῦ
957 4275 1135 4337 M2213·

225 4333 268 4388 dri
294 4353 375 4390 cornu
397 4337 476 4392 finisse
494 4339 577 4394 tradit
610 4342 733 4396 dextrum
750 4343 831 4400 briaae
899 4357 927 4392 se
963 4340 1041 4392 eliam
1059 4339 1254 4408 querelantium
1272 4341 1344 4410 aaut]
1379 4337 1473 4408 Vulgo

225 4402 323 4458 collato
342 4421 364 4458 c.
383 4413 416 4460 46
434 4407 510 4462 facila
526 4408 583 4464 inte
632 4427 661 4464 ae
864 4411 913 4460 secl
928 4411 1015 4462 onmia
1034 4425 1100 4476 quoe
1126 4407 1211 4460 minus
1234 4414 1322 4475 recte,
1346 4406 1473 4478 qnoniam

260 4477 284 4541 s.
303 4481 329 4527 4.
349 4477 420 4531 ultra
439 4480 573 4551 temonem]
594 4409 691 4551 liulio
708 4490 829 4554 temones,
863 4493 962 4548 genere
991 4493 1033 4531 res
1064 4475 1184 4532 diversae
1213 4473 1263 4530 sibi
1290 4486 1473 4550 opponuntur.
