3270 5288
542 410 592 461 nn
619 407 745 462 easrrs
771 406 880 460 snex.
907 407 983 476 mn,
1004 405 1045 458 rc.
1343 385 1416 459 377

178 577 325 678 imperio
351 580 384 654 ei
408 577 566 669 reddito,
599 574 697 651 haud
723 576 890 674 amplius,
929 601 1037 674 quam
1061 585 1104 649 ut
1129 573 1202 650 duo
1229 599 1276 648 ex
1300 572 1420 648 tribus

128 709 161 758 aa
178 691 257 764 filiis
292 715 413 764 secum
442 689 652 778 militarent,
694 687 824 786 exegit.
877 685 1046 787 Satrapes
1084 688 1193 762 etiam
1224 711 1322 777 eum,
1358 684 1418 783 qui

178 825 287 900 penes
313 802 430 901 ipsum
455 799 736 897 relinquebatur,
769 797 889 873 uadit
941 797 1102 891 Barbara
1128 796 1310 897 opulentia
1335 823 1416 871 con·

127 933 159 982 aa
177 913 328 1004 virium,
361 938 432 1011 qno
457 937 579 1012 regem
605 911 816 1009 accipiebat,
847 911 1077 986 instruxerat.
1130 908 1173 983 Id
1198 935 1280 982 cum
1305 909 1419 983 multa

178 1025 346 1099 comitate
378 1025 590 1114 celebraret,
633 1021 811 1096 introduci
836 1047 916 1096 xxx
947 1023 1085 1097 nobiles
1116 1021 1272 1120 virgines
1304 1020 1416 1094 iussit

178 1135 276 1210 lnter
302 1161 390 1235 quas
417 1147 495 1209 erat
519 1135 592 1208 filia
615 1134 726 1233 ipsius
745 1133 896 1208 Roxane
922 1136 1076 1224 nomine,
1103 1132 1233 1208 eximia
1258 1131 1417 1232 corporis

127 1265 161 1314 at
179 1248 296 1348 specie
330 1258 367 1321 et
401 1245 529 1322 decore
563 1245 706 1320 habitus
746 1245 784 1318 in
818 1245 980 1319 barbaris
1014 1269 1106 1320 raro.
1160 1241 1261 1334 Quae
1297 1269 1418 1342 quam-

178 1384 285 1456 quam
309 1359 404 1434 inter
428 1361 559 1434 electas
585 1366 825 1456 processerat,
858 1357 1017 1430 omnium
1042 1367 1163 1430 tamen
1188 1357 1311 1431 oculos
1337 1379 1419 1428 con-

181 1470 290 1544 vertit
321 1471 358 1542 in
391 1495 445 1562 se,
478 1469 633 1544 maxime
665 1466 776 1565 regis,
810 1469 927 1541 minus
959 1469 1031 1542 iam
1063 1467 1316 1566 cupiditatibus
1348 1468 1420 1541 suis
1483 1561 1489 1570 ι

177 1581 384 1679 imperantis
410 1581 503 1654 inter
528 1579 700 1677 obsequia
730 1578 912 1670 fortunae,
947 1589 1206 1678 contraquam
1231 1605 1305 1653 non
1332 1578 1418 1652 satis

127 1709 160 1758 2⁵
180 1702 285 1766 muta
315 1692 513 1767 mortalitas
546 1701 610 1768 est
663 1688 788 1787 Itaque
820 1691 894 1782 ille,
929 1692 990 1788 qui
1022 1716 1173 1766 uxorem
1197 1689 1323 1782 Darei,
1358 1689 1420 1787 qui

180 1800 268 1876 duas
299 1803 390 1878 filias
422 1803 596 1902 virgines,
632 1802 760 1900 quibus
794 1803 910 1877 forma
943 1812 1087 1901 praeter
1117 1800 1292 1877 Roxanen
1325 1826 1418 1875 com-

201 1915 295 1988 arari
314 1916 414 1989 nulla
435 1924 587 2012 poterat,
613 1912 713 1988 haud
739 1914 809 1986 alio
835 1914 963 2005 animo,
990 1937 1097 2012 quam
1123 1914 1291 2010 parentis,
1317 1936 1417 2010 aspe-

178 2034 299 2116 xerat,
333 2037 420 2100 tunc
444 2026 483 2098 in
515 2050 673 2099 amorem
698 2025 945 2122 virgunculae,
980 2025 1010 2098 si
1040 2023 1160 2123 regiae
1191 2024 1293 2122 stirpi
1325 2047 1418 2096 com·

178 2147 374 2233 pararetur,
399 2137 575 2236 ignobilis,
601 2137 652 2209 ita
670 2137 803 2210 effusus
823 2145 869 2226 et,
889 2147 930 2210 ut
949 2135 1082 2210 diceret
1100 2134 1147 2209 ad
1167 2134 1420 2210 stabiliendum

178 2271 330 2346 regnum
355 2248 543 2346 pertinere,
571 2247 700 2322 Persas
720 2257 757 2321 et
776 2245 991 2322 Macedones
1011 2246 1189 2322 connubio
1208 2249 1324 2348 iungi:
1350 2247 1422 2320 hnc
1482 2247 1487 2256 ’

182 2380 254 2430 uno
279 2357 388 2434 modo
414 2367 452 2432 et
477 2358 652 2458 pudorem
676 2358 796 2448 victis,
832 2367 869 2433 et
900 2359 1102 2458 superbiam
1134 2360 1329 2434 victoribus
1362 2357 1423 2434 de·
1520 2433 1523 2440 .

131 2483 165 2535 26
183 2468 277 2542 trahi
302 2495 417 2568 posse.
470 2469 646 2544 Achillem
672 2494 822 2568 quoque,
849 2495 871 2544 a
893 2495 965 2569 quo
982 2496 1094 2570 genus
1112 2472 1188 2572 ipse
1215 2470 1417 2560 deduceret,
1503 2551 1508 2560 ,

182 2604 264 2654 cum
290 2582 433 2681 captiva
459 2583 587 2658 coisse:
613 2605 659 2656 ne
685 2582 806 2656 inferri
822 2583 923 2656 nefas
941 2583 1209 2673 arbitrarentur,
1235 2582 1286 2658 ita
1302 2581 1422 2657 matri·

183 2815 281 2872 eandm
297 2817 424 2874 volumus.
450 2815 520 2873 Nam
537 2815 661 2873 Roxanes
679 2823 784 2888 patrem
852 2819 876 2886 ς.
887 2822 929 2872 tt.
947 2819 1142 2887 uullapaterat]
1159 2816 1338 2872 FleaADFG
1347 2817 1423 2872 leid.

143 2902 153 2926 ·
181 2883 250 2940 infre
269 2885 315 2940 lib.
328 2891 416 2952 nati
436 2893 465 2940 et
481 2887 527 2941 lib.
541 2901 571 2952 x,
587 2894 618 2942 12
645 2888 783 2954 Oxyartem
836 2896 950 2952 amat,
981 2887 1029 2940 aad
1046 2883 1116 2938 filisa
1134 2883 1272 2940 etiamtum
1289 2885 1400 2940 virebsn

182 2952 226 3006 vel
247 2963 320 3010 certe
345 2954 476 3010 simillimo
498 2955 605 3010 nomine
630 2953 783 3024 appellavit,
893 2963 953 3024 post
974 2953 1115 3008 latinitatis
1131 2952 1201 3007 ratio
1217 2954 1357 3007 videbatur
1372 2971 1422 3024 po·

182 3019 317 3109 Diodorus
334 3031 424 3106 autem
442 3031 471 3077 et
488 3023 616 3078 Arrianus
635 3041 687 3076 non
705 3021 785 3076 aliter
818 3021 917 3076 stulsre
948 3024 974 3077 sr'
1004 3023 1092 3102 repiae
1122 3023 1200 3102 stirpi
1226 3032 1422 3092 compararetur

183 3090 453 3240 urreisan
470 3090 784 3240 tartaream
816 3091 1421 3240 incrementantur

183 3235 332 3282 constantia
352 3227 783 3299 Calnrtandus,nis1qnodFlor.
817 3236 912 3298 estque
942 3246 969 3281 ιιι
995 3227 1065 3282 Flos.
1091 3227 1199 3299 requs
1229 3235 1335 3298 praeter
1360 3227 1419 3282 AB.

182 3293 235 3350 ΕΗ
252 3295 368 3351 Bernss
389 3297 538 3352 Cartaadas
556 3297 690 3362 sar-ibunt,
712 3297 783 3350 unde
817 3295 855 3349 Hi
876 3303 964 3350 autem
986 3313 1046 3351 cum
1067 3293 1142 3349 Laid.
1163 3295 1240 3350 Voss.
1260 3303 1272 3350 1
1298 3295 1422 3350 Bemb-

183 3363 217 3418 sb
234 3363 310 3420 Iunio
327 3374 357 3419 et
373 3364 466 3420 Modia
483 3367 582 3420 sactum
599 3374 641 3420 est
658 3365 784 3420 Cotorta·
817 3375 996 3434 compactae,
1031 3365 1080 3418 sed
1116 3364 1145 3418 in
1175 3364 1301 3420 ammoni
1340 3365 1421 3418 rebus

182 3451 240 3496 aus,
257 3433 358 3488 scilicet
374 3450 408 3487 ne
425 3435 554 3490 barbarus
571 3434 648 3489 nimia
662 3433 784 3490 Romam
817 3440 846 3487 et
867 3432 1095 3489 terminationibus
1116 3432 1257 3488 verborum
1285 3450 1339 3487 non
1360 3449 1422 3488 raro

181 3502 308 3556 vocabula
326 3501 515 3574 appellaretur,
534 3521 595 3558 nam
613 3502 691 3558 aliam
708 3502 784 3574 equi·
817 3501 899 3556 etiem
916 3502 1030 3573 optimos
1043 3518 1100 3556 aaa
1112 3502 1251 3556 mendosos
1268 3501 1326 3574 plus
1341 3501 1422 3556 semel

182 3569 242 3624 dem
258 3587 362 3625 causam
381 3571 477 3625 nubam
494 3572 579 3626 video.
614 3571 643 3626 Si
657 3571 783 3642 syllabam
816 3570 974 3626 notavimus.
1009 3570 1086 3624 Sicut
1102 3569 1155 3624 iam
1172 3571 1201 3624 s'a
1219 3589 1306 3625 amore
1322 3588 1371 3641 pro
1389 3587 1421 3624 eo

183 3653 245 3691 coe
267 3654 422 3708 praegressa
443 3657 507 3694 roca
529 3643 572 3694 cas'
594 3649 682 3694 annm
703 3648 782 3710 puta·
817 3639 889 3710 quod
914 3656 1006 3693 vesum
1032 3647 1074 3693 est
1104 3641 1133 3692 s'a
1158 3656 1272 3694 amarem
1298 3639 1377 3692 Bcrm
1396 3640 1422 3694 A

182 3722 253 3772 mua,
279 3705 414 3760 invenitur
435 3707 469 3760 ali
487 3725 522 3761 ua
541 3708 610 3762 ratio
628 3725 681 3777 qus
697 3725 731 3762 ex
748 3725 781 3761 eo
818 3724 877 3761 cum
894 3707 952 3762 aliia
969 3707 1142 3762 deterioribus
1160 3705 1233 3760 Flor.
1247 3707 1323 3762 an
1339 3708 1421 3762 Bes'n.

183 3773 256 3844 qnod
273 3772 456 3836 estOxisrtea
470 3726 600 3842 brerae
618 3776 688 3830 istud
705 3793 784 3831 voca·
817 3775 841 3830 B
858 3783 939 3846 atqua
955 3775 1018 3830 edit
1036 3794 1076 3846 pr.
1094 3783 1123 3828 et
1138 3774 1244 3829 Aldina

182 3840 273 3896 bulum
290 3841 347 3896 fieri
364 3843 493 3912 potnerit,
511 3861 572 3898 nam
582 3845 654 3914 quod
666 3845 784 3915 aspirata
852 3850 874 3911 §.
891 3851 933 3898 so.
966 3860 1049 3912 penses
1067 3845 1123 3924 ipse
1141 3845 1288 3915 deduceret]
1324 3843 1421 3898 Iisdem

182 3908 273 3964 addita
289 3918 345 3977 ast,
368 3911 466 3965 nemini
486 3912 514 3966 in
531 3911 664 3968 aeditibus
680 3911 783 3966 Latinis
816 3911 905 3965 verbis
926 3911 1012 3964 utitur
1040 3928 1088 3964 scu
1109 3918 1153 3965 tor
1175 3926 1215 3979 Π,
1231 3918 1264 3966 28
1285 3912 1330 3966 fin.
1366 3912 1421 3968 Sed

181 3977 276 4034 mirum
292 3977 433 4033 videbitur.
818 3983 921 4034 dacem
937 3979 1009 4033 Flos.
1028 3978 1077 4032 DF
1103 3978 1118 4033 Ι
1135 3979 1193 4034 Psl
1208 3988 1232 4045 1,
1254 3989 1348 4036 eontra
1365 3983 1420 4052 ipsse

215 4052 240 4111 ,t
258 4055 299 4103 28.
334 4048 446 4102 Rornae
466 4049 580 4120 nomiae]
615 4047 689 4102 Leid.
711 4046 783 4101 Flor.
818 4047 948 4102 amittunt
964 4045 1036 4112 Flor.
1046 4047 1097 4102 ΕΗ
1114 4048 1195 4102 Bern.
1206 4049 1240 4102 B.

180 4116 231 4172 AB
248 4134 370 4184 roaaeae,
388 4117 469 4171 Bern.
487 4121 512 4170 A
530 4118 607 4172 Voss.
625 4125 638 4171 1
657 4133 783 4183 rouaaue,
851 4117 1045 4170 arbitrarentur
1061 4118 1112 4188 ita]
1139 4119 1339 4172 Arbitrarentur
1356 4117 1421 4172 Aldi

182 4185 251 4240 Flos.
269 4186 292 4240 F
309 4203 412 4250 ratane,
435 4186 505 4240 llos.
524 4184 551 4242 G
567 4203 698 4240 rosaaaae
721 4186 747 4238 h.
765 4185 783 4238 l.
817 4193 872 4252 est,
900 4201 961 4238 nsrn
977 4183 1100 4257 princeps
1117 4187 1300 4240 arbitraretur.
1336 4185 1420 4240 coda.

181 4255 312 4320 mendose,
335 4271 396 4308 nam
417 4255 498 4325 paulo
519 4262 579 4326 post
596 4271 649 4310 non
666 4261 783 4333 peccam.
816 4253 934 4321 remant,
956 4253 1131 4376 nntipuiaaimi
1147 4253 1227 4308 Bern.
1242 4255 1268 4308 Δ
1284 4253 1355 4309 Flor.
1370 4255 1420 4308 AB

182 4321 316 4378 Diodorus
332 4321 456 4392 Ῥοξάνη,
474 4323 632 4379 Plutarchus
650 4331 680 4378 et
692 4324 784 4376 Arna-
817 4323 918 4377 Vocat
937 4339 997 4376 cum
1038 4321 1086 4377 lor.
1100 4320 1169 4377 DGI
1185 4323 1354 4388 arbitrentur,
1373 4324 1421 4376 sed

183 4408 232 4444 nus
248 4390 378 4457 Ῥωξάνη.
667 4443 669 4450 ,
817 4399 952 4462 praestare
977 4399 1067 4445 tamen
1092 4391 1127 4444 ad
1153 4399 1272 4445 tenorem
1303 4391 1421 4462 reliquae

217 4463 240 4524 s.
262 4465 304 4514 24.
341 4477 393 4514 aaa
422 4461 488 4516 satia
519 4470 597 4516 cauta
623 4461 783 4529 mortalitas]
818 4459 943 4514 orationis
960 4458 1067 4514 videtur
1083 4458 1274 4530 imperfectum
1301 4459 1355 4513 Sed
1372 4462 1419 4525 s'ta,

184 4525 225 4582 (ll.
244 4527 278 4582 ad
295 4542 325 4595 V,
344 4535 386 4597 ta,
402 4537 441 4584 17.
817 4527 890 4600 quod
907 4527 1035 4600 sequitur,
1052 4527 1194 4582 molestum
1211 4526 1262 4582 fuit
1277 4535 1306 4582 et
1323 4526 1381 4582 aliis
1392 4533 1421 4582 et
