3268 5286
546 367 596 418 nn
623 366 749 420 essars
775 365 884 420 snex.
910 368 973 438 vu,
992 365 1036 422 se.
1324 353 1398 424 343

112 571 145 620 re
163 563 230 642 tos,
257 553 318 649 qui
343 553 603 650 pollicerentur,
629 561 774 652 gentem
798 551 974 651 imperata
997 554 1182 630 facturam.
1234 554 1420 632 Moverat.

164 689 225 738 eos
256 665 351 762 regis
377 690 450 738 non
481 665 596 756 virtus
628 665 759 764 magis,
803 690 911 761 quarn
945 666 1132 740 clementia
1165 665 1202 739 in
1236 667 1398 744 devictos

163 772 335 874 Scythas:
375 778 505 876 quippe
532 773 693 876 captivos
720 802 843 850 omnes
871 778 946 851 sine
978 778 1094 876 pretio
1119 778 1319 871 remiserat,
1359 791 1400 854 ut

163 885 271 960 fidem
295 887 438 980 faceret,
471 890 538 964 sibi
565 913 646 992 cum
671 888 895 962 ferocissimis
921 889 1082 987 gentium
1109 889 1153 962 de
1179 890 1397 982 fortitudine,
1448 903 1449 908 ’

112 1015 144 1064 ro
161 1023 236 1072 non
262 997 307 1071 de
332 999 387 1073 ira
410 1001 519 1076 fuisse
547 1011 737 1074 certamen.
788 998 948 1098 Benigne
973 1000 1081 1098 igitur
1107 1003 1266 1100 exceptis
1294 998 1398 1078 Saca-

161 1133 242 1182 rum
275 1109 420 1208 legatiS,
463 1113 630 1186 comitem
660 1109 862 1210 Excipinon
894 1111 1010 1201 dedit,
1054 1111 1173 1188 adhuc
1204 1112 1398 1188 admodum

162 1221 328 1298 iuvenem
355 1224 483 1298 aetatis
508 1224 596 1298 flore
623 1224 850 1297 conciliatum
876 1224 958 1314 sibi,
985 1225 1046 1323 qui
1072 1249 1153 1296 cum
1178 1225 1295 1323 specie
1322 1250 1397 1297 cor·

162 1334 258 1430 poris
290 1345 461 1433 aequaret
484 1335 806 1434 Hephaestionem,
841 1335 874 1408 ei
904 1335 1026 1433 lepore
1057 1336 1156 1409 haud
1188 1361 1274 1410 sane
1305 1337 1397 1410 virili

110 1464 145 1512 20
162 1470 228 1543 par
252 1472 326 1520 non
353 1456 439 1520 erat.
491 1446 589 1546 Ipse,
627 1444 775 1520 Cratero
807 1472 888 1520 cum
919 1446 1053 1521 maiore
1083 1457 1187 1546 parte
1219 1447 1397 1522 exercitus

99 1615 104 1624 .
162 1553 309 1630 modicis
335 1557 520 1632 itineribus
554 1559 653 1656 sequi
686 1558 801 1650 iusso,
838 1557 886 1631 ad
910 1556 1128 1632 Maracanda
1158 1561 1284 1634 urbem
1316 1584 1397 1632 con·

161 1667 286 1760 tendit,
320 1693 366 1742 ex
393 1693 464 1766 qua
490 1667 723 1769 Spitamenes,
754 1678 938 1768 comperto
964 1670 1039 1744 eius
1065 1671 1235 1764 adventu,
1266 1670 1398 1744 Bactra

109 1801 140 1848 rr
161 1781 376 1880 perfugerat.
428 1779 553 1880 Itaque
581 1781 770 1882 quatriduo
801 1805 867 1855 rex
901 1782 1048 1880 longum
1080 1783 1215 1857 itineris
1241 1785 1397 1883 spatium

161 1915 336 1984 emensus,
362 1905 576 1991 pervenerat
596 1895 633 1968 in
650 1919 733 1970 eum
748 1894 876 1982 locum,
903 1893 1039 1991 inquo,
1065 1892 1276 1970 Menedemo
1294 1895 1395 1986 duce,

161 2004 308 2078 nmilia
333 2003 494 2103 pediturn
521 2017 558 2080 et
584 2027 654 2080 ccc
681 2005 817 2102 equites
845 2004 1021 2078 amiserat.
1065 2005 1205 2079 Horum
1231 2029 1315 2080 ossa
1340 2015 1394 2077 tu·

108 2133 141 2182 22
160 2115 257 2188 mulo
289 2117 430 2215 contegi
467 2118 585 2208 iussit,
623 2127 660 2190 et
695 2115 838 2188 inferias
873 2140 972 2192 more
1009 2117 1126 2216 patrio
1159 2115 1266 2190 dedit
1319 2116 1396 2191 Iam
1475 2157 1478 2162 ·

161 2224 344 2320 Craterus,
385 2253 467 2302 cum
498 2231 676 2328 phalange
708 2227 877 2324 subsequi
906 2227 1040 2320 iussus,
1080 2227 1127 2302 ad
1161 2253 1281 2328 regem
1317 2253 1394 2328 per·

158 2435 222 2496 torn,
240 2428 301 2484 vide
318 2448 397 2502 supra
414 2432 448 2486 od
465 2449 486 2486 c.
499 2436 541 2496 29,
560 2438 585 2486 2.
612 2431 696 2484 Sacae
714 2446 760 2482 au·
794 2427 884 2497 stioui,
903 2447 956 2502 quo
968 2429 1096 2504 imprimis
1105 2429 1258 2486 Alexandro
1267 2427 1395 2502 placebat,

158 2504 213 2550 tarn
233 2498 332 2568 primus
353 2508 425 2554 reete
446 2499 553 2572 scripsit
574 2498 676 2566 Iunius,
701 2515 760 2552 curn
794 2505 825 2550 ut
850 2513 938 2552 amare
963 2499 1043 2562 etiam
1069 2517 1123 2554 uon
1152 2495 1261 2570 diligere
1291 2504 1396 2551 tautum

158 2564 186 2619 iu
208 2566 343 2621 audicione
363 2576 391 2622 et
408 2569 451 2623 hic
468 2576 577 2639 etpost
594 2586 610 2622 a
628 2567 760 2638 pellentur
793 2565 936 2622 videretur.

158 2635 255 2704 Soyoe.
291 2636 368 2691 Haec
384 2655 449 2707 gens
468 2654 496 2691 se
519 2587 697 2708 pollicelnrtur
713 2638 759 2688 im·
828 2638 852 2704 5.
866 2642 908 2690 20.
944 2637 982 2690 ad
1005 2637 1110 2690 Meroe.
1138 2638 1225 2690 arbem
1256 2635 1394 2701 contendit,

153 2704 405 2773 praenotarem,
439 2707 510 2760 Nam
527 2705 564 2760 sic
580 2721 671 2760 omues
688 2703 759 2758 codi-
793 2720 825 2757 ex
842 2705 906 2776 qno]
942 2704 1038 2759 Editur
1059 2705 1146 2758 adbuc
1163 2707 1200 2758 od
1216 2704 1290 2757 Mor.
1307 2704 1396 2755 orbem

157 2787 200 2826 oss
222 2781 295 2828 recte
322 2791 408 2855 usqne
435 2774 522 2828 solent
548 2775 626 2828 aliter
651 2781 759 2826 veteres
789 2777 915 2841 pervenit,
934 2791 965 2826 ex
983 2791 1049 2843 qno,
1073 2774 1119 2826 scd
1136 2771 1163 2825 in
1180 2772 1302 2826 omnibus
1319 2771 1395 2824 codd.

157 2840 241 2962 loqui3
273 2841 354 2896 miror
379 2843 461 2914 rgitur
486 2844 557 2897 unde
582 2843 610 2896 in
636 2841 759 2912 vulgares
793 2847 822 2893 et
840 2840 903 2894 olim
926 2840 1027 2895 collatis
1049 2849 1078 2894 et
1094 2859 1111 2894 a
1128 2859 1171 2894 me
1189 2839 1314 2894 adhibitis
1335 2855 1397 2891 ver·

157 2910 190 2962 ed
210 2910 340 2964 .venerit
356 2916 484 2966 mandato
496 2907 642 2982 sucturum.
793 2909 858 2962 bum
882 2911 1000 2979 pervenit
1031 2908 1209 2976 desideratur,
1241 2907 1291 2961 nisi
1322 2909 1395 3028 quod

794 2977 886 3031 eodem
903 2977 962 3031 loco
980 2977 1053 3031 Flos.
1070 2978 1094 3032 E
1117 2980 1259 3042 contendit,
1278 2983 1307 3029 et
1347 2975 1394 3029 lor.

795 3044 821 3098 G
836 3045 864 3098 in
881 3045 934 3098 tino
950 3047 1120 3116 persuperot,
1143 3049 1270 3099 contendit
1287 3045 1394 3098 babent.

793 3113 864 3167 Illud
894 3131 965 3168 nunc
993 3115 1088 3184 recepi.
1133 3114 1231 3168 Mirum
1261 3112 1342 3168 etiarn
1367 3111 1394 3166 iu

794 3181 915 3236 omnibus
942 3182 1016 3236 libris
1041 3201 1101 3236 mss.
1122 3184 1260 3237 inventum
1284 3197 1341 3234 esse
1367 3183 1395 3234 in

794 3249 1395 3390 taracinensis

793 3389 874 3472 vulgo
891 3399 933 3443 est
949 3340 1060 3459 eoquod,
1076 3408 1126 3461 pro
1144 3407 1196 3461 quo
1214 3407 1261 3444 nos
1279 3387 1395 3442 omnium

793 3459 912 3514 codicum
941 3458 1013 3512 iussu
1045 3469 1173 3530 comperto
1206 3455 1396 3512 substituimus.

794 3527 848 3582 Sed
856 3528 967 3596 Bactra,
987 3546 1039 3597 quo
1048 3529 1213 3599 Spitamenes
1225 3526 1323 3597 fugisse
1340 3533 1395 3578 tra·

794 3597 879 3664 ditur,
906 3615 958 3650 nou
980 3605 1090 3666 possunt
1110 3613 1167 3650 esse
1188 3595 1287 3649 iliacis
1305 3594 1394 3648 Oxum

192 3665 277 3715 adbuc
294 3665 433 3718 adoneum
449 3668 574 3736 invenan]
599 3667 690 3722 Adiaei
717 3684 759 3720 ar·
794 3666 858 3732 sits,
886 3667 934 3718 sed
955 3666 1079 3720 ridentur
1101 3681 1158 3719 esse
1174 3664 1202 3717 in
1218 3666 1310 3718 eadem
1327 3663 1395 3734 Sog-

157 3729 263 3809 ticulam
286 3733 383 3799 adduc,
406 3734 530 3802 quoniam
547 3743 623 3788 extat
640 3735 668 3788 in
685 3685 758 3788 diris
792 3734 871 3786 disne
887 3733 921 3785 sd
938 3732 1086 3787 inferior-cm
1099 3731 1289 3802 Polytimetum
1306 3731 1394 3798 titisse,

157 3807 231 3852 mstis
243 3797 372 3865 omnibus,
390 3817 440 3854 neo
453 3801 559 3870 indigua
573 3811 615 3856 est
628 3803 687 3858 loeo
701 3821 757 3856 suo.
792 3803 828 3855 τὰ
846 3798 976 3866 βασίλεια
996 3807 1045 3866 τῆ»Ι
1063 3798 1238 3880 Σογδιανῆς,
1284 3817 1319 3854 uo
1341 3799 1394 3853 iam

158 3868 228 3920 Turn
241 3867 300 3921 edd.
318 3866 448 3938 principes
466 3877 495 3922 et
511 3869 613 3924 codices
630 3882 655 3924 ct
672 3873 758 3940 tepore
793 3875 872 3922 antea
901 3868 1037 3922 misse
1062 3867 1241 3938 Sprtemeuem
1293 3868 1394 3923 nimus

98 3963 100 3966 ¹
156 3939 230 3992 baud
244 3953 296 3989 non
313 3953 378 3990 tant
395 3939 465 3990 virili
476 3955 533 4008 per
550 3957 601 3991 non
619 3949 688 4005 crttt,·
710 3937 758 3991 Al·
792 3953 832 4001 lv,
851 3944 876 4002 b,
894 3944 911 3988 4
929 3935 1047 3990 tradidit.
1077 3938 1240 4010 Τρυβιίκτρα
1258 3939 1350 3991 urbem
1366 3937 1393 3990 in

157 4007 206 4060 dus
223 4005 322 4077 primm
340 4015 363 4058 ct
385 4004 474 4072 eiecit,
500 4007 572 4086 quod
594 4007 670 4060 abest
695 4006 758 4060 item
793 4005 928 4074 Sogdiaua
936 4015 1121 4060 commemorat
1129 4006 1395 4076 Ptolemaeusquam

156 4074 303 4129 eFlor.C.
339 4073 438 4128 Postea
455 4074 522 4128 quu
540 4075 651 4130 audacia
666 4075 758 4146 vulgo·
793 4075 884 4128 urbem
905 4075 1016 4128 eandem
1038 4091 1095 4128 esse
1117 4093 1177 4130 cum
1197 4075 1272 4156 regie
1287 4073 1393 4129 Arriani

156 4143 192 4198 ris
217 4143 297 4198 lectio
320 4143 357 4198 sic
382 4143 527 4198 constituta
553 4152 611 4211 est,
637 4153 668 4198 ut
691 4152 761 4198 esset
794 4153 823 4197 et
840 4160 899 4197 cum
916 4143 1019 4198 Bactris
1037 4143 1090 4198 bl.
1108 4145 1270 4214 Droysemus
1288 4143 1315 4197 in
1333 4142 1394 4196 hist.

157 4215 242 4293 lepore
259 4215 331 4266 nond
347 4231 412 4267 eone
430 4215 469 4266 illi
481 4231 538 4283 por
554 4224 619 4268 crat.
646 4212 760 4267 senten·
794 4213 871 4266 Alex.
889 4231 915 4284 p.
925 4217 975 4268 823
994 4212 1096 4266 statuit.
1131 4214 1198 4268 Eam
1212 4229 1310 4284 quaere
1326 4211 1395 4265 ciros

156 4290 265 4362 tranen
282 4280 395 4363 multum
408 4281 548 4362 discrepat,
566 4283 612 4336 sed
630 4281 759 4362 nihilinr-
793 4281 924 4351 Bolrbsro,
940 4299 1010 4364 quae
1027 4282 1106 4336 hodie
1122 4281 1279 4423 appellatqr.

156 4351 510 4486 ldddindudrldtldudoddndd
520 4368 675 4491 odedlgedldd.
690 4361 759 4474 erqpt
792 4348 1394 4490 lssndeltmmmeddlmfoqwudnmnddddddmadrdid:

158 4503 247 4558 porern
260 4487 330 4541 haud
344 4488 516 4544 sanevirilem
530 4489 623 4544 tribuit
633 4489 757 4562 Hephae·
793 4507 841 4544 nus
858 4488 968 4544 tradidit
985 4503 1025 4556 tv,
1044 4495 1068 4542 5.

192 3015 266 3082 §.lta
301 3013 460 3084 Eectpinon]
487 3013 576 3083 Vulgo
593 3013 758 3092 E'trcqoinam,

157 3083 203 3134 sed
220 3081 338 3154 plerique
355 3084 429 3137 codd.
448 3085 533 3152 excipit
550 3099 617 3148 non,
640 3079 758 3134 nonnullr

156 3149 236 3202 etiam
254 3154 341 3221 accepi
358 3169 418 3216 non,
437 3169 496 3204 exce
516 3153 547 3204 tis
562 3169 623 3216 non,
641 3148 759 3220 quicon·

157 3217 263 3272 iunctim
281 3219 399 3274 scribunt
408 3219 479 3274 Flor.
489 3169 530 3272 dI
540 3220 673 3289 cstipt'ncn,
687 3217 761 3274 Flor.

156 3287 334 3360 Fescqot'ncn,
354 3287 380 3342 G
397 3291 454 3342 cord
472 3291 515 3342 ion
533 3287 677 3358 appellem.
697 3285 760 3341 Non

155 3357 235 3410 credo
256 3373 291 3410 ue
313 3374 383 3411 nunc
399 3308 504 3430 quidem
526 3373 618 3410 vorum
638 3353 691 3428 legi
712 3375 760 3409 uo-

156 3439 225 3486 men,
244 3426 337 3479 sedda
354 3426 540 3481 terminatione
558 3434 629 3479 certe
645 3430 759 3480 constat.

156 3493 188 3546 lu
206 3492 308 3548 Graeco
325 3495 432 3549 nomine
451 3512 594 3550 concursus
618 3494 760 3549 latinarum

155 3561 304 3614 litterarum
323 3561 368 3616 ecc
385 3563 449 3617 ferri
467 3563 565 3635 nequit.
