3268 5286
255 345 328 418 322
723 368 756 431 c.
784 367 908 420 cuarn
935 371 1020 422 num

248 541 396 622 fiatreni
421 547 545 640 Darei,
581 571 686 646 quem
711 551 805 624 inter
829 554 988 649 corporis
1015 553 1183 628 custodes
1209 553 1381 648 habebat,
1407 581 1490 655 pro·

247 659 328 758 pius
355 659 458 734 iussit
483 658 670 752 accedere,
700 661 864 760 tradique
889 662 1041 738 Bessum
1066 665 1117 757 ei,
1153 677 1194 739 ut
1220 665 1315 738 cruci
1340 667 1490 742 affixum

249 771 421 846 mutilatis
460 772 605 846 auribus
645 773 862 871 naribusque
900 776 1039 872 sagittis
1082 777 1302 876 configerent
1335 777 1489 872 barbari,

248 893 544 981 asservarentque
584 906 732 982 corpus,
774 894 816 960 ut
848 910 895 958 ne
926 911 1012 959 eves
1045 885 1188 984 quidem
1230 888 1487 986 contingerent

249 989 432 1068 Oxathres
464 1005 583 1068 cetera
617 995 685 1069 sibi
720 1020 827 1070 curae
861 995 937 1070 fore
972 998 1177 1095 pollicetur:
1209 1017 1299 1072 'aves
1333 1025 1406 1074 non
1441 1003 1488 1076 ab
1508 1025 1542 1070 ιι

250 1105 330 1197 alio,
357 1131 465 1203 quam
491 1132 513 1179 a
540 1103 691 1198 Oetcne,
717 1131 823 1205 posse
849 1109 1029 1206 prohiberi
1053 1108 1189 1200 sd'dcit,
1217 1110 1383 1184 eximiam
1409 1114 1485 1186 eius
1618 1103 1619 1168 l

247 1229 361 1291 artem
387 1219 533 1318 cupiens
559 1217 766 1315 ostendere:
793 1243 946 1316 namque
973 1220 1064 1294 adeo
1091 1229 1190 1296 certo
1215 1220 1290 1292 ictu
1309 1220 1488 1298 destinate

245 1327 412 1420 feriebat,
440 1339 480 1402 ut
506 1353 592 1402 aves
619 1353 761 1426 quoque
786 1329 976 1427 exciperet
1028 1327 1120 1404 Nem
1147 1329 1177 1403 si
1202 1329 1353 1404 forsitan
1379 1335 1485 1432 sagit
1505 1356 1540 1403 ss
1618 1327 1619 1344 ¹

249 1437 351 1514 tandi
385 1451 460 1514 tam
491 1440 622 1514 celebri
655 1464 724 1514 usu
754 1440 871 1514 minus
905 1440 1121 1516 admirabilis
1158 1441 1272 1516 videri
1306 1468 1364 1518 ers
1397 1444 1487 1519 haec

247 1551 371 1650 possit,
397 1561 519 1626 tamen
531 1553 656 1650 ingens
669 1551 868 1626 visentibus
881 1552 1101 1644 miraculum,
1129 1577 1333 1652 magnoque
1358 1555 1484 1631 honori

247 1658 372 1736 Cateni
397 1663 474 1737 fuit.
512 1661 620 1738 Dona
630 1660 760 1737 deiude
779 1662 954 1756 omnibus,
981 1665 1042 1760 qui
1066 1663 1219 1738 Bessum
1244 1663 1481 1756 adduxerant,
1502 1687 1536 1734 ra

243 1771 330 1848 data
355 1785 448 1848 sunt.
490 1771 657 1848 Ceterum
683 1773 895 1874 supplicium
919 1775 995 1848 eius
1021 1774 1169 1867 distulit,
1194 1785 1237 1848 ut
1262 1799 1305 1850 eo
1331 1777 1421 1868 loeo,
1446 1777 1483 1848 in

243 1911 315 1985 quo
340 1883 500 1959 Dareum
524 1885 601 1983 ipsc
628 1883 816 1976 occiderat,
841 1897 1039 1965 necaretur.

194 1997 242 2069 25
345 1993 487 2076 Interea
503 1993 729 2089 Macedones,
756 1996 1022 2095 adpetendum
1048 1997 1219 2097 pabulum
1245 1998 1536 2096 incompositum.

243 2107 383 2204 agmine
409 2108 559 2205 egressi,
594 2109 823 2200 abarbaris,
859 2109 919 2204 qui
945 2106 991 2182 de
1016 2109 1188 2206 proximis
1214 2109 1397 2182 montibus
1423 2107 1481 2184 de·

245 2227 448 2307 cmrerunt,
484 2219 752 2316 opprimuntur,
779 2219 970 2317 pluresque
996 2220 1091 2317 capti
1117 2231 1202 2292 sunt
1227 2244 1334 2317 quam
1360 2220 1481 2294 occisi:

245 2327 388 2400 barbari
414 2337 545 2418 autem,
572 2329 733 2425 captivos
759 2353 845 2425 prae
872 2353 912 2402 se
937 2340 1096 2427 agentes,
1121 2355 1245 2407 rursus
1262 2332 1308 2404 'in
1321 2341 1516 2406 montema

243 2447 476 2511 recesserunt
528 2463 582 2510 xx
607 2439 703 2510 milia
729 2439 907 2512 latronum
941 2451 1052 2514 erant
1104 2439 1239 2514 Fundis
1270 2441 1480 2540 sagittisque

244 2572 402 2646 pugnam
428 2547 613 2620 invadunt
667 2545 765 2636 Quos
792 2548 879 2622 dum
905 2549 1047 2625 obsidet
1072 2577 1148 2642 reX,
1174 2552 1267 2625 inter
1291 2553 1516 2650 promptis-a

242 2657 351 2730 simos
378 2655 548 2732 dimicans
575 2657 707 2757 sagitta
731 2660 822 2733 ictus
850 2670 921 2750 est,
957 2663 1110 2758 quaein
1136 2660 1253 2736 medio
1280 2687 1384 2736 crure
1409 2663 1483 2735 fixa

240 2769 433 2866 reliquerat
464 2769 648 2868 spiculum.
701 2767 805 2844 Illum
837 2768 981 2867 quidem
1011 2771 1139 2848 maesti
1169 2782 1207 2846 et
1238 2774 1382 2847 attoniti
1408 2770 1521 2846 Mas

239 2977 319 3034 usur.
353 2977 525 3036 Recentiorss
546 2977 608 3033 inde
630 2995 647 3033 a
670 2977 762 3034 Modio
785 2979 840 3034 edi-
875 2978 985 3048 destur,
1021 2990 1074 3034 tum
1106 2981 1199 3053 ingens
1229 2981 1382 3038 miraculum
1411 2991 1477 3037 eret.

237 3045 323 3101 tiones
348 3057 376 3102 ot
401 3048 556 3102 maluerant
595 3046 666 3101 Vide
696 3065 775 3118 supra
804 3049 839 3101 ad
874 3048 976 3102 Verum
998 3047 1102 3104 celeber
1122 3049 1268 3120 sagittandi
1290 3069 1351 3106 usus
1373 3052 1408 3106 sd
1424 3052 1476 3105 Ba·

238 3123 312 3182 c.22‚
330 3122 372 3170 24.
408 3115 479 3170 Tum
489 3117 622 3170 Ooeatbrcn
639 3115 728 3187 scripsi
738 3115 841 3170 Graeca
875 3116 989 3172 ctrisnos
1013 3127 1041 3170 et
1062 3117 1120 3172 illas
1142 3127 1235 3189 gentes
1251 3118 1377 3174 barbaras
1427 3120 1476 3174 rti-

237 3183 429 3250 terminatione,
449 3183 511 3254 quis
527 3183 608 3238 suar.
625 3183 654 3238 in
670 3184 744 3238 Lcid.
762 3184 838 3240 Voss.
874 3193 929 3252 net,
947 3201 1015 3265 quse
1032 3203 1094 3240 arcu
1110 3185 1275 3256 potissimum
1291 3188 1332 3242 uti
1346 3188 1400 3242 sole
1434 3195 1474 3254 nt,

239 3251 363 3372 lompputi
380 3259 422 3306 est
438 3251 555 3373 inBtdn'l
564 3254 633 3332 A'ct
646 3252 729 3374 1Ριιπιιθε
740 3250 840 3374 tpgbust)i
873 3251 971 3374 &inpio
991 3253 1158 3376 Romaniquel
1180 3254 1259 3376 istarp
1284 3263 1369 3376 prtem
1393 3256 1474 3337 sugit

236 3336 838 3469 .5r.c.er.¹¹s..neutaa..
873 3389 899 3442 1..
913 3389 931 3442 1.
948 3339 1260 3472 ermerus.
1277 3333 1476 3462 ,uera

236 3461 353 3576 ab?
374 3457 840 3578 ttu‘ttttttltttt
874 3457 1022 3580 liiii
1035 3476 1090 3582 ’ἓξ
1104 3460 1476 3583 dtttttttuuttt

236 3563 329 3644 tomen·
347 3608 401 3644 non
426 3608 486 3644 raro
510 3609 559 3662 pro
581 3593 630 3645 etsi
651 3541 842 3661 poni,(lexica
873 3593 913 3667 dit
928 3540 1240 3650 Aldusl’ex'conielsura
1332 3597 1474 3664 verissime,

235 3657 341 3713 docent.
376 3657 418 3713 Cf.
436 3658 537 3729 Nepet.
555 3659 636 3713 Phoc.
653 3677 675 3714 c
689 3668 712 3726 l,
731 3658 787 3714 Cic.
805 3661 839 3713 de
872 3678 933 3716 nam
950 3662 979 3714 in
996 3663 1071 3717 codd.
1084 3666 1251 3733 cstsoyitris.
1287 3665 1410 3746 Denique
1427 3683 1474 3718 ors

236 3726 289 3780 Off.
299 3741 343 3794 111,
362 3744 384 3780 c.
399 3734 415 3780 8
432 3736 501 3781 extr.
535 3728 654 3782 Adiuvat
675 3727 756 3781 ctiam
772 3745 839 3782 non·
872 3731 935 3784 lucc
953 3747 1042 3786 omnes
1059 3731 1144 3785 nostri
1169 3740 1198 3785 et
1215 3733 1296 3786 Snak.
1314 3735 1417 3788 codices
1435 3733 1476 3786 in·

235 3793 299 3848 nihil
309 3794 459 3864 appositum
467 3795 532 3849 illud
541 3799 675 3866 forsitan,
692 3795 760 3850 sicut
768 3796 838 3867 apud
871 3815 948 3852 verso
962 3799 1101 3854 verborum
1116 3800 1218 3868 ordine,
1235 3801 1280 3872 qui
1293 3801 1375 3855 estin
1388 3801 1473 3855 editis

236 3860 291 3918 Cic.
309 3863 343 3916 cd
355 3865 453 3931 Attt’,
469 3872 488 3944 Ι4
505 3866 573 3918 iam.-
594 3883 663 3946 nanc
680 3866 706 3918 si
722 3867 776 3946 iarn
794 3883 837 3919 res
906 3865 1025 3936 Capti»,
1041 3869 1098 3948 §.¹2
1119 3886 1240 3949 prquam
1253 3872 1475 3950 urcadmttjrotn·

232 3931 357 3999 placeat,
377 3934 473 4000 ayendr
490 3941 576 4010 tamen
593 3951 662 3988 urom
679 3949 732 3985 non
749 3935 837 4000 videa·
870 3934 1026 4008 τικώτερον
1051 3935 1153 3990 dictum
1174 3955 1199 4007 p.
1225 3945 1317 3990 meunt
1343 3955 1364 3991 s.
1386 3955 1474 4026 ingre-

234 4007 266 4052 ut
282 4014 388 4053 neccsse
405 4016 458 4052 non
476 4008 511 4053 sit
528 4015 589 4053 cum
597 4000 675 4054 Iunio
689 4009 717 4052 et
730 4000 836 4071 reliquis
870 4001 988 4068 utuntur,
1006 4002 1075 4057 sicut
1091 4003 1171 4058 ctiam
1187 4007 1315 4059 urvcdrmt
1331 4007 1401 4060 loom
1423 4006 1474 4059 Γα-

234 4069 284 4120 ctsi
305 4067 442 4136 corrigere.
478 4067 533 4188 Sept
559 4079 644 4122 tomen
670 4084 728 4122 cem
753 4067 837 4139 ipsam
870 4069 1087 4151 citmavulgsri'
1095 4081 1271 4152 murcinctus
1284 4073 1356 4128 dicit
1379 4073 1474 4154 Neque

231 4135 835 4285 ..squ
869 4139 1267 4278 ...le
1287 4142 1475 4277 suaa

231 4269 271 4324 ΕΙ
288 4285 344 4323 erus
361 4270 419 4326 loco
432 4271 646 4325 tumcxhrbeant.
681 4270 771 4326 Possit
788 4272 835 4326 elr-
868 4277 967 4328 uadunt
976 4275 1091 4330 Martem
1106 4279 1195 4346 clipeis
1208 4287 1286 4348 atquc
1299 4295 1472 4345 ocresormro,

233 4338 291 4408 quis
302 4337 412 4408 opinari,
431 4337 553 4394 Curtium
570 4340 621 4393 hoc
636 4339 691 4393 iere
708 4339 832 4395 voluisse:
868 4343 914 4396 sed
931 4351 962 4396 ut
980 4343 1050 4398 idem
1067 4349 1148 4415 poe'ts
1165 4345 1232 4399 Aen.
1250 4352 1276 4412 ³,
1294 4352 1344 4400 ³82
1363 4349 1472 4414 vicinos,

231 4406 282 4460 etsi
303 4425 373 4462 nuuc
394 4407 500 4478 quidem
521 4407 549 4460 in
565 4415 620 4461 tum
639 4407 735 4462 celebri
752 4408 834 4480 sagit
868 4412 970 4490 poure,
983 4429 1071 4480 purae
1090 4415 1213 4468 invaders
1225 4423 1320 4484 portus
1338 4414 1406 4469 dixit
1424 4431 1472 4486 pro

231 4473 307 4530 tandi
323 4492 372 4530 usu
389 4475 473 4530 minus
490 4475 650 4532 admirabilis
672 4475 718 4530 ille
735 4494 776 4532 ars
794 4476 833 4530 vi·
868 4490 977 4534 intrare.
