3072 5300
568 359 765 413 mmmm.
1209 337 1282 410 559
1409 447 1412 456 Ι

110 551 146 623 S.
171 547 228 606 38.
262 546 420 626 amomum]
445 547 570 605 minure
594 547 687 606 solent
712 548 798 605 etium
823 545 939 624 optimi,
970 548 1100 604 extimare
1125 543 1206 603 Flor.
1225 543 1283 603 EG

9 643 113 697 idm.
137 635 174 693 Β
198 633 288 696 Voss.
308 634 338 696 2.
373 631 561 712 diynietimoo]
578 634 675 708 diynoo
696 633 776 692 Flor.
794 630 835 694 G.

575 845 689 906 Liber
720 846 761 904 V.

115 973 208 1052 Cap.
228 977 262 1054 1,
287 977 313 1051 S.
333 976 363 1034 2.
399 974 513 1051 Arbele]
537 973 668 1033 Arbelnm
685 975 742 1034 fere
758 973 838 1044 hem,
863 973 920 1034 nisi
936 974 1012 1050 quod
1029 973 1180 1032 Hurbelam
1197 973 1283 1032 Bern.

10 1068 34 1124 3
60 1061 412 1136 Flor.l⁴¹1,berbolam
436 1063 515 1123 Flor.
534 1061 579 1135 E,
605 1061 731 1120 Harbola
747 1059 828 1120 Flor.
847 1059 887 1118 A.
921 1058 1026 1118 Arbela
1043 1060 1236 1119 videturesse
1253 1059 1283 1116 in

9 1153 119 1210 Bern-
142 1148 195 1206 A.
1405 1207 1410 1218 ,

117 1233 150 1310 S.
175 1234 211 1292 3.
256 1231 371 1308 Arbela]
391 1233 543 1291 Herbulam
559 1232 639 1292 Flor.
658 1231 734 1292 AFI
751 1232 838 1290 Bern.
855 1231 897 1306 A,
913 1231 1052 1291 barlobam
1070 1232 1149 1291 Flor.
1167 1233 1205 1307 B,
1221 1231 1284 1290 bor·

9 1324 119 1381 belam
139 1319 231 1378 Flor.
250 1319 296 1394 Ε,
319 1319 440 1380 arbelam
461 1320 540 1380 Flor.
559 1317 653 1378 DGH
669 1318 756 1376 Bern.
771 1319 808 1392 B,
832 1317 962 1375 arbellam
978 1318 1058 1376 Flor.
1077 1315 1113 1376 Ο.
1150 1320 1284 1395 emnpule-

11 1409 84 1482 rat]
109 1406 285 1481 computo-m
301 1405 381 1463 Flor.
400 1405 431 1464 A
453 1405 541 1463 Bern.
559 1406 600 1479 A,
619 1407 796 1482 compleuerat
812 1403 892 1462 Flor.
911 1401 974 1462 CF.

122 1493 153 1566 S.
177 1492 211 1552 4.
257 1492 337 1564 meet]
357 1499 416 1548 orat
433 1491 512 1550 Flor.
526 1487 687 1549 ODEFHI
703 1490 792 1548 Bern.
810 1490 846 1547 B.
865 1492 994 1565 opimam]
1014 1491 1145 1566 optimam
1159 1490 1239 1550 Flor.
1252 1489 1282 1547 H

10 1579 125 1637 Bern.
139 1577 182 1634 B.
220 1577 291 1651 eino]
310 1575 401 1634 omiu.
419 1576 499 1635 Flor.
517 1575 622 1635 EFHI
639 1576 727 1634 Bern.
746 1576 783 1633 B.

119 1664 148 1736 S.
170 1663 205 1718 7.
242 1661 450 1738 dmpmationm]
466 1664 653 1739 desperatione
669 1662 756 1719 Bern.
776 1661 813 1720 B.
845 1661 999 1737 Babylona]
1016 1661 1179 1719 Babilonum
1196 1662 1283 1720 Bern.

19 1749 92 1808 AB
112 1747 204 1808 Flor.
224 1745 283 1805 AB
301 1756 330 1805 et
346 1747 404 1805 fere
423 1747 505 1807 Leia
522 1749 611 1808 Voss.
631 1750 659 1822 1,
677 1748 849 1806 babilloniam
865 1745 966 1822 reliqui
979 1747 1060 1805 Flor.
1077 1756 1106 1805 et
1123 1747 1191 1806 edit.
1210 1756 1282 1806 vett.

22 1833 260 1914 (Babyloniam)
277 1851 370 1910 usque
387 1834 424 1892 ad
440 1834 570 1893 Medium
589 1833 639 1910 qui
654 1833 764 1909 primus
782 1830 860 1890 dedit
876 1831 1053 1908 Babylonem.

126 1920 155 1992 S.
175 1919 207 1976 8.
243 1920 400 1994 reparasse]
420 1921 573 1996 reppemoeo
590 1919 670 1978 Flor.
689 1919 720 1976 H
739 1919 827 1976 Bern.
845 1917 881 1974 B.

127 2003 208 2080 Cep.
227 2004 257 2076 2,
275 2005 299 2077 S.
321 2004 371 2061 11.
398 2007 554 2080 fmilitate]
567 2007 699 2081 fatuitate
715 2005 795 2063 Flor.
814 2003 845 2062 H
862 2003 950 2064 Bern.
968 2005 1004 2062 B.

128 2092 158 2164 S.
181 2089 235 2148 13.
271 2105 304 2144 ao
321 2091 430 2165 mayno]
449 2107 468 2146 a
484 2107 581 2166 mayno
597 2090 680 2149 Laid.
698 2090 787 2150 Voss.
802 2092 816 2146 1
838 2098 867 2146 et
879 2107 978 2148 omnes
996 2090 1076 2148 Flor.
1088 2099 1201 2167 praeter
1211 2088 1284 2164 GH,

32 2185 63 2233 et
81 2193 187 2250 mayno
204 2173 281 2230 Mer.
301 2174 370 2231 Ald.
388 2173 455 2232 Iun.
481 2175 524 2253 (in
541 2195 634 2253 marg.
653 2175 684 2253 b)
709 2193 743 2235 ao
760 2193 857 2251 mayno
880 2175 1004 2250 primum
1021 2175 1101 2236 Mod.
1138 2177 1285 2235 duomilia

36 2270 65 2318 et
85 2261 252 2338 quinyontu]
271 2257 300 2324 Π
317 2267 343 2316 ot
360 2263 505 2336 quinyenta
521 2261 610 2320 Bern.
627 2263 657 2320 A
682 2262 761 2320 Flor.
781 2261 848 2333 AB,
873 2260 917 2317 H.
936 2271 961 2318 et
978 2264 1124 2338 qninymto
1145 2262 1225 2320 Flor.
1244 2260 1284 2335 Gr,

37 2355 73 2404 ut
92 2355 118 2402 et
136 2346 176 2402 L.
196 2344 276 2402 Flor.
295 2343 400 2403 EFHI
417 2345 505 2404 Bern.
522 2347 559 2421 B,
576 2349 631 2406 duo
649 2355 674 2405 ut
691 2349 891 2423 quinquaqinta
907 2347 987 2406 Flor.
1006 2346 1041 2422 C,
1058 2357 1089 2406 ut
1106 2358 1131 2405 et
1148 2349 1285 2423 qninqua-

38 2435 123 2506 qima
141 2430 223 2489 Flor.
242 2430 281 2488 D.
316 2435 416 2490 onomat
430 2433 507 2508 runt]
526 2451 632 2492 mmmm
648 2443 713 2493 mot
736 2433 823 2490 Bern.
842 2431 874 2490 A
898 2433 978 2492 Flor.
997 2433 1029 2492 A
1045 2434 1128 2492 Leid.
1146 2433 1236 2492 Voss.
1257 2434 1285 2506 1,

41 2519 130 2574 mmai
145 2525 211 2574 eunt
227 2515 306 2575 Flor.
323 2515 407 2575 ODE
425 2537 444 2576 e
461 2537 504 2596 pr.
521 2539 560 2578 m.
581 2519 635 2594 ΕΙ,
651 2521 729 2577 mieei
744 2526 809 2576 oum
824 2519 905 2576 Flor.
923 2520 955 2578 H
973 2521 1059 2578 Bern.
1071 2521 1109 2577 B.

136 2603 163 2676 S.
185 2601 235 2659 14.
282 2601 500 2679 Gordyaeorum]
529 2605 729 2664 Gordiaaoram
753 2603 833 2661 Leid.
855 2604 946 2664 Vens.
966 2609 980 2664 1
1007 2607 1095 2664 Bern.
1114 2605 1163 2680 A,
1185 2606 1285 2680 yordiu

47 2707 144 2746 eorum
160 2685 241 2746 Flor.
259 2687 327 2761 AB,
343 2691 554 2763 yordianeorum
571 2691 650 2750 Flor.
662 2689 722 2748 ΕΗ
740 2689 829 2748 Bern.
847 2688 885 2762 B,
900 2692 1017 2764 yordian
1035 2709 1136 2764 eorum,
1155 2691 1235 2772 Flor.
1249 2687 1286 2759 Ο,

12 2791 14 2801 “
47 2775 176 2849 yordiam
191 2791 283 2832 eorum
300 2773 380 2832 Flor.
400 2773 440 2848 G,
460 2777 657 2849 yordionorum
678 2775 758 2834 Flor.
778 2772 854 2832 DEI
876 2783 907 2832 ot
922 2775 1059 2835 editiones
1076 2785 1147 2833 vett.
1182 2775 1283 2847 uotiua]

53 2857 105 2916 sie
119 2857 206 2916 Bern.
224 2860 256 2918 A
273 2860 353 2918 Flor.
371 2859 484 2920 ABOE
500 2880 520 2919 a
535 2881 579 2938 pr.
596 2879 647 2934 m,
663 2864 768 2918 aromo
784 2859 896 2936 reliqui.
931 2864 1037 2936 coeunt]
1057 2879 1110 2936 quo
1123 2867 1188 2916 eunt
1204 2859 1286 2917 Leid.

15 2941 20 2974 ²
53 2944 144 3004 Veee.
161 2945 188 3018 1,
206 2953 322 3020 qaoount
338 2947 418 3005 Flor.
437 2946 479 3021 A,
497 2965 549 3022 quo
566 2950 641 3006 eunti
656 2946 744 3004 Bern.
761 2947 791 3004 A
809 2962 828 3003 e
844 2963 887 3022 pr.
905 2965 953 3020 m,
977 2947 1091 3006 oobeum
1108 2945 1188 3004 Flor.
1207 2941 1244 3002 0.

142 3031 167 3103 S.
187 3030 235 3088 15.
274 3033 426 3107 appellunt]
452 3042 549 3091 voonnt
565 3033 627 3091 edd.
646 3041 717 3092 vett.
741 3033 811 3090 Ald.
833 3030 900 3090 Iun.
934 3024 1108 3112 irnonpunt]
1127 3033 1289 3104 inrumpunt

19 3125 21 3148 ²
59 3115 145 3174 Bern.
162 3113 191 3173 A
207 3115 285 3175 Flor.
303 3119 335 3176 A
353 3115 479 3178 et'Leid.
495 3118 588 3178 Voee.
609 3121 635 3176 1.

144 3203 169 3275 S.
187 3199 234 3262 16.
267 3203 403 3278 Memini]
424 3201 645 3263 Sienoetrorum
663 3205 742 3264 eodd.
760 3203 841 3264 Flor.
856 3203 889 3262 A
905 3203 993 3262 Bern.
1008 3201 1049 3275 A,
1067 3201 1193 3258 memnim
1210 3198 1290 3257 Flor.

22 3289 26 3322 ¹
64 3285 110 3360 Gr,
134 3288 474 3363 nmiumFlor.BEH1,
502 3293 633 3348 moenium
656 3291 744 3349 Bem.
763 3289 804 3362 B,
833 3309 948 3348 mamam
970 3289 1050 3347 Flor.
1069 3285 1143 3358 DF,
1172 3284 1293 3342 mennini

64 3373 140 3431 Flor.
162 3369 194 3431 O.
226 3375 369 3432 anium
390 3376 458 3434 edit.
482 3395 525 3453 pr.
562 3377 713 3435 Monnium
729 3377 802 3435 Ald.
826 3375 892 3434 Iun.
929 3373 1048 3432 Mennim
1066 3371 1150 3430 Mod.
1169 3379 1200 3428 et
1217 3367 1291 3428 Sne·

28 3525 29 3530 1
66 3459 146 3518 kenb.
169 3458 214 3533 qui
230 3459 269 3517 eie
285 3460 315 3517 in
332 3459 408 3520 Meo.
426 3481 491 3521 eese
508 3463 610 3536 tradit,
638 3471 751 3540 praetor
767 3461 856 3521 Voss.
888 3461 906 3518 2
944 3461 1081 3517 Mannum
1099 3456 1293 3515 exhibentem.

27 3535 30 3578 ¹*
70 3545 155 3600 bitum.
173 3547 221 3600 vim
237 3547 358 3619 effundit]
377 3548 423 3606 bit.
436 3549 533 3624 fimdit
550 3552 603 3607 vim
620 3549 701 3607 Flor.
721 3547 806 3617 CHI,
824 3551 957 3622 inyemom
975 3546 1118 3602 bituminis
1131 3543 1229 3619 fundit
1246 3557 1295 3597 ur-

72 3645 123 3684 meo
138 3627 208 3684 Flor.
223 3627 313 3685 DEF.
340 3631 438 3704 fundit
455 3651 591 3690 urmmem
615 3644 732 3693 notetur
749 3653 786 3690 ex
803 3633 868 3690 Pel.
889 3633 917 3688 1.
952 3632 1088 3690 interlitos
1106 3630 1179 3702 osee]
1204 3627 1294 3684 interl.

31 3719 33 3754 l
87 3713 151 3768 niem
165 3711 236 3769 Mod.
250 3713 316 3773 edit.
1067 3753 1070 3760 .

70 3716 90 3789 s
154 3795 218 3873 Cep.
235 3799 268 3872 3,
299 3800 326 3873 S.
347 3799 397 3857 17.
437 3800 593 3877 Babylona]
620 3801 780 3878 babylonam
803 3803 890 3859 Bern.
910 3801 943 3858 A
967 3799 1050 3857 Flor.
1076 3799 1109 3857 A
1132 3795 1215 3856 Leid.
1250 3795 1298 3852 ba·

34 3887 36 3920 *
79 3885 196 3959 byllonum
211 3883 293 3942 Voss.
315 3887 348 3958 1,
373 3887 533 3944 babiloniam
551 3905 574 3945 e.
592 3888 765 3946 babilloniam
782 3886 885 3962 reliqui
902 3885 1015 3958 nostri,
1042 3892 1158 3960 praeter
1174 3881 1254 3948 Flor.
1271 3878 1297 3935 B

80 3969 125 4046 qui
140 3969 281 4045 babylonem,
298 3979 332 4028 ut
348 3971 437 4049 vulgo
453 3972 555 4030 editur.

158 4057 179 4128 S.
195 4057 236 4112 18.
274 4057 400 4133 iltuetm’o]
426 4060 551 4116 inlustris
574 4058 660 4116 Bern.
679 4057 710 4116 A
736 4057 816 4116 Flor.
833 4057 874 4116 A.
904 4059 1046 4134 famaque
1065 4057 1160 4130 etiam]
1174 4055 1303 4130 fameqtoe

84 4144 110 4199 in
126 4139 191 4199 Flor.
205 4141 236 4215 B,
244 4145 389 4217 famaeque
405 4147 485 4202 otiam
502 4143 581 4202 Flor.
599 4143 639 4204 G.

160 4228 239 4300 Sil.
268 4232 462 4304 equorumque]
482 4249 613 4305 equorum
635 4229 723 4287 Born.
742 4229 769 4285 B
787 4228 866 4286 Flor.
885 4225 1040 4286 DEFHI.
1077 4227 1167 4281 leones
1185 4219 1305 4295 quoque]

92 4315 206 4388 leonesque
219 4314 287 4371 Flor.
306 4311 374 4385 CH,
390 4317 531 4390 leonesque
549 4333 655 4390 quoque
673 4314 753 4372 Flor.
772 4313 839 4389 DF,
857 4317 948 4372 moneo
967 4321 995 4369 et
1014 4312 1107 4368 Bern.
1121 4307 1159 4365 B.

44 4401 47 4442 ’ν
163 4399 184 4470 S.
197 4399 238 4458 m.
265 4393 377 4483 deinde]
394 4402 457 4459 dein
475 4402 554 4460 Flor.
571 4401 639 4462 DF.

166 4480 225 4558 Cap.
240 4485 264 4558 4,
279 4487 305 4559 S.
324 4487 376 4544 24.
411 4489 541 4563 uetuotuo]
560 4495 690 4546 venustae
708 4485 798 4544 Voss.
817 4485 851 4559 2,
874 4483 1000 4542 additur
1019 4477 1102 4555 apud
1119 4469 1266 4531 Smkenb.
1286 4479 1321 4528 et
