3180 5286
632 370 828 422 noenum.
1274 351 1346 422 567

16 638 19 644 Δ
201 557 226 630 5.
249 557 278 660 3.
322 557 388 632 quin
410 555 479 616 ocra*
498 557 682 634 deferrentur]
709 558 779 632 quin]
799 558 937 618 deseretur
959 556 1047 616 Bem.
1067 555 1095 615 Β
1117 557 1196 616 Flor.
1214 555 1349 616 DEFHI

111 642 180 703 Pal.
200 642 419 801 &⁵⁵qu
432 730 521 804 matu]
544 727 670 786 Trana
685 729 771 788 Bam.
788 728 814 786 B
832 727 1144 790 Flor.DEFH1Pa1.
1165 731 1193 786 1.

201 817 226 889 5.
245 815 273 872 5.
307 812 451 892 immerito]
469 816 591 872 inmerito
609 814 697 874 Boon.
715 814 747 873 A
762 814 843 872 Flor.
861 811 967 872 AGH.
1001 816 1182 890 perspectam]
1198 816 1347 890 perfectam

12 959 17 994 s
113 899 206 962 Voss.
227 901 242 956 l
263 899 349 958 Bora.
366 901 398 960 A
415 901 494 959 Flor.
511 900 543 958 A
563 899 676 977 (omnes
692 900 724 958 in
741 908 831 973 textu,
849 901 900 958 sed
917 900 947 958 in
964 919 1056 978 marg.
1076 901 1259 978 perspectam)
1279 901 1348 958 item

12 1029 15 1084 A
112 982 302 1144 Flu-51&
318 1005 473 1149 Appeltlebat]
491 1073 634 1148 adpetebat
650 1072 680 1129 in
697 1078 779 1129 texto
795 1069 876 1128 Flor.
894 1071 926 1130 A
943 1078 972 1129 et
988 1071 1075 1132 Bam.
1092 1073 1134 1131 A.

12 1220 16 1238 y
201 1154 273 1233 Cup.
291 1158 349 1231 33,
368 1160 392 1232 5.
411 1160 440 1216 8.
484 1177 556 1218 conc.
574 1157 695 1235 patiam]
710 1159 819 1232 patient
837 1158 943 1214 concilii
958 1157 1086 1215 Bom.B
1104 1157 1184 1216 Flor.
1202 1157 1346 1216 DEFHI.

12 1239 14 1256 .
108 1242 309 1320 personaque]
332 1246 507 1320 perfusisque
530 1243 659 1301 BermB
684 1243 763 1302 Flor.
782 1239 940 1301 CDEFGI
964 1242 1090 1302 Voso.l
1120 1243 1177 1321 (sio
1194 1241 1299 1320 Snak.)
1318 1251 1348 1302 et

12 1375 18 1405 z
113 1325 295 1386 coloniensis
312 1328 404 1387 Modii
420 1331 470 1405 qui
486 1329 606 1406 recepit,
618 1331 780 1405 persocique
798 1328 859 1386 cod.
879 1325 1027 1406 Sigeborg.
1045 1329 1086 1388 ait
1102 1330 1205 1388 habero
1218 1329 1345 1387 Modius.

12 1419 17 1432 '
200 1415 225 1488 5.
245 1415 273 1472 9.
306 1415 421 1493 aocueti]
439 1417 547 1473 adaucti
561 1415 640 1472 Flor.
658 1415 689 1472 A
714 1414 800 1471 Bern.
817 1413 858 1472 A.
892 1415 1008 1489 diupei]
1027 1417 1134 1490 delapsi
1149 1413 1231 1473 Loid.
1257 1413 1346 1473 Voss.

12 1549 15 1582 :
116 1500 145 1555 1.
163 1499 181 1554 2
200 1508 230 1556 ot
246 1500 337 1570 nostci
353 1519 451 1560 omnes
469 1509 580 1576 praeter
596 1501 683 1558 Bern.
701 1501 732 1558 A
757 1498 945 1576 (quamquam
961 1501 1038 1576 apud
1057 1499 1145 1559 Snuk,
1170 1501 1231 1558 cod.
1249 1501 1279 1558 D
1297 1500 1347 1575 qui

12 1589 14 1606 1
113 1584 188 1642 idem
212 1591 257 1643 est
280 1603 345 1644 oum
368 1594 465 1645 nostro
488 1586 575 1646 Born.
591 1587 623 1644 A
645 1586 714 1644 item
731 1587 835 1644 habero
853 1584 973 1644 traditur
989 1587 1119 1664 ddapoi).
1143 1583 1201 1646 seo
1218 1586 1347 1655 mendosi

114 1679 366 1830 qUOAqSAOAlAunAd
382 1758 503 1816 ultimum
520 1759 591 1834 repn]
609 1766 639 1814 at
655 1759 714 1832 rapi
729 1757 809 1815 Flor.
825 1752 975 1830 ΒΕΒΗΙ,
993 1777 1030 1816 an
1046 1759 1106 1832 rapi
1119 1757 1207 1816 Born.
1223 1755 1261 1816 Β.

199 1843 294 1917 512.
333 1843 484 1922 compleuit]
503 1845 634 1919 conpleuit
649 1842 737 1902 Bam.
754 1842 796 1901 A.
832 1841 915 1900 Idem
931 1850 962 1900 ot
976 1843 1056 1902 Flor.
1073 1843 1105 1901 A
1122 1861 1191 1902 mox
1207 1845 1346 1920 inrupere,

112 1935 142 1985 et
159 1929 345 2090 adfflffl,
364 2015 388 2088 5.
408 2016 457 2072 14.
492 2012 669 2089 Nabarzani]
689 2012 842 2074 Nabarano
859 2014 946 2073 Bam.
963 2012 995 2072 A
1011 2011 1091 2070 Flor.
1108 2011 1155 2086 A,
1177 2011 1346 2074 Nabarzano

111 2098 303 2259 Flore&
326 2185 495 2258 indicabant]
520 2187 707 2244 indicaverant
729 2184 858 2244 Born.B
880 2185 960 2244 Flor.
979 2184 1020 2243 H.
1055 2183 1255 2260 conprehendi]
1281 2204 1345 2244 eon-

12 2293 14 2295 ·
108 2269 245 2344 prehendi
260 2271 347 2330 Bern.
366 2273 406 2328 A.
439 2269 591 2347 iuuerunt]
608 2272 744 2328 insumant
760 2270 839 2330 Flor.
856 2271 971 2344 EFHI,
988 2273 1105 2328 innuerat
1122 2271 1201 2328 Flor.
1217 2271 1258 2329 D.

12 2351 14 2382 ¹
198 2356 292 2429 513.
335 2355 435 2413 Parti.
452 2356 569 2432 petebat]
592 2357 700 2433 paean
719 2356 881 2432 partitionem
897 2357 976 2416 Flor.
994 2356 1047 2431 FI,
1068 2356 1176 2432 petebat
1195 2357 1344 2434 parthinen

12 2501 13 2530 ³
112 2439 464 2602 fflm'sAAlmAffi'nc]
483 2528 605 2587 manu
620 2528 708 2585 nem.
726 2527 767 2586 A.
786 2527 865 2587 mor.
882 2528 925 2587 A.

196 2614 221 2686 5.
240 2613 291 2672 20.
335 2613 519 2691 compediim]
537 2615 701 2690 conpedibus
718 2614 805 2674 Bora.
824 2614 866 2673 A.

197 2695 269 2776 Cap.
288 2697 346 2772 35,
370 2700 396 2773 5.
416 2699 443 2756 l.
482 2701 517 2758 ab
534 2700 701 2775 Eoeaanto]
719 2717 738 2758 a
753 2699 892 2758 Butam
909 2699 996 2756 Bern.
1014 2699 1051 2772 Β,
1068 2699 1103 2756 ab
1120 2699 1246 2757 dationis
1263 2699 1343 2758 Flor.

109 2783 153 2855 H,
169 2803 188 2840 a
205 2785 344 2842 bactizam'o
361 2784 439 2842 Flor.
457 2785 497 2842 D.
520 2784 809 2856 oo,baouannF10r.
827 2784 871 2856 Ε,
893 2803 912 2841 a
928 2785 1090 2842 Bactrianio
1106 2784 1185 2842 Flor.
1205 2781 1284 2842 CFI.
1311 2823 1316 2836 .

198 2872 222 2944 5.
240 2871 269 2927 2.
291 2873 320 2927 in
337 2871 538 2945 Paraetacene]
557 2871 586 2927 in
602 2879 682 2944 parte
698 2869 809 2928 Lacene
827 2868 888 2946 (ae)
907 2870 994 2928 Born.
1005 2869 1037 2928 A
1053 2869 1133 2927 Flor.
1145 2867 1263 2928 ABCG
1275 2869 1343 2928 edit.

109 2973 154 3031 pr.
171 2954 242 3014 Ald.
264 2959 293 3014 in
309 2965 388 3030 parte
404 2955 493 3012 latone
508 2963 560 3014 aut
576 2955 682 3014 auom
698 2963 751 3014 aut
767 2955 881 3012 ailianae
898 2956 950 3012 rol.
986 2953 1120 3013 Correxit
1135 2955 1248 3013 Iunius.

196 3043 220 3114 5.
241 3041 271 3098 4.
313 3043 475 3115 commatis]
498 3043 636 3100 advocatio
658 3041 746 3098 Bom.
769 3041 797 3099 B
819 3040 898 3100 Flor.
922 3040 1067 3100 DEFHI.
1110 3050 1157 3098 aut
1182 3039 1344 3119 opprecouo]

108 3135 158 3184 aut
173 3129 279 3186 ainaim
303 3134 351 3184 anet
374 3145 521 3201 oppreoouo
545 3135 585 3184 eat
608 3125 677 3184 edit.
701 3145 745 3201 pr,
768 3126 840 3184 Ald.
858 3126 925 3186 Iun.
953 3125 1043 3201 (quod
1066 3125 1096 3184 in
1120 3127 1199 3184 nullo
1220 3126 1283 3184 cod.
1300 3135 1345 3184 est

109 3212 166 3270 nisi
181 3221 230 3270 aut
246 3214 351 3271 vincam
368 3213 405 3270 ab
429 3211 479 3270 alt.
504 3231 592 3272 manu
609 3229 672 3287 sup.
690 3212 740 3272 lin.
759 3211 901 3270 adiectum
921 3212 951 3270 in
975 3211 1055 3270 Flor.
1073 3209 1113 3288 C)
1131 3221 1180 3270 aut
1197 3231 1345 3287 oppreocun

109 3307 149 3354 m
166 3297 268 3458 Μὲᾱὸ.
307 3385 383 3458 ipooc
398 3384 487 3459 ceam]
506 3385 580 3459 ipooo
597 3384 704 3458 incoqui
719 3383 807 3448 Bom.
826 3383 853 3442 B
871 3383 950 3442 Flor.
968 3380 1135 3442 DEFGHI
1153 3381 1214 3455 (hic
1230 3382 1344 3458 quidem

12 1827 18 1864 i

109 3469 194 3527 etiam
212 3479 237 3527 et
254 3469 332 3527 uddit
349 3477 416 3528 outo
432 3487 480 3527 nec
497 3469 598 3544 labori)
616 3471 706 3544 ipcum
722 3472 801 3546 sequti
816 3469 883 3528 edit.
897 3469 979 3528 Mod.
1009 3470 1123 3543 raptim]
1136 3478 1247 3544 raptum
1264 3469 1343 3528 Flor.

109 3553 271 3612 CDEFHI
295 3555 383 3614 Bam.
401 3555 437 3612 B.
470 3574 504 3614 ne
521 3589 563 3598 —
586 3556 706 3630 qnidam]
733 3575 782 3616 nec
801 3587 836 3598 -
859 3557 968 3632 quidem
996 3551 1119 3613 Flauo
1151 3553 1190 3630 (a
1213 3573 1258 3632 pr.
1284 3555 1342 3632 m.)

109 3637 276 3698 DEFGHI
292 3639 357 3697 Pol.
378 3641 405 3698 1.

195 3725 220 3798 5.
240 3725 268 3781 6.
308 3724 861 3799 punenmmque]pemenmmBe1-n.B
884 3725 1078 3784 Fut-‚Em
1113 3725 1261 3802 noemmin]
1279 3746 1342 3786 con·

106 3809 290 3887 protenderat
305 3807 393 3866 Bom.
411 3808 453 3868 A.

194 3897 219 3970 5.
238 3895 267 3951 7.
300 3894 407 3969 Melon]
421 3895 496 3952 Melo
513 3913 571 3952 uno
587 3894 655 3954 odit.
667 3894 738 3954 Ald.
756 3896 913 3972 simulabat]
928 3895 1106 3954 commentae
1116 3896 1195 3956 Flor.
1206 3895 1341 3958 DEFHI

109 3981 196 4040 Bcrn.
213 3979 251 4038 B.

194 4063 267 4142 Cap.
292 4067 350 4139 36,
380 4067 405 4141 5
430 4068 479 4126 10.
525 4067 632 4142 iiedem]
663 4067 749 4126 iodcm
776 4067 864 4126 Bern.
890 4067 921 4126 A
951 4067 1032 4127 Loid.
1058 4066 1148 4128 Voss.
1175 4070 1210 4143 1,
1237 4068 1341 4128 ididem

109 4153 186 4212 Flor.
205 4150 240 4211 O.
466 4163 467 4167 ’
869 4159 876 4170 “

193 4240 218 4314 5
238 4239 287 4296 11.
330 4239 545 4313 incompooitum]
565 4239 760 4313 inconpositum
777 4257 853 4298 unus
871 4239 959 4298 Bam.
977 4240 1019 4299 A.
1054 4239 1134 4298 Hinc
1150 4238 1286 4299 desinam
1303 4242 1340 4299 ab

109 4324 246 4384 eiusmodi
264 4323 403 4383 varietate
420 4324 570 4396 motando,
594 4324 651 4382 nisi
667 4324 738 4400 quid
755 4325 842 4401 paulo
858 4325 1070 4386 memorabilius
1088 4335 1223 4386 occurret.

193 4411 217 4481 5
239 4411 287 4467 12.
321 4409 398 4485 erpo]
417 4427 479 4468 uero
496 4410 584 4468 Bern.
601 4409 628 4468 Β
646 4410 725 4470 Flor.
742 4409 877 4470 DEFHI
894 4411 983 4470 Voss.
1000 4413 1030 4470 2.

193 4495 218 4570 5.
239 4494 287 4554 13.
329 4497 368 4554 ad
383 4495 446 4573 lica]
464 4495 584 4558 canam
601 4495 687 4556 Born.
705 4495 731 4554 B
749 4497 827 4556 Flor.
844 4497 957 4557 EFHI.
