3214 5288
242 347 293 418 24
714 357 747 420 o.
776 355 900 408 ounrn
926 356 1011 407 aum

242 561 303 622 tus
316 545 511 643 Philippus,
537 543 683 615 notione
708 540 887 629 Acarnan,
912 537 1006 612 fidus
1033 537 1227 612 admodum
1252 539 1344 634 regi:
1369 563 1489 637 puero

245 683 364 734 comes
400 665 436 731 et
470 662 592 727 custos
626 651 750 726 salutis
783 650 907 739 datuS,
942 675 1015 723 non
1047 660 1090 723 ut
1115 674 1237 748 regem
1261 647 1386 738 modo,
1419 647 1492 724 sed

247 771 355 846 etiam
379 776 421 840 ut
446 765 639 853 alumnum,
666 763 797 837 eximia
821 760 970 834 caritate
996 758 1176 857 diligebat.
1224 757 1259 832 Is
1285 784 1358 831 non
1384 781 1527 856 prae-s
1597 804 1598 861 p

246 906 330 980 ceps
362 879 430 967 se,¹
454 873 520 948 sed
554 879 740 946 strennum
774 870 971 946 remedium
997 871 1139 961 afferre,
1174 879 1384 965 tantamque
1410 870 1493 942 vim

246 989 364 1064 morbi
406 986 553 1084 potione
590 982 768 1056 medioata
805 984 1009 1056 levaturum
1047 1006 1126 1056 esse
1164 981 1337 1080 promisit
1389 980 1492 1054 Nulli

248 1098 464 1200 promissum
489 1095 565 1168 eius
591 1094 756 1193 placebat
781 1101 924 1190 praetor
948 1093 1075 1191 ipsum,
1102 1093 1202 1165 cuius
1227 1092 1384 1190 periculo
1411 1093 1492 1190 pol·
1597 1130 1598 1135 κ

248 1211 431 1283 lioebatur.
469 1202 600 1280 Omnia
625 1204 755 1302 quippe
779 1204 926 1294 facilius,
953 1229 1061 1300 quam
1085 1228 1234 1294 moram,
1260 1203 1401 1300 perpeti
1426 1229 1530 1300 po-a
1597 1290 1598 1293 Ἴ

249 1330 362 1396 terat:
395 1341 495 1391 arma
526 1325 564 1389 et
594 1317 687 1388 acies
719 1315 757 1387 in
790 1315 901 1388 oculis
934 1324 1052 1406 erant,
1087 1323 1124 1387 et
1155 1314 1342 1388 victoriam
1373 1314 1411 1384 in
1444 1339 1494 1386 eo
1597 1308 1598 1349 l

249 1433 405 1530 positam
431 1435 527 1502 essct
551 1425 808 1517 arbitrabatur,
843 1426 873 1498 si
899 1434 1041 1499 tantum
1059 1435 1151 1522 ,onte
1176 1425 1279 1523 signa
1305 1434 1401 1497 stare
1427 1451 1495 1522 po·

250 1542 397 1631 tuisset,
430 1537 469 1610 id
493 1538 626 1635 ipsum,
662 1535 760 1632 quod
790 1545 874 1634 post
899 1535 993 1610 diem
1019 1537 1165 1610 tertium
1189 1535 1497 1608 medicamentum

252 1661 460 1749 sumpturus
487 1656 583 1722 esset
608 1646 674 1746 (ita
706 1647 800 1720 enim
831 1646 990 1720 medicus
1023 1645 1268 1744 praedixerat)
1304 1671 1410 1744 aegre
1442 1648 1495 1719 fe-

252 1787 346 1836 rens.
403 1759 503 1834 Inter
532 1761 621 1832 hacc
656 1782 679 1830 a
711 1756 961 1848 Parmenione,
993 1757 1166 1832 fidissimo
1200 1767 1531 1857 purpuratorum,4

252 1875 391 1946 litteras
423 1871 567 1969 accipit,
601 1869 729 1966 quibus
765 1868 798 1940 ei
833 1865 1085 1958 denuntiabat,
1122 1892 1167 1941 ne
1202 1870 1354 1942 salutem
1388 1894 1497 1942 suam

253 1985 419 2083 Philippo
444 1982 699 2056 committeret:
725 1979 821 2051 mille
846 1978 990 2051 talentis
1015 2005 1037 2050 a
1053 1977 1173 2052 Dareo
1199 1989 1237 2052 et
1263 2004 1327 2077 spe
1353 1981 1495 2077 nuptia-

253 2120 335 2168 rum
360 2095 492 2166 sororis
518 2093 594 2165 eius
621 2116 700 2164 esse
725 2099 942 2187 conuptum.
995 2087 1181 2187 Ingentem
1216 2091 1334 2163 mimo
1366 2092 1532 2164 sollici-5
1597 2136 1598 2141 ,

254 2203 416 2276 tudinem
440 2203 581 2275 litterae
606 2201 845 2289 incusserant,
880 2211 917 2274 et
944 2199 1111 2298 quicquid
1135 2200 1173 2272 in
1198 2210 1387 2298 utramque
1413 2227 1496 2298 par-

254 2322 329 2386 tem
363 2320 428 2384 aut
460 2320 578 2384 metus
611 2319 674 2382 aut
705 2331 788 2406 spes
819 2310 1035 2401 subiecerat,
1076 2320 1214 2384 secreta
1246 2311 1496 2384 aestimatione

256 2421 441 2520 pensabat.
493 2420 617 2496 Bibere
643 2419 876 2518 persceoran?
913 2433 967 2512 ut,
1000 2421 1219 2494 aioemoum
1244 2423 1360 2496 datum
1374 2423 1532 2522 planato

256 2559 298 2606 oa
337 2530 499 2605 immerito
537 2530 689 2630 quidam,
727 2529 885 2629 quioquid
923 2531 1095 2623 modat,
1134 2533 1278 2607 evenisse
1316 2533 1496 2607 videatur?

256 2641 429 2716 Damnem
459 2641 582 2714 nwdbi
601 2640 738 2738 fidem?
776 2640 813 2713 io
846 2640 1052 2716 tahoaocolo
1082 2667 1160 2741 erpo
1185 2668 1237 2716 ow
1262 2643 1412 2741 opprimi
1431 2669 1500 2740 pa·

258 2750 350 2824 tior?
388 2751 438 2824 At
460 2751 566 2826 sotius
590 2763 639 2824 ost
661 2751 768 2826 alano
793 2774 845 2824 me
870 2751 1108 2843 mariscalcie,
1135 2778 1237 2851 quam
1261 2767 1350 2827 outo
1373 2767 1498 2828 bostro.

258 2933 331 3005 quod
356 2933 461 2988 videtur
486 2903 623 2988 inrantdm
649 2949 706 2988 asse
731 2932 760 2986 in
780 2933 861 2987 Bem.
895 2931 1028 2987 insanae
1049 2935 1219 3004 dampnosum
1235 2938 1330 2990 medici
1338 2937 1439 3006 fidant
1469 2939 1500 2989 in

258 3012 372 3074 utroque
389 3011 418 3057 et
434 3003 576 3058 Vossianis.
895 3002 1062 3054 sulmmoto
1084 3019 1124 3056 me
1145 3006 1259 3075 opprimi
1313 3007 1388 3058 tior?
1422 3004 1500 3057 Nan.

294 3072 398 3125 notione
420 3073 560 3191 Acmff
596 3070 710 3126 Variant
732 3070 808 3124 codd.
830 3075 862 3122 ut
896 3070 979 3138 Atqui
1004 3071 1089 3122 solius
1116 3081 1154 3124 est
1180 3079 1231 3126 oet.
1311 3072 1386 3127 odius
1412 3071 1501 3125 edidit

259 3139 358 3193 solent:
389 3139 509 3192 meliores

259 3206 862 3324 eatstauttttuttttt
896 3221 970 3324 31⁹⁰
987 3209 1337 3330 caltulum-‘r‘
1354 3211 1499 3330 ‘illd‘

261 3310 382 3408 estqubd
400 3340 488 3391 editur
504 3339 567 3391 inde
579 3339 701 3406 abAldo,
721 3311 749 3391 ct
759 3338 861 3393 Graeco
895 3311 974 3392 diaria
990 3291 1120 3413 sortitura
1136 3293 1306 3414 prtdrdussoedst
1326 3294 1452 3398 iduliem.
1469 3296 1500 3398 q·

260 3423 311 3458 usu
329 3411 357 3458 et
372 3405 485 3476 Vergilii
502 3404 635 3478 statiique
644 3411 706 3476 (xv,
717 3409 781 3476 588)
798 3407 861 3461 locis
895 3406 967 3462 Flor.
986 3408 1008 3463 C
1026 3418 1055 3463 et
1073 3411 1117 3480 (ut
1133 3429 1182 3492 par
1199 3420 1241 3466 est
1258 3430 1273 3466 e
1291 3413 1395 3466 silentio
1412 3413 1499 3467 Snak
1598 3431 1599 3474 f

262 3475 471 3545 comprobatum.
896 3475 1034 3544 coniicere)
1052 3477 1080 3530 in
1093 3478 1288 3548 IardVosa1,
1306 3481 1371 3534 itam
1390 3481 1501 3535 umor.
1598 3479 1599 3486 ’

297 3545 364 3621 52²·
383 3543 558 3622 pollicebatur
573 3547 739 3621 potatam
756 3541 862 3598 Radero
895 3542 919 3596 Β
938 3544 987 3598 nisi
1005 3547 1076 3616 quod
1097 3565 1158 3617 eryo
1185 3567 1238 3602 non
1265 3550 1354 3603 habet.
1432 3549 1449 3602 li
1470 3550 1500 3604 ui

261 3625 365 3731 nna
385 3618 536 3731 “aaut
713 3618 861 3734 suaa
896 3611 1070 3734 hura
1088 3568 1499 3740 irrafflatffll‘

263 3745 327 3798 sats
344 3717 452 3800 idoneus
469 3696 709 3827 amminadab
728 3746 768 3801 cs.
779 3747 862 3818 wop
896 3687 1436 3827 ttaawt1ttttttff
1450 3689 1501 3807 aa?

263 3813 337 3867 kens.
355 3813 442 3869 Lectt
463 3813 535 3868 Tull.
552 3814 598 3868 lib.
615 3827 648 3882 n,
660 3822 726 3886 lap.
737 3821 794 3869 194.
817 3815 862 3870 In·
897 3824 966 3869 recto
983 3817 1017 3870 ab
1034 3817 1119 3871 altera
1137 3824 1201 3891 non)
1219 3829 1248 3875 et
1265 3821 1311 3888 G).
1343 3822 1420 3886 Quae
1436 3840 1498 3877 cum

263 3880 394 3951 telligitur
410 3881 498 3952 potius
514 3884 638 3936 medicus.
897 3882 936 3935 ite
951 3889 1014 3953 sint,
1032 3885 1183 3941 Medianum
1198 3889 1353 3960 scripturam
1370 3891 1500 3961 praefero.

299 3952 356 4018 §.a
370 3953 486 4019 positam
503 3967 561 4004 esse
578 3951 770 4021 arbitrabatur]
788 3949 859 4006 Flor.
896 3949 1019 4006 Membra
1035 3965 1126 4008 sunto
1205 3965 1242 4023 ts,
1261 3959 1501 4030 sedcumutroqua

263 4017 408 4071 Bomittit
425 4035 489 4072 esse.
898 4019 1066 4092 coniungitur
1081 3972 1235 4094 qufflm
1269 4043 1334 4081 uens
1354 4035 1409 4080 est:
1436 4045 1502 4097 erqo

300 4088 323 4154 §.
334 4091 359 4140 5.
378 4095 476 4138 secreta
485 4085 675 4156 aestimatione]
694 4085 765 4139 Flor.
773 4103 863 4139 omnes
897 4088 931 4140 ad
948 4088 1061 4144 alterum
1073 4093 1243 4146 membrana
1271 4101 1379 4148 unctum
1388 4111 1502 4166 respon-

264 4161 371 4223 praeter
388 4153 410 4208 G
429 4154 631 4221 existimarim
656 4171 710 4207 non
731 4161 806 4206 muto
822 4161 864 4206 ts-
898 4157 944 4210 det
960 4159 1103 4228 particulae
1120 4170 1149 4214 ut
1165 4177 1233 4231 quae
1249 4161 1366 4233 inpriori
1374 4172 1423 4217 est.
1441 4163 1500 4218 De-

263 4237 325 4273 man
350 4221 504 4291 vulgatam,
529 4239 609 4293 quam
634 4221 715 4276 Bern.
738 4222 765 4274 A
789 4220 863 4276 Leia
897 4224 976 4295 nique
984 4227 1090 4281 Modius
1107 4245 1185 4297 quam
1202 4241 1271 4283 metu
1287 4241 1375 4286 nostro
1392 4231 1501 4302 scripsit

264 4289 365 4342 Voss.1
387 4297 504 4342 tuantur.
915 4312 946 4346 ro
962 4295 1034 4364 vulg.
1055 4313 1110 4349 meo
1131 4313 1146 4348 e
1168 4298 1300 4352 codicibus
1322 4299 1412 4370 quales
1434 4309 1501 4354 sunt

299 4360 322 4424 5.
341 4364 364 4410 o.
400 4359 519 4410 damnem
536 4357 740 4422 medicifideml
770 4357 805 4410 In
823 4369 863 4412 to·
897 4311 1012 4415 flerunt
1028 4361 1101 4415 Laid
1119 4365 1194 4418 Voss
1215 4373 1238 4431 1,
1256 4367 1410 4437 quibuscum
1423 4367 1500 4421 Flor.
1598 4375 1599 4382 ’

261 4425 402 4479 bonoculo
420 4443 481 4496 erqo
499 4425 561 4496 cet]
590 4424 680 4480 Editio
697 4423 817 4498 princeps
834 4433 864 4482 et
896 4425 1072 4502 Bcouspirot
1089 4434 1501 4509 vosroexhibans.1aquopro-

559 3157 668 3201 raanan,
692 3137 736 3191 alii
758 3139 862 3191 Aralla·
901 3139 1037 3190 domum
1054 3141 1150 3192 medici
1156 3141 1260 3208 fidon!
1281 3143 1309 3194 in
1327 3143 1500 3194 tabernaculo
