<?xml version="1.0" encoding="UTF-8"?>
<!DOCTYPE html PUBLIC "-//W3C//DTD XHTML 1.0 Transitional//EN"
    "http://www.w3.org/TR/xhtml1/DTD/xhtml1-transitional.dtd">
<html xmlns="http://www.w3.org/1999/xhtml" xml:lang="en" lang="en">
 <head>
  <title>
</title>
<meta http-equiv="Content-Type" content="text/html;charset=utf-8" />
  <meta name='ocr-system' content='tesseract 3.04.00' />
  <meta name='ocr-capabilities' content='ocr_page ocr_carea ocr_par ocr_line ocrx_word'/>
</head>
<body>
  <div class='ocr_page' id='page_1' title='image "./qcurtiirufidege00zumpgoog_0278.png"; bbox 0 0 3270 5290; ppageno 0'>
   <div class='ocr_carea' id='block_1_1' title="bbox 531 362 1392 450">
    <p class='ocr_par' dir='ltr' id='par_1_1' title="bbox 531 362 1392 450">
     <span class='ocr_line' id='line_1_1' title="bbox 531 362 1392 450; baseline -0.001 -16"><span class='ocrx_word' id='word_1_1' title='bbox 531 384 581 434; x_wconf 80' lang='lat' dir='ltr'><strong>na</strong></span> <span class='ocrx_word' id='word_1_2' title='bbox 608 380 735 434; x_wconf 82' lang='lat' dir='ltr'><strong>ensms</strong></span> <span class='ocrx_word' id='word_1_3' title='bbox 761 381 870 432; x_wconf 72' lang='lat' dir='ltr'><strong>annu.</strong></span> <span class='ocrx_word' id='word_1_4' title='bbox 897 381 947 450; x_wconf 87' lang='lat' dir='ltr'><strong>vr,</strong></span> <span class='ocrx_word' id='word_1_5' title='bbox 968 378 1008 430; x_wconf 73' lang='grc' dir='ltr'><strong>ιι.</strong></span> <span class='ocrx_word' id='word_1_6' title='bbox 1319 362 1392 434; x_wconf 78' lang='grc'><strong>249</strong></span> 
     </span>
    </p>
   </div>
   <div class='ocr_carea' id='block_1_2' title="bbox 103 560 1447 3305">
    <p class='ocr_par' dir='ltr' id='par_1_2' title="bbox 103 560 1447 3305">
     <span class='ocr_line' id='line_1_2' title="bbox 156 560 1393 662; baseline -0.002 -23"><span class='ocrx_word' id='word_1_7' title='bbox 156 589 240 639; x_wconf 90' lang='lat' dir='ltr'><strong>nam</strong></span> <span class='ocrx_word' id='word_1_8' title='bbox 272 564 378 637; x_wconf 87' lang='lat' dir='ltr'><strong>laeva</strong></span> <span class='ocrx_word' id='word_1_9' title='bbox 409 589 493 662; x_wconf 89' lang='lat' dir='ltr'><strong>pars</strong></span> <span class='ocrx_word' id='word_1_10' title='bbox 526 562 573 637; x_wconf 81' lang='lat' dir='ltr'><strong>ad</strong></span> <span class='ocrx_word' id='word_1_11' title='bbox 597 573 723 661; x_wconf 83' lang='lat' dir='ltr'><strong>peetus</strong></span> <span class='ocrx_word' id='word_1_12' title='bbox 749 573 805 638; x_wconf 89' lang='lat' dir='ltr'><strong>est</strong></span> <span class='ocrx_word' id='word_1_13' title='bbox 830 560 943 653; x_wconf 89' lang='lat' dir='ltr'><strong>nuda,</strong></span> <span class='ocrx_word' id='word_1_14' title='bbox 975 572 1094 637; x_wconf 79' lang='lat' dir='ltr'><strong>cetera</strong></span> <span class='ocrx_word' id='word_1_15' title='bbox 1120 562 1248 638; x_wconf 90' lang='lat' dir='ltr'><strong>deinde</strong></span> <span class='ocrx_word' id='word_1_16' title='bbox 1274 564 1393 636; x_wconf 89' lang='lat' dir='ltr'><strong>velan-</strong></span> 
     </span>
     <span class='ocr_line' id='line_1_3' title="bbox 156 671 1395 773; baseline -0.002 -25"><span class='ocrx_word' id='word_1_17' title='bbox 156 687 227 750; x_wconf 85' lang='lat' dir='ltr'><strong>tur.</strong></span> <span class='ocrx_word' id='word_1_18' title='bbox 279 671 354 750; x_wconf 85' lang='lat' dir='ltr'><strong>Nec</strong></span> <span class='ocrx_word' id='word_1_19' title='bbox 387 685 509 748; x_wconf 86' lang='lat' dir='ltr'><strong>tamen</strong></span> <span class='ocrx_word' id='word_1_20' title='bbox 536 674 634 747; x_wconf 87' lang='lat' dir='ltr'><strong>sinus</strong></span> <span class='ocrx_word' id='word_1_21' title='bbox 660 673 791 763; x_wconf 87' lang='lat' dir='ltr'><strong>vestis,</strong></span> <span class='ocrx_word' id='word_1_22' title='bbox 828 697 934 770; x_wconf 92' lang='lat' dir='ltr'><strong>quem</strong></span> <span class='ocrx_word' id='word_1_23' title='bbox 967 672 1064 747; x_wconf 91' lang='lat' dir='ltr'><strong>nodo</strong></span> <span class='ocrx_word' id='word_1_24' title='bbox 1090 675 1277 773; x_wconf 85' lang='lat' dir='ltr'><strong>colligunt,</strong></span> <span class='ocrx_word' id='word_1_25' title='bbox 1303 675 1395 746; x_wconf 84' lang='lat' dir='ltr'><strong>infra</strong></span> 
     </span>
     <span class='ocr_line' id='line_1_4' title="bbox 104 782 1396 883; baseline 0.004 -30"><span class='ocrx_word' id='word_1_26' title='bbox 104 805 139 853; x_wconf 83' lang='lat' dir='ltr'><strong>as</strong></span> <span class='ocrx_word' id='word_1_27' title='bbox 156 810 275 882; x_wconf 82' lang='lat' dir='ltr'><strong>genua</strong></span> <span class='ocrx_word' id='word_1_28' title='bbox 300 782 495 860; x_wconf 86' lang='lat' dir='ltr'><strong>deseendit.</strong></span> <span class='ocrx_word' id='word_1_29' title='bbox 547 784 675 860; x_wconf 85' lang='lat' dir='ltr'><strong>Altera</strong></span> <span class='ocrx_word' id='word_1_30' title='bbox 699 783 832 883; x_wconf 84' lang='lat' dir='ltr'><strong>papilla</strong></span> <span class='ocrx_word' id='word_1_31' title='bbox 856 784 992 858; x_wconf 84' lang='lat' dir='ltr'><strong>intaeta</strong></span> <span class='ocrx_word' id='word_1_32' title='bbox 1017 796 1198 876; x_wconf 85' lang='lat' dir='ltr'><strong>servatur,</strong></span> <span class='ocrx_word' id='word_1_33' title='bbox 1225 810 1296 883; x_wconf 88' lang='lat' dir='ltr'><strong>qua</strong></span> <span class='ocrx_word' id='word_1_34' title='bbox 1320 809 1396 858; x_wconf 91' lang='lat' dir='ltr'><strong>mu·</strong></span> 
     </span>
     <span class='ocr_line' id='line_1_5' title="bbox 155 892 1394 986; baseline -0.001 -19"><span class='ocrx_word' id='word_1_35' title='bbox 155 894 275 968; x_wconf 88' lang='lat' dir='ltr'><strong>hebris</strong></span> <span class='ocrx_word' id='word_1_36' title='bbox 302 918 412 968; x_wconf 87' lang='lat' dir='ltr'><strong>sexus</strong></span> <span class='ocrx_word' id='word_1_37' title='bbox 438 893 569 969; x_wconf 91' lang='lat' dir='ltr'><strong>liberos</strong></span> <span class='ocrx_word' id='word_1_38' title='bbox 595 896 704 986; x_wconf 88' lang='lat' dir='ltr'><strong>alant,</strong></span> <span class='ocrx_word' id='word_1_39' title='bbox 731 893 895 968; x_wconf 85' lang='lat' dir='ltr'><strong>aduritur</strong></span> <span class='ocrx_word' id='word_1_40' title='bbox 919 892 1090 986; x_wconf 85' lang='lat' dir='ltr'><strong>dextera,</strong></span> <span class='ocrx_word' id='word_1_41' title='bbox 1117 905 1158 968; x_wconf 89' lang='lat' dir='ltr'><strong>ut</strong></span> <span class='ocrx_word' id='word_1_42' title='bbox 1183 921 1288 970; x_wconf 87' lang='lat' dir='ltr'><strong>arcus</strong></span> <span class='ocrx_word' id='word_1_43' title='bbox 1313 894 1394 968; x_wconf 83' lang='lat' dir='ltr'><strong>faci·</strong></span> 
     </span>
     <span class='ocr_line' id='line_1_6' title="bbox 103 1003 1394 1105; baseline 0.004 -35"><span class='ocrx_word' id='word_1_44' title='bbox 103 1023 137 1072; x_wconf 77' lang='lat' dir='ltr'><strong>aa</strong></span> <span class='ocrx_word' id='word_1_45' title='bbox 155 1004 224 1076; x_wconf 89' lang='lat' dir='ltr'><strong>lius</strong></span> <span class='ocrx_word' id='word_1_46' title='bbox 251 1003 450 1095; x_wconf 79' lang='lat' dir='ltr'><strong>intendant,</strong></span> <span class='ocrx_word' id='word_1_47' title='bbox 476 1014 514 1077; x_wconf 90' lang='lat' dir='ltr'><strong>et</strong></span> <span class='ocrx_word' id='word_1_48' title='bbox 538 1005 611 1078; x_wconf 87' lang='lat' dir='ltr'><strong>tela</strong></span> <span class='ocrx_word' id='word_1_49' title='bbox 636 1005 788 1078; x_wconf 83' lang='lat' dir='ltr'><strong>vibrent</strong></span> <span class='ocrx_word' id='word_1_50' title='bbox 832 1003 1000 1079; x_wconf 86' lang='lat' dir='ltr'><strong>Interrito</strong></span> <span class='ocrx_word' id='word_1_51' title='bbox 1026 1005 1130 1078; x_wconf 85' lang='lat' dir='ltr'><strong>vultu</strong></span> <span class='ocrx_word' id='word_1_52' title='bbox 1155 1031 1279 1105; x_wconf 83' lang='lat' dir='ltr'><strong>regem</strong></span> <span class='ocrx_word' id='word_1_53' title='bbox 1304 1003 1394 1076; x_wconf 71' lang='lat' dir='ltr'><strong>&#39;lha</strong></span> 
     </span>
     <span class='ocr_line' id='line_1_7' title="bbox 155 1113 1395 1212; baseline -0.001 -26"><span class='ocrx_word' id='word_1_54' title='bbox 155 1113 272 1186; x_wconf 87' lang='lat' dir='ltr'><strong>lestris</strong></span> <span class='ocrx_word' id='word_1_55' title='bbox 297 1113 515 1204; x_wconf 82' lang='lat' dir='ltr'><strong>intuebatur,</strong></span> <span class='ocrx_word' id='word_1_56' title='bbox 540 1114 705 1188; x_wconf 86' lang='lat' dir='ltr'><strong>habitum</strong></span> <span class='ocrx_word' id='word_1_57' title='bbox 730 1116 806 1188; x_wconf 90' lang='lat' dir='ltr'><strong>eius</strong></span> <span class='ocrx_word' id='word_1_58' title='bbox 831 1113 1109 1212; x_wconf 71' lang='lat' dir='ltr'><strong>haudquaquam</strong></span> <span class='ocrx_word' id='word_1_59' title='bbox 1134 1141 1254 1190; x_wconf 90' lang='lat' dir='ltr'><strong>rerum</strong></span> <span class='ocrx_word' id='word_1_60' title='bbox 1279 1115 1395 1188; x_wconf 86' lang='lat' dir='ltr'><strong>famae</strong></span> 
     </span>
     <span class='ocr_line' id='line_1_8' title="bbox 154 1222 1394 1324; baseline -0.001 -28"><span class='ocrx_word' id='word_1_61' title='bbox 154 1248 279 1323; x_wconf 89' lang='lat' dir='ltr'><strong>parem</strong></span> <span class='ocrx_word' id='word_1_62' title='bbox 305 1225 424 1304; x_wconf 73' lang='lat' dir='ltr'><strong>oculis,</strong></span> <span class='ocrx_word' id='word_1_63' title='bbox 442 1223 675 1321; x_wconf 88' lang='lat' dir='ltr'><strong>perlustrans.</strong></span> <span class='ocrx_word' id='word_1_64' title='bbox 711 1222 850 1324; x_wconf 85' lang='lat' dir='ltr'><strong>Quippe</strong></span> <span class='ocrx_word' id='word_1_65' title='bbox 877 1225 1043 1299; x_wconf 83' lang='lat' dir='ltr'><strong>omnibus</strong></span> <span class='ocrx_word' id='word_1_66' title='bbox 1068 1226 1231 1300; x_wconf 87' lang='lat' dir='ltr'><strong>barbaris</strong></span> <span class='ocrx_word' id='word_1_67' title='bbox 1256 1226 1294 1298; x_wconf 90' lang='lat' dir='ltr'><strong>in</strong></span> <span class='ocrx_word' id='word_1_68' title='bbox 1320 1247 1394 1296; x_wconf 91' lang='lat' dir='ltr'><strong>oor·</strong></span> 
     </span>
     <span class='ocr_line' id='line_1_9' title="bbox 154 1333 1395 1435; baseline -0.002 -29"><span class='ocrx_word' id='word_1_69' title='bbox 154 1359 283 1432; x_wconf 82' lang='lat' dir='ltr'><strong>ponun</strong></span> <span class='ocrx_word' id='word_1_70' title='bbox 308 1333 495 1408; x_wconf 83' lang='lat' dir='ltr'><strong>maiestate</strong></span> <span class='ocrx_word' id='word_1_71' title='bbox 521 1336 706 1410; x_wconf 89' lang='lat' dir='ltr'><strong>veneratio</strong></span> <span class='ocrx_word' id='word_1_72' title='bbox 732 1345 804 1427; x_wconf 86' lang='lat' dir='ltr'><strong>est,</strong></span> <span class='ocrx_word' id='word_1_73' title='bbox 839 1359 1121 1433; x_wconf 82' lang='lat' dir='ltr'><strong>magnorumque</strong></span> <span class='ocrx_word' id='word_1_74' title='bbox 1148 1360 1297 1435; x_wconf 90' lang='lat' dir='ltr'><strong>operum</strong></span> <span class='ocrx_word' id='word_1_75' title='bbox 1320 1355 1395 1405; x_wconf 92' lang='lat' dir='ltr'><strong>non</strong></span> 
     </span>
     <span class='ocr_line' id='line_1_10' title="bbox 157 1444 1394 1545; baseline -0.002 -29"><span class='ocrx_word' id='word_1_76' title='bbox 157 1444 244 1517; x_wconf 87' lang='lat' dir='ltr'><strong>alios</strong></span> <span class='ocrx_word' id='word_1_77' title='bbox 271 1469 419 1542; x_wconf 86' lang='lat' dir='ltr'><strong>eapaces</strong></span> <span class='ocrx_word' id='word_1_78' title='bbox 445 1455 590 1543; x_wconf 86' lang='lat' dir='ltr'><strong>putant,</strong></span> <span class='ocrx_word' id='word_1_79' title='bbox 623 1471 730 1543; x_wconf 89' lang='lat' dir='ltr'><strong>quam</strong></span> <span class='ocrx_word' id='word_1_80' title='bbox 757 1471 847 1543; x_wconf 90' lang='lat' dir='ltr'><strong>quos</strong></span> <span class='ocrx_word' id='word_1_81' title='bbox 874 1446 1005 1519; x_wconf 86' lang='lat' dir='ltr'><strong>eximia</strong></span> <span class='ocrx_word' id='word_1_82' title='bbox 1030 1446 1148 1545; x_wconf 87' lang='lat' dir='ltr'><strong>specie</strong></span> <span class='ocrx_word' id='word_1_83' title='bbox 1175 1447 1309 1520; x_wconf 88' lang='lat' dir='ltr'><strong>donare</strong></span> <span class='ocrx_word' id='word_1_84' title='bbox 1334 1466 1394 1514; x_wconf 90' lang='lat' dir='ltr'><strong>na·</strong></span> 
     </span>
     <span class='ocr_line' id='line_1_11' title="bbox 104 1553 1397 1654; baseline 0.002 -32"><span class='ocrx_word' id='word_1_85' title='bbox 104 1572 138 1621; x_wconf 80' lang='lat' dir='ltr'><strong>so</strong></span> <span class='ocrx_word' id='word_1_86' title='bbox 155 1563 238 1628; x_wconf 88' lang='lat' dir='ltr'><strong>tura</strong></span> <span class='ocrx_word' id='word_1_87' title='bbox 262 1553 410 1652; x_wconf 82' lang='lat' dir='ltr'><strong>dignata</strong></span> <span class='ocrx_word' id='word_1_88' title='bbox 435 1565 500 1630; x_wconf 85' lang='lat' dir='ltr'><strong>est.</strong></span> <span class='ocrx_word' id='word_1_89' title='bbox 554 1553 722 1630; x_wconf 86' lang='lat' dir='ltr'><strong>Ceterum</strong></span> <span class='ocrx_word' id='word_1_90' title='bbox 747 1555 977 1652; x_wconf 85' lang='lat' dir='ltr'><strong>interrogate,</strong></span> <span class='ocrx_word' id='word_1_91' title='bbox 1003 1581 1090 1630; x_wconf 89' lang='lat' dir='ltr'><strong>num</strong></span> <span class='ocrx_word' id='word_1_92' title='bbox 1117 1554 1249 1654; x_wconf 87' lang='lat' dir='ltr'><strong>aliquid</strong></span> <span class='ocrx_word' id='word_1_93' title='bbox 1274 1563 1397 1653; x_wconf 83' lang='lat' dir='ltr'><strong>petere</strong></span> 
     </span>
     <span class='ocr_line' id='line_1_12' title="bbox 157 1664 1397 1759; baseline -0.002 -23"><span class='ocrx_word' id='word_1_94' title='bbox 157 1665 275 1756; x_wconf 77' lang='lat' dir='ltr'><strong>vellet,</strong></span> <span class='ocrx_word' id='word_1_95' title='bbox 302 1664 400 1738; x_wconf 88' lang='lat' dir='ltr'><strong>haud</strong></span> <span class='ocrx_word' id='word_1_96' title='bbox 426 1664 606 1738; x_wconf 85' lang='lat' dir='ltr'><strong>dubitavit</strong></span> <span class='ocrx_word' id='word_1_97' title='bbox 630 1665 749 1755; x_wconf 87' lang='lat' dir='ltr'><strong>fateri,</strong></span> <span class='ocrx_word' id='word_1_98' title='bbox 784 1665 832 1739; x_wconf 88' lang='lat' dir='ltr'><strong>ad</strong></span> <span class='ocrx_word' id='word_1_99' title='bbox 858 1666 1171 1740; x_wconf 85' lang='lat' dir='ltr'><strong>communicandos</strong></span> <span class='ocrx_word' id='word_1_100' title='bbox 1204 1691 1286 1740; x_wconf 84' lang='lat' dir='ltr'><strong>oum</strong></span> <span class='ocrx_word' id='word_1_101' title='bbox 1311 1687 1397 1759; x_wconf 85' lang='lat' dir='ltr'><strong>rege</strong></span> 
     </span>
     <span class='ocr_line' id='line_1_13' title="bbox 156 1774 1398 1874; baseline -0.002 -28"><span class='ocrx_word' id='word_1_102' title='bbox 156 1774 287 1848; x_wconf 90' lang='lat' dir='ltr'><strong>liberos</strong></span> <span class='ocrx_word' id='word_1_103' title='bbox 322 1799 360 1848; x_wconf 90' lang='lat' dir='ltr'><strong>se</strong></span> <span class='ocrx_word' id='word_1_104' title='bbox 395 1775 555 1849; x_wconf 87' lang='lat' dir='ltr'><strong>venisse:</strong></span> <span class='ocrx_word' id='word_1_105' title='bbox 591 1775 750 1874; x_wconf 83' lang='lat' dir='ltr'><strong>dignam,</strong></span> <span class='ocrx_word' id='word_1_106' title='bbox 783 1801 830 1850; x_wconf 90' lang='lat' dir='ltr'><strong>ex</strong></span> <span class='ocrx_word' id='word_1_107' title='bbox 861 1801 933 1874; x_wconf 90' lang='lat' dir='ltr'><strong>qua</strong></span> <span class='ocrx_word' id='word_1_108' title='bbox 965 1776 1044 1874; x_wconf 88' lang='lat' dir='ltr'><strong>ipse</strong></span> <span class='ocrx_word' id='word_1_109' title='bbox 1075 1776 1177 1874; x_wconf 86' lang='lat' dir='ltr'><strong>regni</strong></span> <span class='ocrx_word' id='word_1_110' title='bbox 1209 1781 1398 1873; x_wconf 86' lang='lat' dir='ltr'><strong>generaret</strong></span> 
     </span>
     <span class='ocr_line' id='line_1_14' title="bbox 156 1883 1397 1976; baseline -0.001 -19"><span class='ocrx_word' id='word_1_111' title='bbox 156 1883 317 1959; x_wconf 89' lang='lat' dir='ltr'><strong>heredes.</strong></span> <span class='ocrx_word' id='word_1_112' title='bbox 351 1884 525 1960; x_wconf 90' lang='lat' dir='ltr'><strong>Feminini</strong></span> <span class='ocrx_word' id='word_1_113' title='bbox 549 1909 659 1960; x_wconf 90' lang='lat' dir='ltr'><strong>sexus</strong></span> <span class='ocrx_word' id='word_1_114' title='bbox 686 1909 725 1958; x_wconf 91' lang='lat' dir='ltr'><strong>se</strong></span> <span class='ocrx_word' id='word_1_115' title='bbox 750 1895 990 1976; x_wconf 89' lang='lat' dir='ltr'><strong>retenturam,</strong></span> <span class='ocrx_word' id='word_1_116' title='bbox 1016 1891 1151 1958; x_wconf 82' lang='lat' dir='ltr'><strong>marem</strong></span> <span class='ocrx_word' id='word_1_117' title='bbox 1176 1885 1397 1959; x_wconf 86' lang='lat' dir='ltr'><strong>reddituram</strong></span> 
     </span>
     <span class='ocr_line' id='line_1_15' title="bbox 104 1993 1393 2094; baseline -0.004 -27"><span class='ocrx_word' id='word_1_118' title='bbox 104 2012 137 2062; x_wconf 73' lang='lat'><strong>³1</strong></span> <span class='ocrx_word' id='word_1_119' title='bbox 156 1996 260 2093; x_wconf 89' lang='lat' dir='ltr'><strong>patri.</strong></span> <span class='ocrx_word' id='word_1_120' title='bbox 312 1993 536 2087; x_wconf 83' lang='lat' dir='ltr'><strong>Alexander,</strong></span> <span class='ocrx_word' id='word_1_121' title='bbox 569 2020 615 2069; x_wconf 91' lang='lat' dir='ltr'><strong>an</strong></span> <span class='ocrx_word' id='word_1_122' title='bbox 643 2019 724 2068; x_wconf 87' lang='lat' dir='ltr'><strong>eum</strong></span> <span class='ocrx_word' id='word_1_123' title='bbox 750 1995 829 2094; x_wconf 91' lang='lat' dir='ltr'><strong>ipso</strong></span> <span class='ocrx_word' id='word_1_124' title='bbox 854 1995 1006 2069; x_wconf 84' lang='lat' dir='ltr'><strong>militare</strong></span> <span class='ocrx_word' id='word_1_125' title='bbox 1033 1997 1152 2087; x_wconf 88' lang='lat' dir='ltr'><strong>vellet,</strong></span> <span class='ocrx_word' id='word_1_126' title='bbox 1178 1997 1393 2091; x_wconf 85' lang='lat' dir='ltr'><strong>interrogat:</strong></span> 
     </span>
     <span class='ocr_line' id='line_1_16' title="bbox 157 2105 1396 2205; baseline -0.002 -29"><span class='ocrx_word' id='word_1_127' title='bbox 157 2115 195 2176; x_wconf 89' lang='lat' dir='ltr'><strong>et</strong></span> <span class='ocrx_word' id='word_1_128' title='bbox 219 2106 290 2194; x_wconf 86' lang='lat' dir='ltr'><strong>illa,</strong></span> <span class='ocrx_word' id='word_1_129' title='bbox 317 2116 462 2179; x_wconf 78' lang='lat' dir='ltr'><strong>causata</strong></span> <span class='ocrx_word' id='word_1_130' title='bbox 488 2105 564 2180; x_wconf 90' lang='lat' dir='ltr'><strong>sine</strong></span> <span class='ocrx_word' id='word_1_131' title='bbox 590 2105 739 2179; x_wconf 85' lang='lat' dir='ltr'><strong>custode</strong></span> <span class='ocrx_word' id='word_1_132' title='bbox 764 2130 916 2205; x_wconf 86' lang='lat' dir='ltr'><strong>regnum</strong></span> <span class='ocrx_word' id='word_1_133' title='bbox 940 2105 1135 2201; x_wconf 85' lang='lat' dir='ltr'><strong>reliquisse,</strong></span> <span class='ocrx_word' id='word_1_134' title='bbox 1169 2115 1292 2202; x_wconf 88' lang='lat' dir='ltr'><strong>petere</strong></span> <span class='ocrx_word' id='word_1_135' title='bbox 1318 2127 1396 2201; x_wconf 89' lang='lat' dir='ltr'><strong>per·</strong></span> 
     </span>
     <span class='ocr_line' id='line_1_17' title="bbox 104 2210 1396 2314; baseline 0.002 -32"><span class='ocrx_word' id='word_1_136' title='bbox 104 2214 364 2305; x_wconf 77' lang='lat' dir='ltr'><strong>asseverabat,</strong></span> <span class='ocrx_word' id='word_1_137' title='bbox 395 2241 441 2289; x_wconf 92' lang='lat' dir='ltr'><strong>ne</strong></span> <span class='ocrx_word' id='word_1_138' title='bbox 473 2241 512 2290; x_wconf 89' lang='lat' dir='ltr'><strong>se</strong></span> <span class='ocrx_word' id='word_1_139' title='bbox 546 2217 683 2288; x_wconf 87' lang='lat' dir='ltr'><strong>irritam</strong></span> <span class='ocrx_word' id='word_1_140' title='bbox 715 2217 791 2314; x_wconf 88' lang='lat' dir='ltr'><strong>spei</strong></span> <span class='ocrx_word' id='word_1_141' title='bbox 826 2216 924 2288; x_wconf 90' lang='lat' dir='ltr'><strong>abire</strong></span> <span class='ocrx_word' id='word_1_142' title='bbox 949 2223 1143 2313; x_wconf 87' lang='lat' dir='ltr'><strong>pateretur.</strong></span> <span class='ocrx_word' id='word_1_143' title='bbox 1187 2213 1324 2286; x_wconf 87' lang='lat' dir='ltr'><strong>&#39;Acrior</strong></span> <span class='ocrx_word' id='word_1_144' title='bbox 1349 2210 1396 2284; x_wconf 82' lang='lat' dir='ltr'><strong>ad</strong></span> 
     </span>
     <span class='ocr_line' id='line_1_18' title="bbox 157 2319 1395 2424; baseline -0.002 -28"><span class='ocrx_word' id='word_1_145' title='bbox 157 2321 338 2396; x_wconf 88' lang='lat' dir='ltr'><strong>Venerem</strong></span> <span class='ocrx_word' id='word_1_146' title='bbox 362 2327 513 2401; x_wconf 87' lang='lat' dir='ltr'><strong>feminae</strong></span> <span class='ocrx_word' id='word_1_147' title='bbox 538 2326 680 2424; x_wconf 82' lang='lat' dir='ltr'><strong>cupido,</strong></span> <span class='ocrx_word' id='word_1_148' title='bbox 707 2351 815 2423; x_wconf 91' lang='lat' dir='ltr'><strong>quam</strong></span> <span class='ocrx_word' id='word_1_149' title='bbox 840 2326 951 2422; x_wconf 85' lang='lat' dir='ltr'><strong>regis,</strong></span> <span class='ocrx_word' id='word_1_150' title='bbox 983 2337 1025 2398; x_wconf 91' lang='lat' dir='ltr'><strong>ut</strong></span> <span class='ocrx_word' id='word_1_151' title='bbox 1050 2349 1183 2424; x_wconf 88' lang='lat' dir='ltr'><strong>paucos</strong></span> <span class='ocrx_word' id='word_1_152' title='bbox 1211 2323 1287 2397; x_wconf 91' lang='lat' dir='ltr'><strong>dies</strong></span> <span class='ocrx_word' id='word_1_153' title='bbox 1314 2319 1395 2395; x_wconf 83' lang='lat' dir='ltr'><strong>sub</strong></span> 
     </span>
     <span class='ocr_line' id='line_1_19' title="bbox 158 2434 1395 2535; baseline -0.001 -29"><span class='ocrx_word' id='word_1_154' title='bbox 158 2435 312 2526; x_wconf 84' lang='lat' dir='ltr'><strong>sisteret,</strong></span> <span class='ocrx_word' id='word_1_155' title='bbox 326 2437 489 2535; x_wconf 90' lang='lat' dir='ltr'><strong>perpulit.</strong></span> <span class='ocrx_word' id='word_1_156' title='bbox 527 2457 596 2509; x_wconf 88' lang='lat' dir='ltr'><strong>xm</strong></span> <span class='ocrx_word' id='word_1_157' title='bbox 616 2435 691 2510; x_wconf 90' lang='lat' dir='ltr'><strong>dies</strong></span> <span class='ocrx_word' id='word_1_158' title='bbox 704 2436 740 2508; x_wconf 91' lang='lat' dir='ltr'><strong>in</strong></span> <span class='ocrx_word' id='word_1_159' title='bbox 758 2436 969 2533; x_wconf 85' lang='lat' dir='ltr'><strong>obsequium</strong></span> <span class='ocrx_word' id='word_1_160' title='bbox 984 2434 1149 2509; x_wconf 90' lang='lat' dir='ltr'><strong>desiderii</strong></span> <span class='ocrx_word' id='word_1_161' title='bbox 1164 2434 1240 2510; x_wconf 90' lang='lat' dir='ltr'><strong>eius</strong></span> <span class='ocrx_word' id='word_1_162' title='bbox 1254 2434 1395 2506; x_wconf 90' lang='lat' dir='ltr'><strong>absum·</strong></span> 
     </span>
     <span class='ocr_line' id='line_1_20' title="bbox 157 2545 1396 2645; baseline -0.004 -27"><span class='ocrx_word' id='word_1_163' title='bbox 157 2547 211 2644; x_wconf 92' lang='lat' dir='ltr'><strong>pti</strong></span> <span class='ocrx_word' id='word_1_164' title='bbox 221 2558 314 2618; x_wconf 91' lang='lat' dir='ltr'><strong>sunt</strong></span> <span class='ocrx_word' id='word_1_165' title='bbox 358 2545 389 2619; x_wconf 93' lang='lat' dir='ltr'>T</span> <span class='ocrx_word' id='word_1_166' title='bbox 390 2573 451 2619; x_wconf 95' lang='lat' dir='ltr'><strong>um</strong></span> <span class='ocrx_word' id='word_1_167' title='bbox 473 2547 533 2620; x_wconf 92' lang='lat' dir='ltr'><strong>illa</strong></span> <span class='ocrx_word' id='word_1_168' title='bbox 548 2572 701 2645; x_wconf 86' lang='lat' dir='ltr'><strong>regnum</strong></span> <span class='ocrx_word' id='word_1_169' title='bbox 721 2571 836 2637; x_wconf 91' lang='lat' dir='ltr'><strong>suum,</strong></span> <span class='ocrx_word' id='word_1_170' title='bbox 863 2571 930 2620; x_wconf 90' lang='lat' dir='ltr'><strong>rex</strong></span> <span class='ocrx_word' id='word_1_171' title='bbox 949 2545 1168 2620; x_wconf 80' lang='lat' dir='ltr'><strong>Parthienen</strong></span> <span class='ocrx_word' id='word_1_172' title='bbox 1182 2546 1396 2641; x_wconf 86' lang='lat' dir='ltr'><strong>petiverunt</strong></span> 
     </span>
     <span class='ocr_line' id='line_1_21' title="bbox 105 2652 1447 2755; baseline -0.003 -27"><span class='ocrx_word' id='word_1_173' title='bbox 105 2673 148 2722; x_wconf 79' lang='lat' dir='ltr'><strong>vt</strong></span> <span class='ocrx_word' id='word_1_174' title='bbox 260 2654 328 2730; x_wconf 86' lang='lat' dir='ltr'><strong>Hic</strong></span> <span class='ocrx_word' id='word_1_175' title='bbox 355 2682 442 2730; x_wconf 83' lang='lat' dir='ltr'><strong>vero</strong></span> <span class='ocrx_word' id='word_1_176' title='bbox 468 2659 587 2755; x_wconf 89' lang='lat' dir='ltr'><strong>palum</strong></span> <span class='ocrx_word' id='word_1_177' title='bbox 620 2655 833 2754; x_wconf 81' lang='lat' dir='ltr'><strong>cupiditates</strong></span> <span class='ocrx_word' id='word_1_178' title='bbox 861 2682 943 2732; x_wconf 87' lang='lat' dir='ltr'><strong>suas</strong></span> <span class='ocrx_word' id='word_1_179' title='bbox 971 2658 1094 2753; x_wconf 76' lang='lat' dir='ltr'><strong>solvit,</strong></span> <span class='ocrx_word' id='word_1_180' title='bbox 1129 2652 1447 2729; x_wconf 80' lang='lat' dir='ltr'><strong>continentiam-20</strong></span> 
     </span>
     <span class='ocr_line' id='line_1_22' title="bbox 157 2766 1396 2864; baseline -0.003 -26"><span class='ocrx_word' id='word_1_181' title='bbox 157 2790 228 2861; x_wconf 91' lang='lat' dir='ltr'><strong>que</strong></span> <span class='ocrx_word' id='word_1_182' title='bbox 255 2776 292 2839; x_wconf 92' lang='lat' dir='ltr'><strong>et</strong></span> <span class='ocrx_word' id='word_1_183' title='bbox 317 2767 618 2859; x_wconf 88' lang='lat' dir='ltr'><strong>moderationem,</strong></span> <span class='ocrx_word' id='word_1_184' title='bbox 643 2769 681 2840; x_wconf 92' lang='lat' dir='ltr'><strong>in</strong></span> <span class='ocrx_word' id='word_1_185' title='bbox 707 2766 879 2840; x_wconf 89' lang='lat' dir='ltr'><strong>altissima</strong></span> <span class='ocrx_word' id='word_1_186' title='bbox 905 2791 1046 2864; x_wconf 87' lang='lat' dir='ltr'><strong>quaque</strong></span> <span class='ocrx_word' id='word_1_187' title='bbox 1071 2768 1216 2840; x_wconf 83' lang='lat' dir='ltr'><strong>fortuna</strong></span> <span class='ocrx_word' id='word_1_188' title='bbox 1243 2766 1396 2838; x_wconf 90' lang='lat' dir='ltr'><strong>eminen-</strong></span> 
     </span>
     <span class='ocr_line' id='line_1_23' title="bbox 123 2875 1394 2974; baseline -0.003 -26"><span class='ocrx_word' id='word_1_189' title='bbox 123 2875 209 2950; x_wconf 70' lang='lat' dir='ltr'><strong>etia</strong></span> <span class='ocrx_word' id='word_1_190' title='bbox 234 2876 341 2966; x_wconf 91' lang='lat' dir='ltr'><strong>bona,</strong></span> <span class='ocrx_word' id='word_1_191' title='bbox 367 2878 404 2949; x_wconf 94' lang='lat' dir='ltr'><strong>in</strong></span> <span class='ocrx_word' id='word_1_192' title='bbox 432 2878 635 2974; x_wconf 88' lang='lat' dir='ltr'><strong>superbiam</strong></span> <span class='ocrx_word' id='word_1_193' title='bbox 661 2903 703 2950; x_wconf 86' lang='lat' dir='ltr'><strong>ae</strong></span> <span class='ocrx_word' id='word_1_194' title='bbox 729 2877 911 2950; x_wconf 87' lang='lat' dir='ltr'><strong>lasciviam</strong></span> <span class='ocrx_word' id='word_1_195' title='bbox 937 2877 1056 2950; x_wconf 86' lang='lat' dir='ltr'><strong>vertit</strong></span> <span class='ocrx_word' id='word_1_196' title='bbox 1108 2875 1250 2948; x_wconf 89' lang='lat' dir='ltr'><strong>Patrios</strong></span> <span class='ocrx_word' id='word_1_197' title='bbox 1276 2895 1394 2947; x_wconf 91' lang='lat' dir='ltr'><strong>mores</strong></span> 
     </span>
     <span class='ocr_line' id='line_1_24' title="bbox 160 2983 1400 3086; baseline 0 -31"><span class='ocrx_word' id='word_1_198' title='bbox 160 2983 451 3082; x_wconf 86' lang='lat' dir='ltr'><strong>disciplinamque</strong></span> <span class='ocrx_word' id='word_1_199' title='bbox 473 2985 709 3060; x_wconf 82' lang='lat' dir='ltr'><strong>Macedonum</strong></span> <span class='ocrx_word' id='word_1_200' title='bbox 733 3012 860 3086; x_wconf 87' lang='lat' dir='ltr'><strong>regum</strong></span> <span class='ocrx_word' id='word_1_201' title='bbox 885 2987 1075 3061; x_wconf 89' lang='lat' dir='ltr'><strong>salubriter</strong></span> <span class='ocrx_word' id='word_1_202' title='bbox 1100 2995 1336 3084; x_wconf 89' lang='lat' dir='ltr'><strong>temperatam</strong></span> <span class='ocrx_word' id='word_1_203' title='bbox 1362 2991 1400 3056; x_wconf 88' lang='lat' dir='ltr'><strong>et</strong></span> 
     </span>
     <span class='ocr_line' id='line_1_25' title="bbox 161 3093 1398 3196; baseline 0.002 -31"><span class='ocrx_word' id='word_1_204' title='bbox 161 3093 301 3166; x_wconf 83' lang='lat' dir='ltr'><strong>civilem</strong></span> <span class='ocrx_word' id='word_1_205' title='bbox 326 3094 488 3167; x_wconf 86' lang='lat' dir='ltr'><strong>habitum</strong></span> <span class='ocrx_word' id='word_1_206' title='bbox 514 3096 615 3169; x_wconf 91' lang='lat' dir='ltr'><strong>velut</strong></span> <span class='ocrx_word' id='word_1_207' title='bbox 639 3096 773 3169; x_wconf 89' lang='lat' dir='ltr'><strong>leviora</strong></span> <span class='ocrx_word' id='word_1_208' title='bbox 798 3097 1043 3196; x_wconf 83' lang='lat' dir='ltr'><strong>magnitudine</strong></span> <span class='ocrx_word' id='word_1_209' title='bbox 1069 3121 1135 3170; x_wconf 90' lang='lat' dir='ltr'><strong>sua</strong></span> <span class='ocrx_word' id='word_1_210' title='bbox 1157 3094 1302 3185; x_wconf 83' lang='lat' dir='ltr'><strong>ducens,</strong></span> <span class='ocrx_word' id='word_1_211' title='bbox 1315 3095 1398 3167; x_wconf 89' lang='lat' dir='ltr'><strong>Per·</strong></span> 
     </span>
     <span class='ocr_line' id='line_1_26' title="bbox 135 3203 1398 3305; baseline -0.001 -29"><span class='ocrx_word' id='word_1_212' title='bbox 135 3203 256 3276; x_wconf 66' lang='lat' dir='ltr'><strong>sicae</strong></span> <span class='ocrx_word' id='word_1_213' title='bbox 286 3205 406 3303; x_wconf 83' lang='lat' dir='ltr'><strong>regiae</strong></span> <span class='ocrx_word' id='word_1_214' title='bbox 437 3231 503 3303; x_wconf 87' lang='lat' dir='ltr'><strong>par</strong></span> <span class='ocrx_word' id='word_1_215' title='bbox 539 3204 687 3278; x_wconf 89' lang='lat' dir='ltr'><strong>deorum</strong></span> <span class='ocrx_word' id='word_1_216' title='bbox 719 3208 902 3304; x_wconf 86' lang='lat' dir='ltr'><strong>potentiae</strong></span> <span class='ocrx_word' id='word_1_217' title='bbox 935 3206 1117 3305; x_wconf 83' lang='lat' dir='ltr'><strong>festigium</strong></span> <span class='ocrx_word' id='word_1_218' title='bbox 1143 3204 1398 3280; x_wconf 87' lang='lat' dir='ltr'><strong>aemulabatur.</strong></span> 
     </span>
    </p>
   </div>
   <div class='ocr_carea' id='block_1_3' title="bbox 156 3435 1456 4516">
    <p class='ocr_par' dir='ltr' id='par_1_3' title="bbox 156 3435 1456 4516">
     <span class='ocr_line' id='line_1_27' title="bbox 162 3435 1399 3511; baseline 0 -21"><span class='ocrx_word' id='word_1_219' title='bbox 162 3435 225 3490; x_wconf 81' lang='lat' dir='ltr'><strong>teris</strong></span> <span class='ocrx_word' id='word_1_220' title='bbox 243 3437 421 3506; x_wconf 85' lang='lat' dir='ltr'><strong>diseedamus,</strong></span> <span class='ocrx_word' id='word_1_221' title='bbox 448 3438 595 3511; x_wconf 81' lang='lat' dir='ltr'><strong>dequibus</strong></span> <span class='ocrx_word' id='word_1_222' title='bbox 613 3439 674 3493; x_wconf 82' lang='lat' dir='ltr'><strong>ride</strong></span> <span class='ocrx_word' id='word_1_223' title='bbox 690 3439 766 3494; x_wconf 86' lang='lat' dir='ltr'><strong>Rud·</strong></span> <span class='ocrx_word' id='word_1_224' title='bbox 799 3440 956 3494; x_wconf 83' lang='lat' dir='ltr'><strong>Mox&#39;abire</strong></span> <span class='ocrx_word' id='word_1_225' title='bbox 969 3448 1115 3510; x_wconf 81' lang='lat' dir='ltr'><strong>pateretur,</strong></span> <span class='ocrx_word' id='word_1_226' title='bbox 1133 3437 1183 3493; x_wconf 86' lang='lat' dir='ltr'><strong>hoo</strong></span> <span class='ocrx_word' id='word_1_227' title='bbox 1199 3435 1291 3490; x_wconf 87' lang='lat' dir='ltr'><strong>ordine</strong></span> <span class='ocrx_word' id='word_1_228' title='bbox 1306 3437 1399 3490; x_wconf 87' lang='lat' dir='ltr'><strong>verbo·</strong></span> 
     </span>
     <span class='ocr_line' id='line_1_28' title="bbox 162 3502 1400 3578; baseline 0.002 -22"><span class='ocrx_word' id='word_1_229' title='bbox 162 3502 314 3558; x_wconf 89' lang='lat' dir='ltr'><strong>dimannum</strong></span> <span class='ocrx_word' id='word_1_230' title='bbox 332 3506 409 3560; x_wconf 83' lang='lat' dir='ltr'><strong>Tom.</strong></span> <span class='ocrx_word' id='word_1_231' title='bbox 428 3521 441 3559; x_wconf 94' lang='lat'>1</span> <span class='ocrx_word' id='word_1_232' title='bbox 457 3525 483 3578; x_wconf 93' lang='lat' dir='ltr'><strong>p.</strong></span> <span class='ocrx_word' id='word_1_233' title='bbox 502 3514 534 3562; x_wconf 75' lang='lat' dir='ltr'><strong>tt</strong></span> <span class='ocrx_word' id='word_1_234' title='bbox 553 3507 656 3578; x_wconf 84' lang='lat' dir='ltr'><strong>pareius</strong></span> <span class='ocrx_word' id='word_1_235' title='bbox 674 3515 764 3562; x_wconf 83' lang='lat' dir='ltr'><strong>tamen</strong></span> <span class='ocrx_word' id='word_1_236' title='bbox 798 3526 866 3575; x_wconf 92' lang='lat' dir='ltr'><strong>rum,</strong></span> <span class='ocrx_word' id='word_1_237' title='bbox 873 3507 998 3562; x_wconf 82' lang='lat' dir='ltr'><strong>Modiana</strong></span> <span class='ocrx_word' id='word_1_238' title='bbox 1006 3507 1070 3562; x_wconf 89' lang='lat' dir='ltr'><strong>edit</strong></span> <span class='ocrx_word' id='word_1_239' title='bbox 1088 3514 1214 3562; x_wconf 82' lang='lat' dir='ltr'><strong>etomnes</strong></span> <span class='ocrx_word' id='word_1_240' title='bbox 1223 3504 1400 3559; x_wconf 87' lang='lat' dir='ltr'><strong>oodd.nostri.</strong></span> 
     </span>
     <span class='ocr_line' id='line_1_29' title="bbox 163 3573 1058 3646; baseline 0.004 -22"><span class='ocrx_word' id='word_1_241' title='bbox 163 3588 243 3640; x_wconf 83' lang='lat' dir='ltr'><strong>quam</strong></span> <span class='ocrx_word' id='word_1_242' title='bbox 265 3573 332 3628; x_wconf 82' lang='lat' dir='ltr'><strong>solet</strong></span> <span class='ocrx_word' id='word_1_243' title='bbox 359 3575 551 3646; x_wconf 84' lang='lat' dir='ltr'><strong>disputantem,</strong></span> <span class='ocrx_word' id='word_1_244' title='bbox 587 3575 681 3630; x_wconf 84' lang='lat' dir='ltr'><strong>Dativi</strong></span> <span class='ocrx_word' id='word_1_245' title='bbox 713 3585 765 3630; x_wconf 80' lang='lat' dir='ltr'><strong>toto</strong></span> <span class='ocrx_word' id='word_1_246' title='bbox 799 3576 889 3646; x_wconf 80' lang='lat' dir='ltr'><strong>Vulgo</strong></span> <span class='ocrx_word' id='word_1_247' title='bbox 900 3586 959 3645; x_wconf 82' lang='lat' dir='ltr'><strong>put.</strong></span> <span class='ocrx_word' id='word_1_248' title='bbox 977 3578 1058 3630; x_wconf 83' lang='lat' dir='ltr'><strong>ubire.</strong></span> 
     </span>
     <span class='ocr_line' id='line_1_30' title="bbox 161 3639 1398 3764; baseline 0.002 -74"><span class='ocrx_word' id='word_1_249' title='bbox 161 3639 244 3718; x_wconf 80' lang='lat' dir='ltr'><strong>habes</strong></span> <span class='ocrx_word' id='word_1_250' title='bbox 274 3640 396 3695; x_wconf 89' lang='lat' dir='ltr'><strong>idoneum</strong></span> <span class='ocrx_word' id='word_1_251' title='bbox 432 3652 565 3698; x_wconf 76' lang='lat' dir='ltr'><strong>auctorem</strong></span> <span class='ocrx_word' id='word_1_252' title='bbox 596 3643 766 3714; x_wconf 87' lang='lat' dir='ltr'><strong>Propertium</strong></span> <span class='ocrx_word' id='word_1_253' title='bbox 834 3647 912 3712; x_wconf 67' lang='lat'><strong>§.³2</strong></span> <span class='ocrx_word' id='word_1_254' title='bbox 930 3661 1008 3724; x_wconf 68' lang='lat' dir='ltr'><strong>quoq»</strong></span> <span class='ocrx_word' id='word_1_255' title='bbox 1025 3645 1105 3764; x_wconf 63' lang='lat' dir='ltr'><strong>repub,</strong></span> <span class='ocrx_word' id='word_1_256' title='bbox 1122 3643 1170 3763; x_wconf 47' lang='lat' dir='ltr'><strong>aa</strong></span> <span class='ocrx_word' id='word_1_257' title='bbox 1180 3640 1304 3721; x_wconf 74' lang='lat' dir='ltr'><strong>Plerique</strong></span> <span class='ocrx_word' id='word_1_258' title='bbox 1322 3640 1398 3694; x_wconf 78' lang='lat' dir='ltr'><strong>codd</strong></span> 
     </span>
     <span class='ocr_line' id='line_1_31' title="bbox 161 3705 1399 3782; baseline 0.002 -24"><span class='ocrx_word' id='word_1_259' title='bbox 161 3705 381 3774; x_wconf 80' lang='lat' dir='ltr'><strong>hb.111,11,57</strong></span> <span class='ocrx_word' id='word_1_260' title='bbox 402 3713 454 3777; x_wconf 77' lang='lat' dir='ltr'><strong>(tv,</strong></span> <span class='ocrx_word' id='word_1_261' title='bbox 474 3719 504 3764; x_wconf 91' lang='lat'><strong>11</strong></span> <span class='ocrx_word' id='word_1_262' title='bbox 524 3718 555 3765; x_wconf 79' lang='lat' dir='ltr'><strong>ot</strong></span> <span class='ocrx_word' id='word_1_263' title='bbox 582 3711 703 3779; x_wconf 79' lang='lat' dir='ltr'><strong>Lsehm.)</strong></span> <span class='ocrx_word' id='word_1_264' title='bbox 725 3729 766 3766; x_wconf 78' lang='lat' dir='ltr'><strong>ae·</strong></span> <span class='ocrx_word' id='word_1_265' title='bbox 799 3721 890 3778; x_wconf 74' lang='lat' dir='ltr'><strong>actu,</strong></span> <span class='ocrx_word' id='word_1_266' title='bbox 917 3729 995 3782; x_wconf 83' lang='lat' dir='ltr'><strong>pauor</strong></span> <span class='ocrx_word' id='word_1_267' title='bbox 1018 3709 1143 3779; x_wconf 64' lang='grc' dir='ltr'><strong>(ΜΟ</strong></span> <span class='ocrx_word' id='word_1_268' title='bbox 1170 3713 1182 3776; x_wconf 83' lang='grc'><strong>)</strong></span> <span class='ocrx_word' id='word_1_269' title='bbox 1205 3718 1236 3764; x_wconf 85' lang='lat' dir='ltr'><strong>ut</strong></span> <span class='ocrx_word' id='word_1_270' title='bbox 1257 3709 1320 3763; x_wconf 89' lang='lat' dir='ltr'><strong>ohm</strong></span> <span class='ocrx_word' id='word_1_271' title='bbox 1337 3715 1399 3762; x_wconf 79' lang='lat' dir='ltr'><strong>ants</strong></span> 
     </span>
     <span class='ocr_line' id='line_1_32' title="bbox 156 3774 1400 3850; baseline 0.002 -23"><span class='ocrx_word' id='word_1_272' title='bbox 156 3782 232 3844; x_wconf 81' lang='lat' dir='ltr'><strong>ptem</strong></span> <span class='ocrx_word' id='word_1_273' title='bbox 248 3775 325 3828; x_wconf 79' lang='lat' dir='ltr'><strong>urbes</strong></span> <span class='ocrx_word' id='word_1_274' title='bbox 343 3778 398 3828; x_wconf 81' lang='lat' dir='ltr'><strong>utta</strong></span> <span class='ocrx_word' id='word_1_275' title='bbox 417 3779 496 3846; x_wconf 66' lang='lat' dir='ltr'><strong>iupis,</strong></span> <span class='ocrx_word' id='word_1_276' title='bbox 515 3789 592 3833; x_wconf 81' lang='lat' dir='ltr'><strong>toto</strong></span> <span class='ocrx_word' id='word_1_277' title='bbox 605 3797 672 3849; x_wconf 80' lang='lat' dir='ltr'><strong>quae</strong></span> <span class='ocrx_word' id='word_1_278' title='bbox 683 3796 765 3850; x_wconf 79' lang='lat' dir='ltr'><strong>prae-</strong></span> <span class='ocrx_word' id='word_1_279' title='bbox 798 3779 903 3833; x_wconf 89' lang='lat' dir='ltr'><strong>Iunium</strong></span> <span class='ocrx_word' id='word_1_280' title='bbox 927 3781 1068 3846; x_wconf 74' lang='lat' dir='ltr'><strong>edebauu,</strong></span> <span class='ocrx_word' id='word_1_281' title='bbox 1099 3788 1128 3832; x_wconf 78' lang='lat' dir='ltr'><strong>ut</strong></span> <span class='ocrx_word' id='word_1_282' title='bbox 1154 3787 1190 3832; x_wconf 83' lang='lat' dir='ltr'><strong>ut</strong></span> <span class='ocrx_word' id='word_1_283' title='bbox 1237 3774 1340 3832; x_wconf 74' lang='lat' dir='ltr'><strong>Vitium</strong></span> <span class='ocrx_word' id='word_1_284' title='bbox 1365 3793 1400 3830; x_wconf 86' lang='lat' dir='ltr'><strong>ex</strong></span> 
     </span>
     <span class='ocr_line' id='line_1_33' title="bbox 162 3841 1399 3928; baseline 0.002 -34"><span class='ocrx_word' id='word_1_285' title='bbox 162 3843 230 3895; x_wconf 77' lang='lat' dir='ltr'><strong>sidet</strong></span> <span class='ocrx_word' id='word_1_286' title='bbox 254 3843 343 3910; x_wconf 76' lang='lat' dir='ltr'><strong>orbi,</strong></span> <span class='ocrx_word' id='word_1_287' title='bbox 372 3841 404 3897; x_wconf 81' lang='lat' dir='ltr'><strong>es.</strong></span> <span class='ocrx_word' id='word_1_288' title='bbox 437 3844 471 3898; x_wconf 86' lang='lat' dir='ltr'><strong>ud</strong></span> <span class='ocrx_word' id='word_1_289' title='bbox 500 3861 561 3899; x_wconf 89' lang='lat' dir='ltr'><strong>enm</strong></span> <span class='ocrx_word' id='word_1_290' title='bbox 587 3847 673 3901; x_wconf 83' lang='lat' dir='ltr'><strong>locum</strong></span> <span class='ocrx_word' id='word_1_291' title='bbox 697 3863 765 3919; x_wconf 77' lang='lat' dir='ltr'><strong>quae</strong></span> <span class='ocrx_word' id='word_1_292' title='bbox 800 3844 986 3928; x_wconf 68' lang='grc' dir='ltr'><strong>διττογραφίᾳ</strong></span> <span class='ocrx_word' id='word_1_293' title='bbox 1004 3855 1092 3902; x_wconf 73' lang='lat' dir='ltr'><strong>orbum</strong></span> <span class='ocrx_word' id='word_1_294' title='bbox 1114 3853 1244 3917; x_wconf 76' lang='lat' dir='ltr'><strong>putamus.</strong></span> <span class='ocrx_word' id='word_1_295' title='bbox 1279 3845 1346 3899; x_wconf 80' lang='lat' dir='ltr'><strong>Mox</strong></span> <span class='ocrx_word' id='word_1_296' title='bbox 1364 3845 1399 3896; x_wconf 84' lang='lat' dir='ltr'><strong>ad</strong></span> 
     </span>
     <span class='ocr_line' id='line_1_34' title="bbox 160 3909 1456 3984; baseline 0.002 -22"><span class='ocrx_word' id='word_1_297' title='bbox 160 3909 331 3964; x_wconf 86' lang='lat' dir='ltr'><strong>Burmannus</strong></span> <span class='ocrx_word' id='word_1_298' title='bbox 348 3911 458 3980; x_wconf 78' lang='lat' dir='ltr'><strong>notarit,</strong></span> <span class='ocrx_word' id='word_1_299' title='bbox 476 3920 505 3966; x_wconf 88' lang='lat' dir='ltr'><strong>et</strong></span> <span class='ocrx_word' id='word_1_300' title='bbox 520 3913 655 3968; x_wconf 81' lang='lat' dir='ltr'><strong>laudatum</strong></span> <span class='ocrx_word' id='word_1_301' title='bbox 672 3915 705 3968; x_wconf 81' lang='lat' dir='ltr'><strong>ab</strong></span> <span class='ocrx_word' id='word_1_302' title='bbox 720 3915 766 3970; x_wconf 92' lang='lat' dir='ltr'><strong>illo</strong></span> <span class='ocrx_word' id='word_1_303' title='bbox 798 3917 908 3969; x_wconf 81' lang='lat' dir='ltr'><strong>verbum</strong></span> <span class='ocrx_word' id='word_1_304' title='bbox 930 3919 978 3969; x_wconf 75' lang='lat' dir='ltr'><strong>allo</strong></span> <span class='ocrx_word' id='word_1_305' title='bbox 1003 3933 1084 3969; x_wconf 82' lang='lat' dir='ltr'><strong>manu</strong></span> <span class='ocrx_word' id='word_1_306' title='bbox 1105 3913 1254 3970; x_wconf 82' lang='lat' dir='ltr'><strong>reoentiore</strong></span> <span class='ocrx_word' id='word_1_307' title='bbox 1271 3929 1350 3984; x_wconf 78' lang='lat' dir='ltr'><strong>super</strong></span> <span class='ocrx_word' id='word_1_308' title='bbox 1367 3911 1399 3965; x_wconf 92' lang='lat' dir='ltr'><strong>li-</strong></span> <span class='ocrx_word' id='word_1_309' title='bbox 1452 3938 1456 3948; x_wconf 95' lang='lat'><em>·</em></span> 
     </span>
     <span class='ocr_line' id='line_1_35' title="bbox 161 3977 1400 4054; baseline 0.002 -23"><span class='ocrx_word' id='word_1_310' title='bbox 161 3977 300 4032; x_wconf 81' lang='lat' dir='ltr'><strong>Davisium</strong></span> <span class='ocrx_word' id='word_1_311' title='bbox 316 3979 351 4033; x_wconf 82' lang='lat' dir='ltr'><strong>ad</strong></span> <span class='ocrx_word' id='word_1_312' title='bbox 367 3979 515 4034; x_wconf 73' lang='lat' dir='ltr'><strong>Minodum</strong></span> <span class='ocrx_word' id='word_1_313' title='bbox 531 3980 646 4035; x_wconf 81' lang='lat' dir='ltr'><strong>Felicem</strong></span> <span class='ocrx_word' id='word_1_314' title='bbox 663 3999 686 4036; x_wconf 83' lang='lat' dir='ltr'><strong>e.</strong></span> <span class='ocrx_word' id='word_1_315' title='bbox 706 3991 746 4036; x_wconf 88' lang='lat' dir='ltr'><strong>ll.</strong></span> <span class='ocrx_word' id='word_1_316' title='bbox 798 3999 875 4036; x_wconf 84' lang='lat' dir='ltr'><strong>neam</strong></span> <span class='ocrx_word' id='word_1_317' title='bbox 891 3984 1011 4038; x_wconf 76' lang='lat' dir='ltr'><strong>additum</strong></span> <span class='ocrx_word' id='word_1_318' title='bbox 1027 3983 1125 4054; x_wconf 83' lang='lat' dir='ltr'><strong>legitur</strong></span> <span class='ocrx_word' id='word_1_319' title='bbox 1141 3982 1169 4036; x_wconf 89' lang='lat' dir='ltr'><strong>iu</strong></span> <span class='ocrx_word' id='word_1_320' title='bbox 1181 3980 1297 4035; x_wconf 83' lang='lat' dir='ltr'><strong>BernA</strong></span> <span class='ocrx_word' id='word_1_321' title='bbox 1307 3984 1400 4050; x_wconf 89' lang='lat' dir='ltr'><strong>(quem</strong></span> 
     </span>
     <span class='ocr_line' id='line_1_36' title="bbox 197 4049 1399 4120; baseline 0 -20"><span class='ocrx_word' id='word_1_322' title='bbox 197 4049 220 4115; x_wconf 66' lang='grc' dir='ltr'><strong>ξ.</strong></span> <span class='ocrx_word' id='word_1_323' title='bbox 233 4053 275 4102; x_wconf 81' lang='lat'><strong>29.</strong></span> <span class='ocrx_word' id='word_1_324' title='bbox 293 4049 411 4102; x_wconf 76' lang='lat' dir='ltr'><strong>omnihus</strong></span> <span class='ocrx_word' id='word_1_325' title='bbox 429 4050 561 4118; x_wconf 78' lang='lat' dir='ltr'><strong>barbaris]</strong></span> <span class='ocrx_word' id='word_1_326' title='bbox 580 4049 655 4104; x_wconf 89' lang='lat' dir='ltr'><strong>Libri</strong></span> <span class='ocrx_word' id='word_1_327' title='bbox 672 4049 765 4120; x_wconf 88' lang='lat' dir='ltr'><strong>optimi</strong></span> <span class='ocrx_word' id='word_1_328' title='bbox 798 4052 911 4105; x_wconf 87' lang='lat' dir='ltr'><strong>eundern</strong></span> <span class='ocrx_word' id='word_1_329' title='bbox 926 4055 989 4105; x_wconf 86' lang='lat' dir='ltr'><strong>&#39;esse</strong></span> <span class='ocrx_word' id='word_1_330' title='bbox 1014 4067 1046 4104; x_wconf 83' lang='lat' dir='ltr'><strong>ao</strong></span> <span class='ocrx_word' id='word_1_331' title='bbox 1072 4049 1257 4105; x_wconf 84' lang='lat' dir='ltr'><strong>Danielianum</strong></span> <span class='ocrx_word' id='word_1_332' title='bbox 1282 4067 1342 4103; x_wconf 90' lang='lat' dir='ltr'><strong>eum</strong></span> <span class='ocrx_word' id='word_1_333' title='bbox 1364 4064 1399 4100; x_wconf 87' lang='lat' dir='ltr'><strong>ex</strong></span> 
     </span>
     <span class='ocr_line' id='line_1_37' title="bbox 161 4113 1397 4190; baseline 0.002 -22"><span class='ocrx_word' id='word_1_334' title='bbox 161 4113 260 4182; x_wconf 89' lang='lat' dir='ltr'><strong>Modii,</strong></span> <span class='ocrx_word' id='word_1_335' title='bbox 286 4113 361 4169; x_wconf 81' lang='lat' dir='ltr'><strong>Leid</strong></span> <span class='ocrx_word' id='word_1_336' title='bbox 378 4117 457 4170; x_wconf 85' lang='lat' dir='ltr'><strong>Voss.</strong></span> <span class='ocrx_word' id='word_1_337' title='bbox 478 4126 488 4169; x_wconf 91' lang='lat' dir='ltr'><strong>l</strong></span> <span class='ocrx_word' id='word_1_338' title='bbox 509 4116 590 4172; x_wconf 89' lang='lat' dir='ltr'><strong>Bern.</strong></span> <span class='ocrx_word' id='word_1_339' title='bbox 607 4117 631 4171; x_wconf 92' lang='lat' dir='ltr'>B</span> <span class='ocrx_word' id='word_1_340' title='bbox 649 4117 720 4172; x_wconf 83' lang='lat' dir='ltr'><strong>Flor.</strong></span> <span class='ocrx_word' id='word_1_341' title='bbox 738 4119 764 4171; x_wconf 80' lang='lat' dir='ltr'>A</span> <span class='ocrx_word' id='word_1_342' title='bbox 797 4117 854 4173; x_wconf 79' lang='lat' dir='ltr'><strong>aliis</strong></span> <span class='ocrx_word' id='word_1_343' title='bbox 872 4119 1034 4190; x_wconf 77' lang='lat' dir='ltr'><strong>argumentis</strong></span> <span class='ocrx_word' id='word_1_344' title='bbox 1051 4127 1109 4174; x_wconf 90' lang='lat' dir='ltr'><strong>tum</strong></span> <span class='ocrx_word' id='word_1_345' title='bbox 1127 4119 1176 4172; x_wconf 87' lang='lat' dir='ltr'><strong>hoe</strong></span> <span class='ocrx_word' id='word_1_346' title='bbox 1185 4117 1242 4189; x_wconf 86' lang='lat' dir='ltr'><strong>ipso</strong></span> <span class='ocrx_word' id='word_1_347' title='bbox 1257 4117 1397 4188; x_wconf 81' lang='lat' dir='ltr'><strong>agnosoas)</strong></span> 
     </span>
     <span class='ocr_line' id='line_1_38' title="bbox 160 4181 1398 4258; baseline 0.001 -22"><span class='ocrx_word' id='word_1_348' title='bbox 160 4181 239 4237; x_wconf 84' lang='lat' dir='ltr'><strong>BCG</strong></span> <span class='ocrx_word' id='word_1_349' title='bbox 256 4182 295 4236; x_wconf 84' lang='lat' dir='ltr'><strong>sio</strong></span> <span class='ocrx_word' id='word_1_350' title='bbox 312 4183 453 4254; x_wconf 77' lang='lat' dir='ltr'><strong>exhibent,</strong></span> <span class='ocrx_word' id='word_1_351' title='bbox 478 4201 537 4240; x_wconf 87' lang='lat' dir='ltr'><strong>eum</strong></span> <span class='ocrx_word' id='word_1_352' title='bbox 562 4186 644 4258; x_wconf 76' lang='lat' dir='ltr'><strong>vulgo</strong></span> <span class='ocrx_word' id='word_1_353' title='bbox 671 4186 765 4241; x_wconf 79' lang='lat' dir='ltr'><strong>edatur·</strong></span> <span class='ocrx_word' id='word_1_354' title='bbox 792 4197 855 4256; x_wconf 82' lang='lat' dir='ltr'><strong>port</strong></span> <span class='ocrx_word' id='word_1_355' title='bbox 872 4205 934 4242; x_wconf 82' lang='lat' dir='ltr'><strong>uum</strong></span> <span class='ocrx_word' id='word_1_356' title='bbox 951 4198 1022 4242; x_wconf 80' lang='lat' dir='ltr'><strong>atero</strong></span> <span class='ocrx_word' id='word_1_357' title='bbox 1040 4205 1068 4242; x_wconf 78' lang='lat' dir='ltr'><strong>se</strong></span> <span class='ocrx_word' id='word_1_358' title='bbox 1085 4189 1245 4242; x_wconf 80' lang='lat' dir='ltr'><strong>taberecom</strong></span> <span class='ocrx_word' id='word_1_359' title='bbox 1263 4187 1320 4239; x_wconf 76' lang='lat' dir='ltr'><strong>ent</strong></span> <span class='ocrx_word' id='word_1_360' title='bbox 1337 4183 1398 4237; x_wconf 83' lang='lat' dir='ltr'><strong>Ms-</strong></span> 
     </span>
     <span class='ocr_line' id='line_1_39' title="bbox 161 4252 1398 4326; baseline 0.002 -23"><span class='ocrx_word' id='word_1_361' title='bbox 161 4252 308 4305; x_wconf 79' lang='lat' dir='ltr'><strong>homiaibus</strong></span> <span class='ocrx_word' id='word_1_362' title='bbox 345 4255 467 4308; x_wconf 74' lang='lat' dir='ltr'><strong>barbaris</strong></span> <span class='ocrx_word' id='word_1_363' title='bbox 500 4254 619 4325; x_wconf 79' lang='lat' dir='ltr'><strong>quaesita</strong></span> <span class='ocrx_word' id='word_1_364' title='bbox 651 4255 765 4326; x_wconf 82' lang='lat' dir='ltr'><strong>quadam</strong></span> <span class='ocrx_word' id='word_1_365' title='bbox 797 4255 838 4326; x_wconf 78' lang='lat' dir='ltr'><strong>gis</strong></span> <span class='ocrx_word' id='word_1_366' title='bbox 904 4255 958 4310; x_wconf 88' lang='lat' dir='ltr'><strong>tine</strong></span> <span class='ocrx_word' id='word_1_367' title='bbox 975 4255 1092 4310; x_wconf 86' lang='lat' dir='ltr'><strong>lustinus</strong></span> <span class='ocrx_word' id='word_1_368' title='bbox 1113 4273 1129 4310; x_wconf 81' lang='grc' dir='ltr'>ι</span> <span class='ocrx_word' id='word_1_369' title='bbox 1151 4253 1231 4325; x_wconf 93' lang='lat' dir='ltr'><strong>quoi</strong></span> <span class='ocrx_word' id='word_1_370' title='bbox 1266 4259 1398 4324; x_wconf 86' lang='lat' dir='ltr'><strong>sumptum</strong></span> 
     </span>
     <span class='ocr_line' id='line_1_40' title="bbox 162 4318 1398 4404; baseline 0.001 -33"><span class='ocrx_word' id='word_1_371' title='bbox 162 4318 304 4389; x_wconf 83' lang='lat' dir='ltr'><strong>elegantia,</strong></span> <span class='ocrx_word' id='word_1_372' title='bbox 322 4323 368 4376; x_wconf 83' lang='lat' dir='ltr'><strong>sed</strong></span> <span class='ocrx_word' id='word_1_373' title='bbox 384 4339 540 4404; x_wconf 83' lang='lat' dir='ltr'><strong>nonaeque</strong></span> <span class='ocrx_word' id='word_1_374' title='bbox 558 4323 713 4397; x_wconf 64' lang='grc' dir='ltr'><strong>ἱστορικαῖς.</strong></span> <span class='ocrx_word' id='word_1_375' title='bbox 798 4331 853 4391; x_wconf 84' lang='lat' dir='ltr'><strong>est,</strong></span> <span class='ocrx_word' id='word_1_376' title='bbox 871 4338 932 4392; x_wconf 80' lang='lat'><strong>111,</strong></span> <span class='ocrx_word' id='word_1_377' title='bbox 958 4331 972 4378; x_wconf 78' lang='lat'><em>8</em></span> <span class='ocrx_word' id='word_1_378' title='bbox 996 4326 1027 4378; x_wconf 85' lang='lat' dir='ltr'><strong>oh</strong></span> <span class='ocrx_word' id='word_1_379' title='bbox 1044 4327 1091 4379; x_wconf 81' lang='lat' dir='ltr'><strong>too</strong></span> <span class='ocrx_word' id='word_1_380' title='bbox 1108 4337 1165 4377; x_wconf 83' lang='lat' dir='ltr'><strong>xm</strong></span> <span class='ocrx_word' id='word_1_381' title='bbox 1184 4323 1273 4376; x_wconf 76' lang='lat' dir='ltr'><strong>diebus</strong></span> <span class='ocrx_word' id='word_1_382' title='bbox 1300 4339 1317 4374; x_wconf 86' lang='lat' dir='ltr'><strong>o</strong></span> <span class='ocrx_word' id='word_1_383' title='bbox 1338 4335 1398 4400; x_wconf 69' lang='lat' dir='ltr'><strong>repe</strong></span> 
     </span>
     <span class='ocr_line' id='line_1_41' title="bbox 198 4389 1398 4462; baseline 0.001 -22"><span class='ocrx_word' id='word_1_384' title='bbox 198 4389 221 4454; x_wconf 71' lang='grc' dir='ltr'><strong>ς.</strong></span> <span class='ocrx_word' id='word_1_385' title='bbox 239 4393 281 4441; x_wconf 79' lang='lat'><strong>81.</strong></span> <span class='ocrx_word' id='word_1_386' title='bbox 316 4399 340 4442; x_wconf 81' lang='lat' dir='ltr'><strong>et</strong></span> <span class='ocrx_word' id='word_1_387' title='bbox 356 4391 417 4462; x_wconf 81' lang='lat' dir='ltr'><strong>illu]</strong></span> <span class='ocrx_word' id='word_1_388' title='bbox 447 4401 476 4444; x_wconf 80' lang='lat' dir='ltr'><strong>at</strong></span> <span class='ocrx_word' id='word_1_389' title='bbox 493 4394 541 4445; x_wconf 67' lang='lat' dir='ltr'><strong>ella</strong></span> <span class='ocrx_word' id='word_1_390' title='bbox 558 4391 630 4446; x_wconf 87' lang='lat' dir='ltr'><strong>Flor.</strong></span> <span class='ocrx_word' id='word_1_391' title='bbox 648 4390 765 4444; x_wconf 87' lang='lat' dir='ltr'><strong>DEFHI</strong></span> <span class='ocrx_word' id='word_1_392' title='bbox 798 4395 878 4459; x_wconf 79' lang='lat' dir='ltr'><strong>dotia,</strong></span> <span class='ocrx_word' id='word_1_393' title='bbox 896 4402 925 4447; x_wconf 83' lang='lat' dir='ltr'><strong>ut</strong></span> <span class='ocrx_word' id='word_1_394' title='bbox 942 4395 1000 4447; x_wconf 83' lang='lat' dir='ltr'><strong>visa</strong></span> <span class='ocrx_word' id='word_1_395' title='bbox 1018 4403 1057 4448; x_wconf 80' lang='lat' dir='ltr'><strong>ert</strong></span> <span class='ocrx_word' id='word_1_396' title='bbox 1073 4402 1173 4448; x_wconf 75' lang='grc' dir='ltr'><strong>ιιιονωιι</strong></span> <span class='ocrx_word' id='word_1_397' title='bbox 1191 4391 1320 4460; x_wconf 76' lang='lat' dir='ltr'><strong>implesse,</strong></span> <span class='ocrx_word' id='word_1_398' title='bbox 1344 4391 1398 4442; x_wconf 76' lang='lat' dir='ltr'><strong>du·</strong></span> 
     </span>
     <span class='ocr_line' id='line_1_42' title="bbox 163 4453 884 4516; baseline 0.01 -8"><span class='ocrx_word' id='word_1_399' title='bbox 163 4453 245 4509; x_wconf 85' lang='lat' dir='ltr'><strong>Bern</strong></span> <span class='ocrx_word' id='word_1_400' title='bbox 261 4455 286 4510; x_wconf 91' lang='lat' dir='ltr'>B</span> <span class='ocrx_word' id='word_1_401' title='bbox 304 4455 361 4512; x_wconf 81' lang='lat' dir='ltr'><strong>Pu.</strong></span> <span class='ocrx_word' id='word_1_402' title='bbox 381 4466 394 4513; x_wconf 87' lang='lat'>1</span> <span class='ocrx_word' id='word_1_403' title='bbox 414 4468 443 4514; x_wconf 83' lang='lat' dir='ltr'><strong>et</strong></span> <span class='ocrx_word' id='word_1_404' title='bbox 459 4475 494 4514; x_wconf 83' lang='lat' dir='ltr'><strong>ex</strong></span> <span class='ocrx_word' id='word_1_405' title='bbox 510 4468 619 4516; x_wconf 75' lang='lat' dir='ltr'><strong>eor-teet</strong></span> <span class='ocrx_word' id='word_1_406' title='bbox 637 4459 710 4514; x_wconf 84' lang='lat' dir='ltr'><strong>Flor.</strong></span> <span class='ocrx_word' id='word_1_407' title='bbox 730 4458 764 4514; x_wconf 88' lang='lat' dir='ltr'><strong>G.</strong></span> <span class='ocrx_word' id='word_1_408' title='bbox 799 4463 884 4516; x_wconf 79' lang='lat' dir='ltr'><strong>cessit.</strong></span> 
     </span>
    </p>
   </div>
   <div class='ocr_carea' id='block_1_4' title="bbox 0 0 1642 5290">
    <p class='ocr_par' dir='ltr' id='par_1_4' title="bbox 0 0 1642 5290">
     <span class='ocr_line' id='line_1_43' title="bbox 0 0 1642 5290; baseline 0 0"><span class='ocrx_word' id='word_1_409' title='bbox 0 0 1642 5290; x_wconf 95' lang='lat' dir='ltr'><strong> </strong></span> 
     </span>
    </p>
   </div>
  </div>
 </body>
</html>
