3238 5296
233 324 306 396 386
475 329 479 338 '
703 342 737 406 c.
764 341 888 396 cunrn
912 343 997 394 ιιιιιι

182 527 229 598 22
333 521 472 598 Aderat
497 550 588 614 nox,
621 549 692 620 qun
718 525 890 598 coniurati
917 524 1096 598 excubare
1122 521 1317 612 debebant,
1344 533 1531 598 mutuam

230 633 301 710 fide
333 635 433 726 laeti,
468 636 568 709 cuius
601 633 855 708 documentum
887 646 943 709 tot
974 635 1048 708 dies
1080 635 1231 708 firerant.
1283 630 1473 708 Neminem

231 757 348 819 metus
375 769 502 843 spesve
533 755 755 820 mutaverat:
789 757 892 820 tanta
923 745 1087 820 omnihus
1113 746 1172 820 vel
1196 746 1233 818 in
1259 769 1381 844 regem
1405 747 1471 838 ira,

231 858 290 931 vel
324 855 413 929 fides
448 859 541 932 inter
574 859 671 956 ipsos
705 859 781 932 fuit.
834 855 988 932 Stabant
1020 860 1129 957 igitur
1164 857 1211 932 ad
1244 860 1339 934 fores
1371 857 1471 932 aedis
1492 879 1531 928 rs

231 968 316 1058 eius,
343 969 380 1041 in
407 994 477 1065 qua
502 994 567 1043 rex
592 969 815 1060 vescebatur,
841 980 883 1042 ut
909 969 1074 1043 convivio
1102 994 1285 1068 egressum
1310 972 1348 1044 in
1374 969 1471 1043 cubi·

232 1081 349 1154 culum
366 1078 594 1155 deducerent
647 1077 719 1154 Sed
744 1082 889 1154 fortuna
914 1081 1025 1178 ipsius
1051 1081 1224 1179 simulque
1250 1084 1472 1181 epulantium
1492 1103 1533 1152 14
1616 1133 1617 1172 3

232 1191 380 1266 comitas
406 1192 574 1289 provexit
599 1216 724 1267 omnes
751 1191 797 1266 ad
823 1192 955 1290 largius
981 1193 1123 1282 vinum;
1151 1193 1225 1267 ludi
1252 1194 1360 1267 etiam
1386 1217 1469 1268 con·
1616 1173 1617 1234 l

230 1303 367 1376 vivales
394 1312 585 1377 extraxere
610 1312 762 1402 tempus,
788 1329 884 1378 nunc
909 1303 1125 1378 laetantibus
1143 1305 1346 1396 coniuratis,
1373 1301 1472 1403 quod

231 1413 388 1511 sopitum
413 1414 616 1512 aggressuri
641 1423 770 1505 essent,
796 1437 892 1488 nunc
917 1413 1085 1505 sollicitis,
1111 1442 1157 1489 ne
1182 1416 1220 1490 in
1246 1419 1362 1492 lucem
1382 1441 1470 1508 ¹con-

230 1525 367 1597 vivium
408 1525 623 1598 extraheret.
677 1521 816 1623 Quippe
854 1525 941 1598 ahos
978 1525 1014 1596 in
1053 1527 1243 1602 stationem
1278 1527 1472 1627 oportebat
1493 1545 1530 1592 1⁵

231 1635 346 1733 prima
371 1638 450 1710 luce
476 1635 677 1725 succedere,
702 1637 862 1734 ipsorum
883 1644 967 1733 post
989 1638 1178 1733 septimum
1200 1637 1296 1714 diem
1311 1637 1474 1713 reditura

230 1748 328 1822 tice:
360 1773 427 1821 nec
453 1773 597 1847 sperare
623 1756 806 1845 poterant,
832 1747 868 1818 in
894 1744 981 1818 illud
1007 1757 1148 1845 tempus
1175 1751 1339 1826 omnibus
1367 1749 1471 1822 dure·

230 1866 349 1932 turam
375 1857 493 1932 fidem.
547 1856 714 1932 Ceterum
740 1882 822 1930 cum
847 1855 919 1930 iam
950 1857 1015 1930 lux
1047 1869 1248 1957 appeteret,
1288 1873 1325 1935 et
1351 1861 1528 1934 couvi-1⁶

231 1970 330 2044 vium
356 1971 516 2061 solvitur,
544 1981 582 2044 et
607 1968 781 2042 coniurati
807 1978 1027 2068 excepenmt
1051 1994 1183 2070 regem,
1209 1973 1295 2046 laeti
1316 1971 1471 2047 occasio

231 2106 315 2155 nem
340 2079 541 2179 exequendi
567 2079 707 2154 sceleris
734 2079 933 2170 admotam3
961 2103 1042 2152 cum
1067 2083 1194 2155 muher
1219 2083 1403 2172 attonitae,
1430 2091 1473 2155 ut

233 2192 408 2267 creditum
433 2203 498 2282 est,
524 2192 663 2282 mentis,
690 2191 894 2264 conversari
918 2189 955 2262 in
981 2191 1081 2289 regie
1107 2193 1221 2283 solite,
1248 2194 1331 2291 quia
1346 2194 1470 2266 instin-

234 2313 294 2376 ctu
320 2302 510 2377 videbatur
535 2304 656 2374 futura
681 2302 896 2399 praedicere,
921 2328 995 2376 non
1016 2304 1172 2376 occurrit
1187 2303 1294 2378 modo
1312 2304 1469 2394 abeunti,

233 2413 432 2488 sedetiam
458 2425 571 2488 semet
604 2412 747 2502 obiecit,
781 2413 956 2510 vultuque
987 2425 1025 2487 et
1055 2414 1167 2488 oculis
1199 2425 1337 2490 motum
1369 2440 1469 2513 prae·

231 2526 349 2598 serens
376 2524 498 2615 animi,
532 2534 575 2597 nt
598 2520 732 2596 rediret
755 2525 793 2596 in
819 2525 1022 2598 convivium
1053 2525 1210 2598 monuit:
1247 2536 1285 2600 et
1315 2527 1374 2600 ille
1404 2550 1470 2624 per
1492 2547 1527 2595 ιι

231 2635 373 2727 ludum,
407 2635 499 2710 bene
526 2634 612 2708 deos
640 2633 805 2726 suadere,
836 2635 1040 2734 respondit,
1074 2638 1321 2736 revocatisque
1347 2637 1469 2711 amicis

231 2745 268 2820 in
298 2749 425 2820 horam
457 2745 526 2818 dici
556 2746 668 2818 ferme
700 2745 893 2820 secundam
931 2746 1086 2820 convivii
1123 2758 1264 2846 tempus
1298 2747 1467 2821 extraxit

230 2856 307 2930 lum
333 2859 392 2930 alii
417 2883 464 2931 ex
496 2858 642 2932 cohorte
673 2856 710 2930 in
743 2857 933 2931 stationem
967 2870 1229 2949 successerant,
1264 2869 1347 2932 ante
1373 2857 1468 2932 cubi·
1490 2877 1526 2927 rs

232 2969 299 3042 culi
332 2969 426 3042 sores
454 2969 670 3058 excubitori,
706 2967 824 3041 adhuc
855 2980 976 3044 tamen
1008 2970 1182 3043 coniurati
1214 2969 1360 3043 stabant
1389 2970 1468 3042 vice

232 3082 337 3154 officii
364 3081 418 3154 sui
445 3081 606 3179 expleta;
639 3079 728 3154 adeo
755 3079 922 3178 pertinax
948 3105 1033 3188 spes
1056 3089 1127 3170 est,
1160 3104 1267 3178 quam
1292 3080 1470 3153 humanae

231 3203 369 3265 mentes
397 3191 672 3265 devoraverunt.
724 3190 805 3266 Rex
831 3191 1016 3289 benignius
1035 3216 1142 3288 quam
1169 3192 1255 3264 alias
1282 3191 1468 3280 allocutus,
1488 3209 1523 3259 19

269 3415 470 3487 Cap.22,§.12.
496 3419 652 3480 muntnfirle
670 3419 742 3484 loen]
768 3416 833 3470 Mes.
868 3413 1234 3484 Leid.Voss.1Flor.ABC,
1252 3417 1371 3488 sliipost
1388 3418 1468 3487 septi-

233 3501 322 3538 cmncs
340 3501 399 3537 cum
416 3485 480 3537 edit.
497 3484 658 3564 principibus
676 3487 757 3538 mnltn
764 3486 832 3552 fide,
868 3503 911 3538 ma
929 3487 979 3551 die,
997 3484 1054 3537 Pal.
1067 3493 1075 3538 ι
1089 3485 1159 3540 Flor.
1170 3485 1244 3552 nst,
1257 3497 1320 3556 post
1334 3487 1469 3556 septimum

232 3563 321 3632 mntpo
350 3563 423 3606 recte
453 3553 603 3606 emendavit
628 3552 719 3606 Aldus.
763 3553 834 3605 Tum
869 3556 934 3606 diem
944 3543 1058 3640 denique
1068 3553 1198 3624 expressis
1208 3553 1291 3608 literis
1308 3553 1381 3608 Flor.
1389 3551 1469 3608 EGH

233 3621 340 3673 addrtur
361 3623 395 3674 ad
418 3632 454 3675 tot
476 3624 530 3676 dies
556 3623 689 3674 silentio
716 3623 780 3674 octt
806 3621 834 3674 in
868 3621 977 3676 Voss‘t.
1004 3623 1046 3674 hx
1061 3621 1237 3676 Beruensibus
1255 3622 1321 3676 nihil
1337 3631 1468 3675 enotatur.

233 3687 304 3742 Flor.
329 3689 379 3742 ΕΗ
409 3690 489 3744 Bern.
513 3690 552 3758 B,
583 3689 612 3742 in
637 3707 690 3760 quo
716 3688 833 3744 scholion
903 3691 978 3758 §.lt
996 3707 1073 3759 qnam
1084 3691 1152 3744 hum.
1162 3701 1256 3746 mentes
1271 3691 1467 3757 devoraverunt]

233 3773 368 3827 agrioscas.
868 3755 936 3812 Edd.
954 3775 1031 3827 qnam
1048 3761 1176 3812 hnmanae
1197 3769 1307 3827 mentes,
1334 3777 1411 3830 quam
1428 3761 1469 3810 in-

268 3832 291 3890 s.
308 3835 347 3880 14.
383 3828 537 3881 laetantibus
556 3828 709 3894 coniuratis]
745 3826 834 3897 Vulgo
867 3837 956 3946 pentes
969 3829 1191 3946 concupiscentiae
1205 3830 1367 3892 devonemnt,
1381 3825 1470 3896 inqua

233 3894 327 3961 loetis;
353 3913 401 3949 nos
427 3895 559 3967 sequimur
585 3895 658 3948 Leid.
677 3895 754 3953 Voss.
773 3901 831 3961 1‚e
878 3895 979 3949 ectione
996 3905 1080 3946 muta
1097 3895 1237 3965 displicent
1260 3905 1289 3950 et
1306 3894 1367 3949 olim
1385 3893 1469 3948 inter-

232 3961 312 4016 Bern.
330 3963 380 4016 AB
402 3963 472 4018 Flos.
492 3962 626 4016 Ancnn.
660 3963 728 4016 Item
790 3963 833 4018 ulo
867 3963 987 4033 pretibus
1004 3962 1209 4032 displicuerunt3
1235 3971 1319 4033 genus
1344 3961 1469 4033 loquendi

232 4041 294 4100 post
311 4048 401 4084 omnes
418 4031 499 4086 nostri
518 4031 620 4085 codices
638 4031 748 4086 etheid.
783 4050 833 4086 oss.
867 4050 939 4101 spem
958 4035 1093 4096 deuouere,
1120 4031 1205 4103 ipsum
1221 4035 1332 4086 verbum
1348 4031 1470 4100 coempti·

235 4107 246 4152 1
267 4103 411 4154 extraheret
433 4118 481 4172 pro
498 4099 570 4170 vulg.
588 4102 765 4155 extraheretur
787 4118 834 4154 ex-
868 4101 992 4163 scentine,
1014 4097 1138 4154 ecclesiae
1155 4099 1276 4170 patribus
1299 4118 1354 4154 non
1371 4099 1469 4152 Rome·

232 4167 334 4222 hibent.
868 4167 908 4222 nis
925 4167 1076 4222 auctoribus
1094 4168 1237 4234 usitatum
1259 4169 1304 4222 sed
1324 4167 1395 4249 quod
1412 4183 1468 4218 mn·

267 4239 290 4305 5.
303 4244 341 4290 lt).
388 4246 457 4290 osts
490 4238 576 4290 ttnnm
594 4237 671 4304 diem]
699 4235 744 4290 Sic
760 4235 832 4290 vide-
866 4237 967 4290 ximum
989 4245 1030 4289 est
1053 4236 1152 4290 violate
1173 4237 1238 4292 fides
1259 4236 1392 4292 codicibus
1408 4251 1469 4288 mss.

231 4304 311 4357 batur
327 4323 358 4359 co
377 4306 445 4360 icum
480 4305 526 4358 des
545 4303 676 4376 postulare
694 4315 724 4358 ut
737 4303 833 4358 scribe-
867 4305 965 4358 debita
993 4303 1145 4358 Incideraut
1162 4305 1293 4376 principa
1311 4305 1424 4358 editores
1441 4301 1470 4356 in

231 4381 319 4440 retur,
348 4391 407 4428 cnm
428 4373 508 4444 vulgo
530 4383 600 4426 esset
617 4384 681 4442 post
699 4389 742 4427 νιι
759 4376 832 4428 dies:
866 4373 948 4428 libros
965 4381 1110 4444 corruptos,
1128 4391 1179 4427 nec
1193 4373 1322 4428 tamenin
1335 4371 1390 4426 ullo
1403 4389 1471 4442 quos

231 4441 351 4516 plerique
372 4442 442 4496 enim
463 4450 492 4496 et
513 4440 607 4513 optimi
622 4451 686 4510 port
704 4457 748 4498 vn
766 4445 833 4498 diem
866 4443 951 4498 adhuc
965 4441 1141 4512 cognorimus,
1159 4442 1206 4496 illa
1214 4442 1294 4498 lectio
1306 4441 1411 4512 integra
1423 4457 1471 4494 ex-
