3238 5296
246 345 318 417 398
716 365 749 428 Q·
777 363 1010 416 cacinnum

243 546 289 620 ab
316 547 443 620 accolis
468 546 667 646 rigantibus
689 547 866 644 carpituiz
894 572 936 622 ea
962 572 1071 622 causa
1096 557 1160 638 est,
1186 571 1250 622 cur
1274 557 1400 622 tennes
1425 571 1482 620 re

239 659 365 755 liquias
391 658 462 730 iam
501 659 577 731 sine
609 659 752 731 nomine
783 657 820 730 in
846 683 944 732 mare
977 660 1125 733 emittat
1177 657 1299 733 Multis
1338 669 1482 757 praeter
1505 677 1537 724 11

242 768 308 841 hos
336 769 500 843 amnibus
526 779 605 844 tota
629 768 728 866 regio
748 767 929 861 dividitur,
956 768 1022 843 sed
1046 770 1270 868 ignobilibus,
1297 769 1481 866 quianon

243 877 333 950 adeo
360 879 577 953 interfluunt.
631 877 799 952 Ceterum
830 905 920 976 quae
953 880 1122 978 propiora
1146 891 1231 956 sunt
1259 881 1350 954 mari
1383 880 1539 976 aqui-12

244 989 316 1062 loni
342 991 496 1062 maxime
523 988 731 1069 decurrunt:
770 990 800 1062 is
827 991 1003 1064 cohibitus
1037 992 1129 1089 iugis
1156 992 1330 1066 montium
1356 990 1404 1064 ad
1428 991 1481 1062 in·

243 1100 377 1173 teriora
400 1125 474 1174 non
499 1109 679 1198 penetrat,
711 1101 762 1174 ita
787 1101 922 1175 alendis
949 1102 1109 1199 frugibus
1135 1103 1239 1176 mitis.
1293 1099 1366 1178 Sed
1389 1099 1482 1173 adeo
1505 1119 1539 1166 ιι

241 1210 278 1282 in
306 1208 367 1282 illa
391 1212 498 1309 plaga
516 1210 671 1290 mundus
699 1223 811 1286 statas
830 1222 1033 1310 temporum
1058 1213 1153 1286 vices
1171 1223 1297 1303 mutat,
1322 1224 1374 1304 ut,
1401 1236 1485 1284 cum

244 1321 312 1393 alia
337 1322 478 1394 fervore
505 1321 588 1420 solis
615 1333 838 1413 exaestuant,
864 1322 1001 1396 Indiam
1027 1324 1128 1397 nives
1154 1325 1318 1415 obruant,
1344 1346 1484 1396 rursus·

244 1455 330 1528 que,
365 1431 426 1503 ubi
465 1441 585 1505 cetera
621 1435 753 1532 rigent,
792 1434 862 1506 illic
898 1433 1143 1508 intolerandus
1183 1445 1304 1508 aestus
1340 1435 1483 1508 existat

244 1538 320 1613 Nec
347 1543 487 1638 aperuit
518 1567 557 1616 se
588 1554 739 1618 naturae
764 1568 881 1616 causa
934 1543 1035 1618 Mare
1062 1556 1176 1636 certe,
1216 1571 1287 1642 quo
1327 1544 1485 1632 alluitur,
1508 1562 1541 1608 14
1595 1611 1596 1626 ,

243 1677 291 1724 ne
323 1652 440 1726 colore
479 1653 621 1752 quidem
661 1655 831 1729 abhorret
862 1680 885 1727 a
915 1656 1052 1730 ceteris.
1104 1657 1163 1731 Ab
1202 1654 1361 1756 Erythro
1397 1679 1486 1752 rege
1595 1647 1596 1680 ³

244 1867 352 1923 Vosal
382 1870 573 1940 Etlymomtus
601 1871 697 1924 dicitiu-
719 1869 847 1925 exbiberi
883 1871 977 1926 onibus
990 1872 1064 1926 flant.
1089 1872 1170 1927 Venti
1186 1881 1275 1926 autem
1292 1873 1330 1927 illi
1343 1879 1487 1942 postquam

242 1935 371 1992 Arrianus
389 1937 434 1991 lib.
448 1953 489 2006 iu,
508 1947 532 2006 6,
553 1946 583 1994 13
601 1939 766 1994 mentionem
784 1937 848 1992 facit
880 1947 953 1994 tram
979 1948 1081 1995 montes
1107 1941 1302 2010 desaevierunt,
1335 1942 1370 1994 ad
1391 1939 1487 1993 interi·

241 2005 355 2060 fluminis
381 2007 553 2076 Etymandri,
586 2005 785 2080 Ἑτύμανδρος,
817 2003 848 2064 tc
880 2025 927 2062 ora
944 2009 1016 2062 lenes
1032 2009 1157 2078 veniunt,
1175 2008 1266 2080 itaque
1284 2009 1384 2064 alendis
1401 2007 1488 2078 frugi-

243 2070 279 2126 δι’
288 2074 454 2146 Εὐεργετῶν
471 2077 540 2150 ῥέει,
560 2077 606 2130 sed
624 2076 744 2130 lccomm
764 2076 846 2130 inter·
880 2079 928 2132 bus
946 2078 1068 2148 aptiores.

242 2141 340 2196 vallum
357 2142 433 2197 nimis
451 2161 575 2214 magnum
593 2153 641 2198 cst
863 2163 864 2166 ’
914 2151 996 2213 §.18⁸
1023 2157 1106 2202 clatos
1129 2156 1178 2200 tem
1197 2164 1271 2200 orum
1295 2145 1375 2215 vices]
1400 2153 1486 2198 stota·

277 2213 300 2278 ξ.
329 2218 369 2264 11.
405 2213 468 2282 quio
495 2231 548 2266 non
573 2215 639 2266 odeo
672 2213 844 2283 interfluunt]
880 2223 922 2268 tos
939 2213 1010 2270 Flor.
1029 2214 1143 2274 CDFGI
1187 2232 1237 2268 oss.
1256 2222 1270 2268 1
1289 2214 1348 2268 Pal.
1368 2221 1398 2278 l,
1418 2212 1487 2266 itam

242 2277 303 2332 lloc
328 2278 433 2333 videtur
450 2279 550 2347 dicere,
578 2298 632 2334 non
652 2279 731 2350 longe
748 2281 843 2348 fluunt,
879 2283 937 2336 edd.
960 2291 1063 2336 veteres
1087 2293 1150 2338 ante
1172 2281 1301 2336 Modiam

262 2346 396 2418 nusquam
413 2365 472 2401 cum
489 2348 583 2402 ceteris
600 2348 741 2402 maioribus
761 2347 843 2402 amni-
895 2351 1319 2420 Nccopcmi'tacaotoroecouco]
1331 2347 1487 2402 Iocincor-

242 2364 293 2467 bus
318 2415 490 2483 misceantur,
522 2423 552 2468 nt
576 2418 646 2469 inter
671 2417 705 2469 ad
729 2417 845 2486 spatium
878 2426 971 2488 ruptus
985 2419 1013 2471 iii
1029 2419 1162 2500 plerisque
1175 2417 1309 2473 codicibus
1323 2415 1487 2486 legibirsic:

160 2528 164 2536 .
199 2519 202 2538 .=
243 2481 383 2556 pertineat,
404 2483 474 2562 quod
487 2493 529 2538 est
545 2483 616 2538 inter
630 2492 716 2538 ortum
730 2495 758 2538 et
766 2483 845 2538 finem
878 2504 980 2540 naccar
994 2489 1180 2542 obscenoturo
1193 2505 1283 2540 causo.
1311 2485 1488 2539 Flor.tamen

243 2567 334 2606 corum
352 2568 475 2604 amnium.
879 2554 903 2607 B
920 2571 969 2626 pro
986 2555 1030 2608 ubi
1047 2555 1129 2610 habet
1145 2556 1208 2623 nisi,
1226 2554 1253 2607 D
1271 2556 1316 2620 ibi,
1334 2552 1387 2608 ΕΗ
1401 2552 1485 2606 Beris.

278 2622 302 2688 ξ.
321 2626 361 2673 12.
388 2621 505 2690 aquiloni
525 2621 637 2674 mommo
654 2621 845 2688 decernatis
880 2622 978 2690 Bti'bi,
996 2631 1053 2675 tres
1070 2624 1150 2678 etiam
1168 2623 1244 2676 codd.
1262 2620 1408 2678 nicensi
1425 2638 1486 2674 cum

244 2687 370 2742 cohibitus
387 2689 475 2758 iupis]
506 2686 621 2758 Propius
640 2687 794 2743 accessimus
811 2691 845 2742 ad
879 2689 936 2745 Pal.
955 2698 968 2744 l
987 2700 1099 2745 acturos
1116 2709 1207 2746 cauca.
1234 2689 1314 2754 Quod
1331 2689 1412 2759 vulgo
1428 2688 1487 2742 edi·

244 2755 320 2810 codd.
351 2754 508 2826 scripturam
533 2775 611 2828 quam
638 2757 740 2825 Aldus,
775 2758 847 2812 cuius
881 2767 925 2812 tur
941 2776 988 2813 nec
1006 2777 1066 2826 cur,
1093 2761 1143 2814 atti
1158 2776 1187 2814 ae
1203 2769 1315 2814 notum
1338 2775 1422 2812 causo
1439 2759 1487 2810 ιἰι-
1595 2819 1596 2822 ¹

244 2823 424 2879 emendation
438 2823 533 2879 ceteris
546 2825 694 2880 editoribus
705 2826 733 2879 iii
744 2834 847 2880 textum
879 2829 981 2897 pessit
999 2827 1032 2879 ab
1041 2827 1170 2894 Aldoest,
1186 2827 1231 2898 qui
1247 2825 1285 2880 sic
1298 2825 1488 2879 emendaverat

243 2901 349 2964 recepta
374 2901 421 2948 est.
465 2893 509 2948 Sic
535 2891 594 2947 illa:
618 2895 749 2965 aquilonis
776 2913 847 2949 crox.
881 2895 944 2965 quia
960 2893 988 2947 in
1005 2893 1332 2965 editionibusprincipibus
1345 2892 1487 2948 invenerat

245 2965 370 3030 ἀειιιιιιι,
401 2964 422 3016 a·
442 2963 547 3017 cohibiti
571 2965 641 3032 iupis
663 2965 785 3016 mmitium
810 2966 848 3017 od
880 2980 927 3017 nco
944 2981 992 3018 cur
1005 2965 1050 3017 obi
1067 2981 1095 3018 se
1108 2973 1219 3018 naturae
1233 2981 1316 3017 causo
1324 2979 1398 3016 marc
1415 2964 1488 3031 quod

244 3031 370 3086 interiora
396 3049 449 3084 aon
467 3041 622 3100 penetrarit,
648 3033 686 3084 ilc
705 3062 739 3071 -
764 3033 845 3099 mites,
881 3033 989 3084 alluitur
1007 3033 1116 3101 inperat!
1138 3049 1185 3086 mc
1203 3033 1287 3086 colore
1309 3032 1414 3100 quidem
1435 3031 1486 3082 ab·
1595 3049 1596 3054 ¹

245 3098 523 3164 (cadmitiaFreinsh.
541 3099 574 3152 dc
592 3097 847 3153 coniecturaAcida-
879 3102 966 3153 torret
985 3118 1001 3152 a
1019 3103 1138 3153 coeteris.
1165 3101 1205 3154 Ac
1222 3095 1410 3168 suntmss.qui
1424 3113 1486 3150 cum

243 3167 283 3232 lii)
301 3186 354 3240 qus
367 3166 531 3239 inscriptura
545 3169 671 3222 deurendi
685 3167 795 3222 verbum
812 3167 845 3222 de
879 3167 931 3221 illis
949 3167 1108 3222 editionibus
1122 3185 1153 3222 co
1257 3175 1279 3235 t,
1298 3167 1344 3220 sed
1362 3184 1396 3220 ex
1410 3166 1487 3220 deto-

243 3235 324 3292 nimio
350 3235 449 3306 frigora
479 3235 586 3288 ridetur
614 3234 786 3303 intellexisse,
818 3236 846 3289 id
879 3235 977 3290 riorum
995 3235 1094 3303 ordina,
1113 3253 1163 3292 nco
1197 3237 1278 3290 abent
1295 3237 1323 3288 in
1342 3235 1419 3300 aad,
1438 3235 1488 3288 sed

244 3304 314 3426 guod
339 3322 355 3358 a
377 3312 470 3383 natura
488 3302 562 3382 ‘coeli
588 3302 737 3383 longissime
755 3305 845 3382 abest.
878 3307 1003 3373 inpressit
1011 3303 1082 3383 Elor.
1091 3304 1148 3371 cu,
1162 3301 1321 3384 aiqrcacitG
1359 3304 1442 3357 Beni.
1450 3302 1487 3370 B,

265 3389 355 3426 ivero
377 3371 411 3424 de
432 3389 513 3425 nimio
535 3369 622 3424 calore
645 3371 789 3438 intellexit,
811 3389 845 3425 nc
879 3372 953 3491 puod
977 3389 1042 3442 quin
1066 3381 1154 3427 ortum
1179 3381 1214 3426 sit
1238 3388 1272 3426 ex
1297 3371 1392 3426 vocula
1418 3381 1488 3424 certe

245 3441 294 3494 boc
327 3439 440 3519 quidem·
469 3456 528 3493 cum
559 3439 676 3518 vocitata
713 3439 843 3508 convenit,
898 3439 997 3519 obium.
1019 3457 1075 3494 csse
1105 3440 1208 3511 nequit
1255 3439 1344 3494 Ceteri
1381 3439 1488 3493 codioes

244 3525 303 3588 cuin
320 3515 415 3588 ventus
431 3505 477 3559 ille
499 3523 578 3576 quem
603 3507 732 3586 significat
751 3505 843 3586 afferat
878 3524 968 3588 opines
989 3507 1055 3587 illud
1073 3511 1182 3563 verbum
1198 3526 1251 3562 non
1268 3507 1411 3574 exhibent,
1439 3507 1487 3560 sed

244 3575 846 3723 tarutiusttaeiutui
1116 3585 1294 3725 ,aad
1317 3577 1489 3723 tati

245 3711 297 3766 lem
320 3721 429 3793 aestum.
463 3713 520 3791 lain
541 3711 725 3812 vidacodiccs
747 3729 844 3793 magno
880 3711 1094 3792 ollacturudldus
1115 3721 1188 3766 racto
1217 3713 1321 3832 ridetup
1350 3725 1488 3832 scrpfflssp

244 3780 846 3931 ituuricttiituittcu
879 3782 1168 3929 limi,
1182 3780 1428 3928 {tirrici

243 3917 521 4066 tt'tttttitttf
538 3925 845 4066 &tittttitttt
878 3916 1331 4064 ittalttitttittuttt
1345 3925 1414 4063 ftis
1427 3932 1487 4053 ‘tt

245 4072 273 4107 m
291 4053 369 4108 Voss.
386 4057 415 4120 2)
434 4071 465 4108 ac
480 4061 546 4124 puto
563 4070 600 4132 sic
617 4053 742 4122 explicari
759 4069 846 4123 possa,
882 4053 1024 4132 destitutus
1041 4064 1096 4131 est,
1120 4053 1167 4106 sed
1184 4071 1212 4131 ¹iii
1228 4051 1306 4106 fallor
1323 4050 1398 4104 aliud
1417 4051 1488 4132 latet

245 4131 277 4175 ut
289 4124 405 4203 aquiloni
415 4124 550 4200 decurrere
564 4120 667 4200 dicatur
680 4121 762 4200 regio,
780 4138 847 4192 quae
880 4121 980 4200 melma.
1009 4119 1139 4202 Equidem
1156 4120 1218 4174 olim
1231 4119 1374 4190 legendum
1392 4127 1488 4173 existi-
1595 4195 1596 4200 Ἰ

246 4191 395 4245 declivitate
420 4207 467 4244 sua
485 4187 603 4258 aquiloni
630 4205 743 4242 maxime
765 4206 847 4269 expo-
880 4207 950 4243 mavi
967 4205 1013 4242 nec
1030 4199 1132 4258 aperuit
1152 4199 1248 4242 natura
1271 4205 1393 4254 coucam,
1416 4205 1490 4268 nunc

246 4257 296 4314 sita
310 4258 352 4314 sit
385 4260 540 4337 Aquilonem
557 4263 644 4309 autem
662 4275 721 4312 cum
729 4257 847 4337 Schmic-
880 4257 951 4310 malo
968 4274 1014 4309 aec
1031 4259 1134 4336 ppcmit
1150 4274 1178 4310 se
1194 4265 1305 4309 naturae
1323 4273 1422 4335 causa,
1441 4255 1488 4309 alii

245 4329 311 4409 dero
337 4325 459 4409 exutimo
484 4324 645 4398 appellatum
670 4342 728 4380 essa
752 4335 847 4380 etesias
880 4327 990 4380 fortasse
1007 4323 1489 4403 alicuinrcnicntquacpropiusaccc-
1595 4371 1596 4376 ,

245 4399 350 4527 ιιι
377 4392 847 4522 <>
881 4395 947 4530 ιι
964 4391 1351 4530 ι,
