3254 5292
227 371 298 442 108
696 392 729 454 o.
759 392 882 444 ounrn
908 394 992 444 sun

224 572 414 670 grinationi
451 583 616 671 tempora
653 586 845 650 exemerat.
917 575 1042 673 Itaque
1082 575 1252 676 Aegypto
1292 579 1463 676 praefecit

221 681 442 781 Aeschylum
476 682 656 756 Rhodium
698 697 735 759 et
766 685 964 762 Peucesten
995 686 1247 778 Macedonem,
1291 700 1461 785 quattuor

222 794 365 868 milibus
392 795 544 866 militurn
569 796 606 867 in
632 797 848 892 praesidium
875 799 1028 896 regionis
1056 799 1131 870 eius
1159 797 1269 871 datis:
1305 799 1461 872 claustra

221 901 291 976 Nili
316 903 471 978 fluminis
496 904 726 980 Polemonem
752 909 845 981 tueri
870 909 988 998 iubet;
1022 908 1169 1006 triginta
1194 907 1242 980 ad
1266 909 1336 983 hoo
1360 911 1459 983 trire-

220 1038 296 1086 mes
322 1013 439 1088 datae.
477 1015 619 1089 Africae
645 1015 784 1107 deinde,
811 1045 901 1115 quae
927 1018 1096 1118 Aegypto
1121 1019 1243 1093 iuncta
1268 1031 1334 1110 est,
1359 1039 1494 1118 prae-s

110 1121 113 1126 “
220 1125 357 1222 positus
382 1124 615 1222 Apollonius:
643 1130 876 1226 vectigalibus
901 1129 1060 1203 eiusdem
1077 1129 1219 1202 Africae
1232 1126 1459 1229 Aegyptique

221 1233 439 1310 Cleomenes.
492 1235 550 1308 Ex
575 1237 732 1310 finitimis
760 1241 908 1313 urbibus
941 1241 1174 1338 commigrare
1200 1239 1459 1313 Alexandriam

219 1347 343 1436 iussis,
378 1371 511 1418 novam
541 1347 668 1420 urbem
703 1375 833 1446 magna
866 1350 1093 1425 multitudine
1126 1352 1297 1450 implevit.
1348 1349 1492 1422 Famae

219 1466 293 1546 est,
320 1481 402 1528 oum
427 1481 494 1529 rex
520 1459 617 1531 urbis
643 1461 784 1533 futurae
809 1485 931 1534 muros
957 1461 1121 1557 polenta,
1155 1472 1198 1535 ut
1221 1459 1459 1534 Macedonum

99 1655 107 1666 ἱ
217 1591 296 1638 mos
323 1575 397 1657 est,
430 1565 664 1660 destinasset,
696 1572 816 1644 avium
851 1597 978 1671 greges
1010 1571 1215 1661 advolasse,
1250 1581 1288 1643 et
1312 1571 1458 1668 polenta

219 1700 297 1749 esse
332 1687 474 1774 pastas:
512 1704 662 1775 cumque
696 1680 733 1753 id
769 1707 874 1755 omen
899 1707 966 1780 pro
992 1683 1085 1755 tristi
1111 1708 1133 1754 a
1158 1681 1336 1779 plerisque
1363 1691 1459 1755 esset

218 1797 413 1884 acceptum,
439 1788 667 1886 respondisse
693 1801 810 1882 vates,
836 1817 1004 1890 magnam
1028 1793 1125 1864 illam
1151 1792 1277 1865 urbem
1303 1789 1456 1866 advena·

216 1922 296 1970 rum
328 1897 564 1992 frequentiam
599 1901 790 1993 cultmam,
825 1903 1018 1998 multisque
1053 1926 1132 1974 eam
1159 1902 1263 1975 terris
1289 1902 1457 1974 alimenta

216 2009 469 2105 praebituram.

166 2119 215 2189 34
319 2119 470 2217 Regem,
505 2145 587 2194 cum
619 2120 777 2196 secundo
802 2124 898 2196 amni
924 2119 1115 2211 deflueret,
1142 2121 1283 2217 assequi
1309 2120 1489 2218 cupiensr

215 2226 369 2318 Hector,
404 2228 649 2305 Parmenionis
675 2233 785 2324 filius,
821 2234 952 2307 eximio
978 2233 1105 2305 aetatis
1132 2231 1235 2321 flore,
1269 2231 1308 2303 in
1333 2230 1455 2328 paucis

215 2338 425 2413 Alexandro
460 2367 579 2432 carus,
613 2368 766 2441 parvum
804 2343 986 2441 navigium
1020 2338 1243 2430 conscendit,
1281 2341 1453 2438 pluribus,

214 2476 322 2547 quam
348 2475 475 2548 capere
501 2464 640 2550 posset,
666 2453 849 2551 impositis.
902 2451 1028 2550 ltaque
1054 2476 1172 2524 mersa
1198 2451 1299 2524 navis
1327 2468 1486 2523 omness

208 2627 407 2746 pereyrinontn
436 2623 548 2680 Tractat
566 2627 636 2680 hunc
653 2625 818 2706 locumllrag
850 2626 931 2706 Berq.
957 2625 981 2678 B
1007 2624 1078 2678 Flor.
1106 2623 1209 2678 CEGH
1240 2626 1329 2679 urbem
1343 2625 1452 2706 suturis

231 2695 292 2746 snb.
317 2693 358 2772 ad.
376 2692 433 2773 lna
451 2707 503 2760 111,
530 2702 563 2748 to
591 2697 674 2748 boum
692 2698 817 2748 seditioni
850 2711 951 2762 muns,
975 2693 1045 2746 Flor.
1068 2691 1133 2746 DFI
1154 2695 1242 2746 urbem
1260 2695 1347 2759 soture
1369 2710 1453 2756 muru

212 2763 418 2908 meiolffmmoiz'illi
435 2779 618 2884 qbii'b‘iuis
647 2837 727 2910 mete.
761 2829 812 2884 nu.
850 2769 1052 2909 omnqguqbpptgq
1061 2759 1452 2907 pbileen'lllnpmbbialli'imli

210 2914 292 2968 pnnc.
311 2897 484 2966 Polymenm
502 2900 578 2952 codd.
596 2907 643 2953 aut
655 2899 815 2952 Polemonem
849 2915 893 2951 ros
920 2899 988 2950 idem
1011 2897 1093 2950 ferme
1120 2903 1162 2949 est
1191 2912 1223 2950 ao
1249 2897 1320 2966 quod
1345 2895 1451 2950 Modrus

211 2972 258 3018 aut
272 2965 431 3019 Polimenetn
467 2975 554 3020 rseter
571 2966 642 3022 Flor.
662 2966 687 3020 G
706 2965 750 3037 qui
769 2983 815 3019 ve·
848 2965 934 3019 voluit
952 2967 1104 3034 designare,
1127 2963 1197 3018 siout
1217 2965 1298 3034 paulo
1315 2971 1378 3018 ante
1395 2981 1450 3018 om·

209 3051 267 3086 rum
294 3051 390 3088 nomen
412 2985 501 3089 habet.
538 3035 577 3090 cf.
600 3034 697 3088 Ari-ian
722 3049 772 3100 111,
798 3040 813 3087 5
850 3035 927 3088 bitena
953 3037 1017 3088 dest.
1039 3034 1130 3086 muris.
1171 3031 1297 3086 Ceterum
1323 3033 1357 3084 de
1378 3047 1451 3085 more

208 3100 255 3156 ubi
269 3102 392 3156 Polemon
410 3105 556 3158 nauarchus
573 3103 678 3168 dicitur,
696 3101 814 3156 diversus
848 3101 894 3156 illo
912 3103 1086 3156 Macedonum
1112 3099 1139 3152 in
1165 3099 1268 3153 urbium
1285 3100 1387 3154 ambitu
1404 3099 1450 3151 de-

208 3171 242 3224 sb
259 3169 310 3224 slio
327 3171 471 3224 Polemone
488 3172 622 3241 praesecto
638 3170 744 3224 Pelusii.
847 3168 976 3289 signando
988 3169 1097 3248 polenta
1109 3167 1201 3221 utendi
1214 3185 1267 3220 non
1280 3169 1359 3248 modo
1371 3167 1451 3247 silent

206 3240 628 3384 nit⁵t>rl²¹l>irf⁴i⁹ill.-⁶iitl
649 3237 813 3359 albidi
847 3255 894 3358 iit
911 3236 1189 3382 bailliis&
1221 3243 1451 3356 abuliabffl

208 3373 335 3424 debebam
357 3390 391 3425 ex
408 3373 555 3442 Brpontins
577 3389 708 3426 assumere
725 3372 752 3426 in
769 3390 811 3492 pr.
846 3373 1009 3427 adscribunt.
1044 3371 1113 3425 Vide
1129 3371 1248 3424 Freinsb.
1267 3379 1364 3426 notam.

207 3439 271 3492 edit.
293 3440 436 3492 Cleomenis
464 3457 560 3493 nomen
582 3457 616 3492 ex
641 3440 749 3494 Arriani
789 3440 811 3493 i·
881 3440 947 3511 Cap.
965 3447 1008 3506 34,
1028 3441 1051 3507 ξ.
1071 3447 1094 3492 7.
1116 3441 1229 3492 secundo
1246 3441 1331 3510 omne]
1357 3437 1411 3491 Vul

207 3505 288 3561 storia
318 3507 436 3560 restituit
467 3507 565 3577 primus
594 3507 698 3561 Iunius:
731 3509 807 3563 codd.
844 3526 934 3574 omne,
954 3509 1026 3578 quod
1043 3524 1106 3560 sane
1124 3514 1152 3559 et
1169 3506 1233 3560 alies
1251 3514 1280 3560 et
1296 3507 1324 3560 in
1341 3507 1391 3560 heo
1417 3523 1447 3560 o-

206 3575 311 3647 quidem
330 3585 359 3628 et
376 3574 439 3628 edit.
457 3593 496 3656 pr.
517 3577 645 3642 Clemens,
663 3576 747 3656 Aldus
765 3580 809 3631 de·
844 3575 949 3630 cutione
967 3575 1089 3628 usitatius
1105 3583 1155 3640 est,
1174 3574 1220 3626 sed
1237 3575 1363 3628 rariorem
1379 3573 1446 3628 alte-

204 3661 308 3791 rna.
334 3645 807 3782 titininaatcaa
841 3645 1026 3782 rista
1040 3641 1350 3790 astitisti

204 3779 363 3847 bominibus,
380 3781 451 3851 quod
469 3798 521 3834 non
539 3780 679 3834 difficulter
695 3797 807 3851 aequem
840 3781 928 3846 sitam,
947 3787 976 3832 et
990 3793 1032 3846 11,
1050 3785 1083 3832 86
1102 3785 1171 3831 extr.
1186 3797 1216 3830 tn
1232 3780 1306 3831 omni
1322 3777 1445 3832 ramobm

203 3847 341 3919 praebebit
358 3867 455 3918 magna
473 3852 616 3903 multitudo.
840 3847 941 3900 editum
958 3855 1006 3900 est.
1042 3845 1100 3899 Nos
1117 3859 1158 3912 w,
1176 3853 1220 3912 85,
1241 3852 1271 3900 19
1290 3853 1319 3899 et
1335 3859 1377 3912 11,
1401 3851 1443 3910 15,

239 3918 262 3983 §.
281 3921 304 3970 6.
340 3918 413 3970 urbis
422 3919 537 3986 suturae
553 3934 641 3970 muros
652 3917 805 3996 poiento-
842 3922 874 3968 14
898 3933 955 3968 cam
978 3915 1052 3967 omni
1077 3913 1217 3967 restituens
1250 3912 1387 3967 debuimus
1409 3929 1444 3965 ex

204 3984 372 4054 destinasset]
391 3984 436 4038 Sio
452 3985 602 4038 emendavit
638 4002 731 4036 ramum
745 3983 805 4038 Mo·
840 3982 1033 4053 probatioribus
1061 3980 1142 4035 libris
1183 3981 1223 4035 cf.
1242 3980 1443 4035 Drakenborch.

203 4050 262 4105 dius
285 4051 313 4104 in
334 4051 404 4105 notis
426 4061 455 4106 et
482 4062 577 4122 postea
627 4051 751 4107 ronoviua
777 4051 805 4104 in
840 4051 874 4104 ed
891 4050 949 4104 Liv.
965 4064 1064 4115 xxm,
1084 4056 1131 4114 10,
1150 4053 1174 4102 8.

202 4119 313 4175 Observ.
331 4119 375 4173 lib.
394 4135 417 4171 11
434 4138 456 4174 c.
475 4125 506 4186 8,
532 4137 591 4175 cum
609 4121 636 4173 in
653 4117 805 4189 vulgaribus
875 4121 898 4186 §.
928 4124 952 4173 8.
982 4135 1070 4172 mereo
1097 4117 1173 4170 novis
1201 4134 1288 4170 omnes
1312 4116 1441 4186 destituit]

201 4190 260 4241 edd.
279 4195 347 4240 esset
365 4190 438 4240 urbis
448 4189 557 4256 futuris
574 4190 658 4242 muris
671 4190 805 4256 polentam
838 4185 948 4240 Dictum
965 4196 1006 4240 ast
1023 4183 1091 4239 siout
1108 4184 1179 4254 apud
1197 4183 1300 4238 Livium
1317 4198 1389 4249 xxx,
1408 4187 1442 4238 24

201 4259 370 4322 destinasset,
388 4274 441 4327 quo
459 4255 523 4309 nihil
540 4255 655 4326 ineptius
672 4271 728 4308 osse
743 4262 806 4326 pot-
873 4273 963 4326 aspero
985 4271 1064 4308 cursu
1086 4261 1182 4306 nectum
1205 4253 1321 4306 destituit
1343 4259 1441 4329 eaden.

200 4335 249 4380 est.
285 4324 368 4378 Codd.
388 4333 477 4377 sutem
494 4341 583 4377 omnes
600 4323 722 4376 mendosi
739 4330 801 4375 sunt
836 4273 901 4393 lpse
919 4321 1028 4377 Curtius
1045 4325 1120 4386 1V‚ir
1148 4337 1219 4388 spem
1227 4323 1343 4390 fortune
1362 4321 1440 4396 destr-

199 4395 225 4448 h.
244 4393 275 4446 1..·
297 4392 367 4446 Flor.
386 4391 434 4444 AB
462 4391 541 4445 Bern.
564 4393 589 4444 Α
615 4389 692 4444 Leid.
715 4391 804 4444 arbem
840 4395 1064 4458 tuit,v11,lnon
1082 4389 1439 4442 memoriosolumsedettom

190 4462 283 4532 saturi
296 4462 388 4526 ninam,
406 4459 482 4516 Voss.
498 4468 510 4513 1
525 4461 599 4514 urbis
608 4460 703 4529 saturi
719 4461 802 4514 muris
840 4477 911 4514 mens
935 4477 991 4513 enm
1018 4457 1237 4523 destituitur
1256 4456 1362 4527 semino
1375 4469 1439 4523 per·
