3158 5294
501 361 550 411 nr.
578 358 914 429 charissimam,
949 329 994 409 'aa
1147 375 1150 381 ·
1272 337 1346 410 455

7 611 10 637 ,
106 543 193 618 licet
217 544 350 641 gloriae
377 568 463 618 suae
489 569 562 618 non
587 543 796 641 refragatus,
823 542 955 614 afuisse
974 566 1022 632 se,
1048 541 1196 614 missum
1223 542 1258 614 in
1286 567 1345 616 ex-

7 637 13 654 .
105 653 345 752 peditionem,
377 655 569 728 memoriae
601 651 758 726 tradidit.
819 653 935 727 Tanta
965 654 1254 752 componentium
1285 681 1344 727 ve-

7 835 13 842 ,
104 775 207 838 tusta
231 790 351 840 rerum
376 775 607 840 montunenta
633 766 691 838 vel
718 765 900 856 securitas,
927 765 985 838 vel
1010 789 1075 862 par
1100 764 1182 836 huic
1208 765 1344 856 vitium,

7 871 13 878 “
106 875 301 950 credulitas
327 877 407 950 finit!

7 985 83 1074 ,22
211 989 309 1088 Rege
334 989 371 1060 in
397 987 667 1062 tabernaculum
692 987 821 1078 relato,
860 985 988 1058 medici
1013 985 1149 1081 liguum
1189 987 1389 1084 sagittaett

7 1101 13 1184 }
40 1119 82 1168 aa
104 1101 248 1199 corpori
273 1101 433 1190 hilinum,
459 1099 511 1172 ita
527 1125 573 1172 ne
589 1097 764 1196 spiculum
781 1107 995 1186 moveretur,
1023 1094 1220 1169 abscidunt.
1258 1095 1340 1171 Cor-

7 1201 12 1292 ]'
103 1237 195 1310 pore
221 1210 349 1286 deinde
374 1209 526 1301 nudato,
553 1205 843 1282 annnadvertunt
868 1209 992 1281 hamos
1019 1207 1135 1281 inesse
1160 1208 1248 1300 telo,
1274 1236 1341 1284 nec

7 1351 9 1406 g
105 1323 211 1394 aliter
236 1320 274 1396 id
300 1321 375 1395 sine
400 1321 555 1419 pernicie
581 1319 739 1418 corporis
767 1320 908 1394 extrahi
932 1333 1055 1417 posse,
1091 1343 1198 1414 quam
1224 1329 1266 1390 ut
1292 1345 1343 1392 se·

7 1437 10 1444 '
45 1454 87 1501 24
107 1432 224 1506 cando
251 1433 382 1506 vulnus
408 1443 590 1531 augerent.
657 1427 823 1504 Ceterum
853 1455 900 1503 ne
935 1439 1096 1503 secantes
1128 1429 1344 1526 profluvium

7 1627 10 1650 .
106 1543 291 1640 sanguinis
318 1552 523 1641 occuparet,
549 1543 783 1632 verebantur3
816 1541 947 1638 quippe
973 1540 1097 1637 ingens
1124 1540 1235 1614 telum
1260 1541 1343 1617 ada·

7 1660 12 1748 J
46 1673 87 1722 25
107 1665 207 1726 ctum
234 1665 326 1744 erat,
354 1665 391 1726 et
416 1663 623 1752 penetrasse
650 1653 852 1728 inviscera
876 1649 1075 1724 videbatur.
1130 1647 1342 1746 Critobolus,

105 1764 200 1838 inter
225 1765 381 1838 medicos
407 1766 495 1839 artis
521 1764 688 1854 eximiae,
721 1762 847 1837 sedin
874 1771 976 1836 tanto
1002 1761 1161 1858 periculo
1187 1763 1342 1856 territus,

8 1885 13 1970 f
107 1873 268 1973 [manus]
295 1874 487 1948 admovere
505 1875 698 1965 mstuebat,
723 1899 770 1946 ne
789 1873 826 1945 in
846 1872 956 1970 ipsius
976 1881 1085 1970 caput
1109 1897 1237 1969 parum
1263 1899 1342 1970 pro-

7 1981 9 2010 ³
47 2005 233 2083 respersa
261 1986 451 2058 curationis
486 1985 660 2060 recideret
689 1994 848 2060 eventus.
901 1979 1162 2068 Lacrimantem
1194 2008 1344 2060 cumae

7 2083 13 2122 ²
107 2107 327 2170 metuentem
367 2107 405 2170 et
448 2096 682 2171 sollicitudine
722 2096 980 2194 propemodum
1019 2119 1240 2193 exsanguem
1276 2121 1343 2170 rex

7 2283 8 2286 ’
105 2279 211 2332 laudern
228 2279 308 2349 longo
330 2286 394 2349 post
417 2277 555 2332 intervallo
573 2277 708 2346 (nimirum
740 2277 818 2350 paulo
835 2287 897 2332 ante
922 2278 974 2350 legi
992 2285 1123 2350 poterant.
1166 2277 1296 2358 Equidem
1315 2278 1343 2332 in

105 2365 162 2400 non
178 2347 263 2402 multo
281 2346 495 2401 antechristum
508 2351 611 2414 natum)
629 2363 707 2400 reno·
740 2347 813 2401 nullo
831 2347 922 2401 codice
938 2355 1047 2418 praeter
1064 2348 1180 2416 Vosat,
1200 2365 1227 2399 rn
1246 2363 1298 2418 quo
1316 2355 1344 2400 et

104 2415 193 2482 ravit,
229 2432 309 2486 opere
335 2415 428 2486 opinor
453 2414 609 2482 βασιλέων,
635 2416 706 2485 quod
740 2415 800 2470 iso
817 2419 929 2486 sagittae
951 2415 1156 2487 superscriptum
1175 2422 1228 2482 est,
1252 2422 1343 2470 extare

104 2484 256 2554 Stephanus
281 2483 346 2552 Byz.
374 2502 394 2536 s.
420 2501 445 2536 v.
476 2483 585 2538 Μιλύας
609 2481 706 2536 laudat.
757 2493 832 2538 astae
849 2501 879 2539 co
918 2485 969 2538 ovi.
995 2483 1082 2537 Porro
1099 2486 1267 2539 abscidente
1286 2483 1343 2537 timi

105 2552 148 2606 cf.
166 2554 199 2605 de
217 2553 272 2605 eius
298 2552 353 2605 vita
378 2560 410 2606 ut
430 2551 599 2606 nothelmum
621 2551 707 2606 nomi·
740 2553 817 2606 codd.
834 2551 882 2606 Lei
902 2592 909 2607 .
926 2553 1027 2607 Vossl
1048 2552 1178 2608 mosne
1196 2570 1256 2606 curn
1267 2501 1342 2606 lior.

7 2637 12 2686 ς
104 2639 165 2674 nem
189 2621 358 2675 Weicbcrtum
379 2618 407 2673 in
433 2619 536 2674 dissert.
555 2620 588 2673 de
605 2619 707 2673 Iarbita
741 2619 789 2674 GI.
818 2621 913 2692 Neque
930 2621 1018 2692 placet
1035 2620 1126 2692 utique
1142 2621 1185 2674 vul
1222 2630 1279 2675 tum
1296 2623 1343 2673 ab·

106 2689 260 2758 Timagenis
277 2687 447 2756 aemulatore,
464 2689 564 2743 inserta
580 2687 608 2741 in
625 2687 707 2742 einsd.
740 2691 862 2744 scindant
883 2705 973 2742 sensus
994 2705 1085 2754 causa,
1109 2688 1177 2758 siqui
1197 2705 1238 2741 em
1260 2689 1343 2742 omnis

7 2749 12 2796 ='
105 2756 165 2810 Reli
186 2756 235 2810 uiis
252 2761 324 2827 poet.
342 2755 402 2810 Lat.
421 2775 445 2827 p.
464 2764 513 2813 393
532 2773 592 2827 sqq.
739 2755 900 2826 significatio
917 2756 956 2809 vis
972 2755 1202 2824 acrehementiae,
1220 2773 1287 2826 quae
1304 2757 1344 2809 in-

7 2865 9 2884 .
140 2844 153 2878 s
188 2827 636 2894 icetplottaesucenonrcfraqctas
659 2823 708 2876 Ni·
742 2832 785 2877 est
806 2825 831 2876 in
849 2826 939 2891 verbo,
957 2826 1047 2877 abesse
1065 2825 1189 2877 debetab
1207 2825 1344 2877 hocloco.

7 2891 9 2906 '
105 2892 143 2948 hil
151 2901 258 2947 mutant
270 2893 347 2947 codd.
361 2891 497 2948 neModio
511 2892 635 2946 fidemha
670 2909 708 2958 as,
778 2897 802 2958 S.
828 2899 870 2946 25.
908 2893 1056 2946 Critobulus
1086 2891 1113 2944 in
1138 2899 1204 2944 vett.
1230 2893 1290 2944 edd.
1317 2899 1344 2944 et

7 2975 10 3020 ι
106 2963 198 3014 abesse
219 2979 305 3014 aona
330 2960 488 3014 membranis
508 2961 620 3014 notanti.
654 2959 710 3012 Ex·
743 2959 849 3012 otimis
874 2959 929 3012 fere
946 2977 1005 3012 mss.
1023 2968 1065 3013 est
1083 2959 1244 3013 Critobulus:
1262 2959 1342 3013 Bern.

8 3037 9 3040 ’
107 3027 176 3100 plica
196 3029 289 3098 igitur:
317 3027 362 3099 qui
389 3025 497 3109 quidem
521 3028 585 3081 alias
611 3027 710 3098 gloriae
785 3036 814 3080 et
830 3027 908 3081 Voss.
930 3033 946 3081 2
969 3027 1049 3080 etiam
1065 3027 1188 3081 Critolao.
1224 3027 1266 3080 De
1285 3025 1344 3081 cri-

7 3121 8 3130 *
106 3113 169 3152 suae
195 3115 249 3151 non
274 3097 402 3168 refragari
428 3097 521 3154 solitus
538 3105 592 3162 est,
620 3096 709 3150 Germ.
742 3095 828 3150 tobuli
854 3096 932 3149 laude
955 3095 1000 3166 qui
1022 3094 1110 3166 Philip
1129 3113 1173 3148 um
1198 3094 1344 3148 Alexandri

105 3173 144 3221 brt
167 3167 220 3232 tort
239 3167 317 3228 nott,
346 3167 483 3236 maturiet,
513 3166 595 3234 [etna
615 3167 707 3234 fflutnu
776 3171 842 3217 trem
860 3171 1009 3231 curaverat,
1036 3163 1097 3216 vide
1136 3163 1227 3216 linium
1244 3163 1271 3218 in
1287 3171 1343 3216 nat.

7 3303 8 3308 Ἰ
106 3235 166 3303 uidi
183 3239 294 3304 bttgtgtn
311 3247 370 3289 tter.
762 3231 768 3244 '
819 3245 874 3300 vn,
897 3239 948 3290 37„
974 3231 1029 3286 Sed
1050 3231 1105 3284 eius
1127 3231 1230 3285 laudem
1249 3231 1275 3283 in
1293 3232 1344 3286 hoc

139 3311 239 3356 vetusta
255 3319 342 3355 renen
364 3303 538 3370 monumenta]
573 3300 708 3355 inomni·
741 3299 887 3356 Alexandri
907 3299 1016 3356 vulnere
1038 3300 1153 3354 curando
1178 3299 1287 3352 dubium
1304 3302 1343 3353 fa·

7 3403 8 3412 .
105 3370 154 3422 bus
182 3369 258 3424 codd.
285 3369 383 3439 legitur
409 3379 533 3423 adestote
551 3386 654 3438 rernm,
679 3368 706 3422 in
742 3368 779 3423 eit
799 3368 926 3423 Arrianus
949 3367 994 3438 qui
1015 3369 1188 3422 Critodemum
1214 3365 1343 3421 medicum

7 3479 8 3482 η
105 3437 239 3508 plerisque
270 3437 350 3493 etiam
393 3439 568 3502 montoranto,
598 3445 627 3490 et
675 3455 706 3491 ro
742 3437 868 3518 appellat,
886 3437 929 3490 val
946 3437 1046 3490 nullum
1067 3437 1197 3490 medicum
1214 3437 1260 3490 sed
1277 3435 1343 3490 Per·

7 3509 9 3528 ⁵
107 3509 308 3575 responsalium
325 3503 353 3558 in
370 3503 441 3560 Flor.
458 3504 604 3559 DEFGHI
619 3455 677 3559 Pal.
692 3513 705 3560 1
742 3505 832 3560 moran
850 3505 966 3576 chirurgi
982 3522 1063 3576 opera
1081 3505 1200 3559 sunctum
1217 3520 1274 3557 esse
1287 3512 1342 3558 tra-

107 3575 308 3642 cmnpeteatiam,
326 3573 354 3626 in
370 3573 451 3626 Bern.
469 3573 493 3626 B
512 3573 619 3628 Vocat
638 3592 705 3628 com·
741 3571 790 3627 dit.
834 3573 903 3627 'lhrm
928 3587 1022 3628 manua
1049 3575 1184 3628 admovere
1217 3575 1342 3626 metacbut

103 3642 251 3708 potentian.
287 3639 340 3694 Sed
358 3657 416 3694 cum
434 3659 486 3694 non
506 3641 623 3696 dubitem
641 3641 705 3712 quin
739 3641 819 3712 vulgo
843 3642 944 3709 editur,
972 3642 1018 3694 sed
1040 3640 1124 3711 prima
1150 3658 1202 3694 vox
1227 3641 1255 3694 in
1281 3659 1341 3695 mss.

7 3727 9 3754 r
106 3715 175 3761 recte
191 3707 286 3761 edatur
304 3709 375 3778 quod
393 3725 462 3762 nunc
478 3707 575 3776 editur,
591 3709 705 3763 incertus
739 3709 860 3763 omnibus
877 3718 905 3762 et
926 3708 1084 3763 editionibus
1108 3708 1239 3762 veteribus
1258 3709 1341 3776 deest,

107 3792 162 3829 sum
178 3775 212 3828 de
229 3775 448 3844 interpretatione
465 3783 553 3830 utrum
571 3793 616 3830 eos
633 3777 706 3830 dicat
738 3777 830 3830 addita
887 3776 981 3830 rimum
1016 3778 1049 3829 ab
1080 3774 1165 3829 Iunio.
1233 3777 1341 3830 Medius

107 3843 149 3914 qui
171 3843 234 3898 olim
260 3842 338 3898 libros
364 3844 397 3896 de
423 3843 532 3896 historia
557 3843 706 3914 scripserint
739 3843 822 3897 edidit
841 3861 857 3897 a
876 3847 985 3910 moveat,
1003 3845 1049 3896 sed
1066 3844 1116 3898 hoc
1132 3851 1161 3896 et
1175 3845 1284 3899 obscura
1302 3845 1342 3898 di-

7 3939 8 3948 *
107 3929 139 3965 an
158 3911 203 3992 qui
220 3912 349 3964 derebus
366 3909 481 3982 antiquis
502 3909 582 3966 libros
601 3927 705 3982 compo-
739 3920 811 3965 ctum
832 3919 873 3965 est
911 3920 940 3965 et
969 3928 1061 3992 parurn
1084 3909 1186 3966 Latine.
1235 3913 1342 3968 Lacuna

107 3988 213 4034 suerint.
259 3978 330 4032 Illud
355 3978 441 4032 minus
472 3979 506 4031 sd
534 3978 706 4050 Timagenem
739 3979 819 4033 lirisse
844 3951 950 4033 videtin
975 3998 1002 4032 rn
1028 3996 1060 4034 eo
1085 3979 1243 4050 exemplari,
1270 3983 1341 4034 unde
1371 4013 1379 4024 .

7 4073 8 4076 ¹
106 4048 237 4118 pertinere
271 4047 389 4111 videtur,
432 4045 477 4128 qui
513 4047 705 4118 quinquaginta
740 4047 827 4102 omnia
862 4047 1001 4102 uaehodie
1018 4057 1113 4102 extent
1123 4055 1271 4119 propagata
1284 4065 1341 4102 esse

7 4139 8 4150 ¹
106 4119 184 4171 serme
203 4115 279 4170 annis
296 4123 359 4169 ante
377 4115 500 4170 Curtium
515 4115 633 4185 scripsit,
655 4117 706 4170 hoo
739 4065 877 4169 verisimile
902 4117 945 4183 fit,
972 4124 1019 4170 ant
1045 4117 1082 4171 sio
1107 4126 1137 4170 ut
1153 4126 1229 4170 retas
1255 4117 1342 4172 editor

106 4185 228 4306 pplnnp1¹
230 4183 391 4307 pposiprplici
398 4185 539 4239 verborum
555 4199 632 4238 sensu
641 4201 705 4256 pau·
738 4183 814 4306 m,
841 4192 888 4238 aut
909 4184 986 4238 simili
1003 4184 1267 4307 radtiipnelertrplenda,
1286 4185 1340 4238 sor-

7 4289 8 4294 .
116 4271 184 4307 uum
291 4271 322 4306 r.
847 4271 934 4306 cmm
964 4271 1022 4307 exer
1127 4271 1144 4305 n
1172 4271 1221 4306 nm
1246 4271 1340 4306 munus

139 4321 202 4392 Cap.
220 4328 262 4386 22,
281 4324 304 4389 ᾗ.
323 4328 365 4376 22.
391 4323 490 4390 lignum
507 4320 631 4402 sagittae]
659 4319 704 4374 In-
738 4321 846 4374 cancel'
886 4320 1036 4391 saepsimus.
1076 4320 1161 4376 Codd.
1180 4329 1269 4374 autem
1285 4338 1340 4374 me·

7 4429 8 4440 ,
107 4388 165 4442 vitis
180 4389 312 4444 codicibus
330 4407 391 4445 mss.
405 4390 484 4471 vulgo
503 4383 702 4457 editurltastae,
737 4388 815 4442 hores
845 4389 901 4442 fere
923 4407 1054 4456 amovere,
1081 4388 1162 4442 ceteri
1192 4392 1337 4455 admovere,

7 4483 8 4510 r
108 4455 185 4512 inrito
208 4457 288 4512 etism
309 4455 368 4530 ipso
392 4457 497 4528 curuo,
524 4456 597 4512 arius
622 4457 704 4512 verba
737 4458 784 4512 sed
801 4459 866 4512 haec
882 4457 996 4514 variam
1012 4457 1090 4512 nimis
1107 4458 1233 4528 frequens
1250 4464 1297 4512 est.
