<?xml version="1.0" encoding="UTF-8"?>
<!DOCTYPE html PUBLIC "-//W3C//DTD XHTML 1.0 Transitional//EN"
    "http://www.w3.org/TR/xhtml1/DTD/xhtml1-transitional.dtd">
<html xmlns="http://www.w3.org/1999/xhtml" xml:lang="en" lang="en">
 <head>
  <title>
</title>
<meta http-equiv="Content-Type" content="text/html;charset=utf-8" />
  <meta name='ocr-system' content='tesseract 3.04.00' />
  <meta name='ocr-capabilities' content='ocr_page ocr_carea ocr_par ocr_line ocrx_word'/>
</head>
<body>
  <div class='ocr_page' id='page_1' title='image "./qcurtiirufidege00zumpgoog_0371.png"; bbox 0 0 3268 5286; ppageno 0'>
   <div class='ocr_carea' id='block_1_1' title="bbox 263 345 1104 462">
    <p class='ocr_par' dir='ltr' id='par_1_1' title="bbox 263 345 1104 462">
     <span class='ocr_line' id='line_1_1' title="bbox 263 345 1104 462; baseline 0.005 -12"><span class='ocrx_word' id='word_1_1' title='bbox 263 377 336 450; x_wconf 71' lang='lat'><strong>342</strong></span> <span class='ocrx_word' id='word_1_2' title='bbox 448 345 452 354; x_wconf 34' lang='lat'><strong><em>⁴</em></strong></span> <span class='ocrx_word' id='word_1_3' title='bbox 728 399 767 462; x_wconf 80' lang='lat' dir='ltr'><strong>o.</strong></span> <span class='ocrx_word' id='word_1_4' title='bbox 796 398 920 453; x_wconf 81' lang='lat' dir='ltr'><strong>curru</strong></span> <span class='ocrx_word' id='word_1_5' title='bbox 944 401 1029 454; x_wconf 82' lang='lat' dir='ltr'><strong>nuru</strong></span> <span class='ocrx_word' id='word_1_6' title='bbox 1099 409 1104 416; x_wconf 85' lang='lat'><em>·</em></span> 
     </span>
    </p>
   </div>
   <div class='ocr_carea' id='block_1_2' title="bbox 192 580 1621 2805">
    <p class='ocr_par' dir='ltr' id='par_1_2' title="bbox 261 580 1500 679">
     <span class='ocr_line' id='line_1_2' title="bbox 261 580 1500 679; baseline 0.003 -25"><span class='ocrx_word' id='word_1_7' title='bbox 261 580 421 679; x_wconf 88' lang='lat' dir='ltr'><strong>aliusque</strong></span> <span class='ocrx_word' id='word_1_8' title='bbox 446 582 555 656; x_wconf 86' lang='lat' dir='ltr'><strong>olium</strong></span> <span class='ocrx_word' id='word_1_9' title='bbox 580 580 772 674; x_wconf 79' lang='lat' dir='ltr'><strong>adhortati,</strong></span> <span class='ocrx_word' id='word_1_10' title='bbox 799 585 995 660; x_wconf 90' lang='lat' dir='ltr'><strong>inhostem</strong></span> <span class='ocrx_word' id='word_1_11' title='bbox 1013 585 1136 659; x_wconf 87' lang='lat' dir='ltr'><strong>salutis</strong></span> <span class='ocrx_word' id='word_1_12' title='bbox 1153 584 1378 656; x_wconf 81' lang='lat' dir='ltr'>immemores</span> <span class='ocrx_word' id='word_1_13' title='bbox 1395 605 1500 658; x_wconf 84' lang='lat' dir='ltr'><strong>mere</strong></span> 
     </span>
    </p>

    <p class='ocr_par' dir='ltr' id='par_1_3' title="bbox 192 691 1621 2024">
     <span class='ocr_line' id='line_1_3' title="bbox 192 691 1551 796; baseline 0 -30"><span class='ocrx_word' id='word_1_14' title='bbox 192 791 196 796; x_wconf 18' lang='grc' dir='ltr'><strong><em>ι</em></strong></span> <span class='ocrx_word' id='word_1_15' title='bbox 262 703 466 791; x_wconf 88' lang='lat' dir='ltr'><strong>coeperunt</strong></span> <span class='ocrx_word' id='word_1_16' title='bbox 519 691 612 766; x_wconf 92' lang='lat' dir='ltr'><strong>Tum</strong></span> <span class='ocrx_word' id='word_1_17' title='bbox 637 719 725 768; x_wconf 89' lang='lat' dir='ltr'><strong>vero</strong></span> <span class='ocrx_word' id='word_1_18' title='bbox 751 722 824 770; x_wconf 91' lang='lat' dir='ltr'><strong>non</strong></span> <span class='ocrx_word' id='word_1_19' title='bbox 850 721 930 787; x_wconf 90' lang='lat' dir='ltr'><strong>ora,</strong></span> <span class='ocrx_word' id='word_1_20' title='bbox 964 722 1038 770; x_wconf 93' lang='lat' dir='ltr'><strong>non</strong></span> <span class='ocrx_word' id='word_1_21' title='bbox 1064 720 1179 786; x_wconf 89' lang='lat' dir='ltr'><strong>arma,</strong></span> <span class='ocrx_word' id='word_1_22' title='bbox 1209 719 1285 768; x_wconf 92' lang='lat' dir='ltr'><strong>non</strong></span> <span class='ocrx_word' id='word_1_23' title='bbox 1308 694 1500 768; x_wconf 88' lang='lat' dir='ltr'><strong>clamorem</strong></span> <span class='ocrx_word' id='word_1_24' title='bbox 1520 713 1551 760; x_wconf 73' lang='lat'><strong>18</strong></span> 
     </span>
     <span class='ocr_line' id='line_1_4' title="bbox 260 805 1499 907; baseline 0.002 -29"><span class='ocrx_word' id='word_1_25' title='bbox 260 805 418 878; x_wconf 85' lang='lat' dir='ltr'><strong>hostium</strong></span> <span class='ocrx_word' id='word_1_26' title='bbox 437 805 581 880; x_wconf 88' lang='lat' dir='ltr'><strong>barbari</strong></span> <span class='ocrx_word' id='word_1_27' title='bbox 599 806 754 882; x_wconf 88' lang='lat' dir='ltr'><strong>tolerare</strong></span> <span class='ocrx_word' id='word_1_28' title='bbox 772 819 978 907; x_wconf 86' lang='lat' dir='ltr'><strong>potuerunt,</strong></span> <span class='ocrx_word' id='word_1_29' title='bbox 997 831 1190 905; x_wconf 91' lang='lat' dir='ltr'><strong>omnesque</strong></span> <span class='ocrx_word' id='word_1_30' title='bbox 1209 806 1330 880; x_wconf 84' lang='lat' dir='ltr'><strong>effirsis</strong></span> <span class='ocrx_word' id='word_1_31' title='bbox 1349 805 1499 880; x_wconf 82' lang='lat' dir='ltr'>habenis</span> 
     </span>
     <span class='ocr_line' id='line_1_5' title="bbox 261 914 1499 1020; baseline 0.003 -32"><span class='ocrx_word' id='word_1_32' title='bbox 261 917 430 1016; x_wconf 89' lang='lat' dir='ltr'><strong>(namque</strong></span> <span class='ocrx_word' id='word_1_33' title='bbox 457 918 631 1015; x_wconf 85' lang='lat' dir='ltr'><strong>equestris</strong></span> <span class='ocrx_word' id='word_1_34' title='bbox 658 921 752 994; x_wconf 89' lang='lat' dir='ltr'><strong>acies</strong></span> <span class='ocrx_word' id='word_1_35' title='bbox 779 919 872 1017; x_wconf 89' lang='lat' dir='ltr'><strong>erat)</strong></span> <span class='ocrx_word' id='word_1_36' title='bbox 899 933 1091 1020; x_wconf 87' lang='lat' dir='ltr'><strong>capessunt</strong></span> <span class='ocrx_word' id='word_1_37' title='bbox 1115 920 1246 1016; x_wconf 88' lang='lat' dir='ltr'><strong>sugam.</strong></span> <span class='ocrx_word' id='word_1_38' title='bbox 1297 914 1396 1006; x_wconf 83' lang='lat' dir='ltr'><strong>Quos</strong></span> <span class='ocrx_word' id='word_1_39' title='bbox 1422 943 1499 1008; x_wconf 70' lang='lat' dir='ltr'><strong>reu,</strong></span> 
     </span>
     <span class='ocr_line' id='line_1_6' title="bbox 261 1030 1499 1131; baseline 0.002 -31"><span class='ocrx_word' id='word_1_40' title='bbox 261 1052 477 1126; x_wconf 89' lang='lat' dir='ltr'><strong>quamquam</strong></span> <span class='ocrx_word' id='word_1_41' title='bbox 502 1030 731 1104; x_wconf 88' lang='lat' dir='ltr'><strong>vexationem</strong></span> <span class='ocrx_word' id='word_1_42' title='bbox 761 1033 909 1106; x_wconf 80' lang='lat' dir='ltr'><strong>invalidi</strong></span> <span class='ocrx_word' id='word_1_43' title='bbox 939 1033 1098 1131; x_wconf 90' lang='lat' dir='ltr'><strong>corporis</strong></span> <span class='ocrx_word' id='word_1_44' title='bbox 1131 1030 1207 1130; x_wconf 88' lang='lat' dir='ltr'><strong>pati</strong></span> <span class='ocrx_word' id='word_1_45' title='bbox 1238 1055 1312 1104; x_wconf 92' lang='lat' dir='ltr'><strong>non</strong></span> <span class='ocrx_word' id='word_1_46' title='bbox 1346 1040 1499 1128; x_wconf 88' lang='lat' dir='ltr'><strong>poterat,</strong></span> 
     </span>
     <span class='ocr_line' id='line_1_7' title="bbox 260 1139 1552 1243; baseline -0.005 -29"><span class='ocrx_word' id='word_1_47' title='bbox 260 1163 325 1238; x_wconf 89' lang='lat' dir='ltr'><strong>per</strong></span> <span class='ocrx_word' id='word_1_48' title='bbox 354 1162 458 1212; x_wconf 81' lang='lat' dir='ltr'><strong>nxxx</strong></span> <span class='ocrx_word' id='word_1_49' title='bbox 484 1150 604 1214; x_wconf 89' lang='lat' dir='ltr'><strong>tamen</strong></span> <span class='ocrx_word' id='word_1_50' title='bbox 636 1142 753 1216; x_wconf 84' lang='lat' dir='ltr'><strong>stadia</strong></span> <span class='ocrx_word' id='word_1_51' title='bbox 782 1145 920 1243; x_wconf 82' lang='lat' dir='ltr'><strong>insequi</strong></span> <span class='ocrx_word' id='word_1_52' title='bbox 951 1143 1206 1242; x_wconf 90' lang='lat' dir='ltr'><strong>perseveravit.</strong></span> <span class='ocrx_word' id='word_1_53' title='bbox 1257 1139 1404 1238; x_wconf 92' lang='lat' dir='ltr'><strong>Iamque</strong></span> <span class='ocrx_word' id='word_1_54' title='bbox 1434 1141 1500 1216; x_wconf 90' lang='lat' dir='ltr'><strong>lin·</strong></span> <span class='ocrx_word' id='word_1_55' title='bbox 1521 1163 1552 1208; x_wconf 76' lang='lat' dir='ltr'><strong>rr</strong></span> 
     </span>
     <span class='ocr_line' id='line_1_8' title="bbox 261 1251 1499 1354; baseline -0.002 -28"><span class='ocrx_word' id='word_1_56' title='bbox 261 1261 393 1348; x_wconf 87' lang='lat' dir='ltr'><strong>quente</strong></span> <span class='ocrx_word' id='word_1_57' title='bbox 420 1251 537 1326; x_wconf 88' lang='lat' dir='ltr'><strong>animo</strong></span> <span class='ocrx_word' id='word_1_58' title='bbox 564 1253 637 1326; x_wconf 88' lang='lat' dir='ltr'><strong>suis</strong></span> <span class='ocrx_word' id='word_1_59' title='bbox 663 1257 860 1354; x_wconf 88' lang='lat' dir='ltr'><strong>praecepit,</strong></span> <span class='ocrx_word' id='word_1_60' title='bbox 897 1267 939 1330; x_wconf 92' lang='lat' dir='ltr'><strong>ut</strong></span> <span class='ocrx_word' id='word_1_61' title='bbox 965 1255 1079 1329; x_wconf 90' lang='lat' dir='ltr'><strong>donee</strong></span> <span class='ocrx_word' id='word_1_62' title='bbox 1104 1254 1192 1328; x_wconf 90' lang='lat' dir='ltr'><strong>lucis</strong></span> <span class='ocrx_word' id='word_1_63' title='bbox 1219 1251 1352 1350; x_wconf 89' lang='lat' dir='ltr'><strong>aliquid</strong></span> <span class='ocrx_word' id='word_1_64' title='bbox 1379 1277 1499 1350; x_wconf 93' lang='lat' dir='ltr'><strong>super·</strong></span> 
     </span>
     <span class='ocr_line' id='line_1_9' title="bbox 262 1363 1499 1466; baseline 0.002 -31"><span class='ocrx_word' id='word_1_65' title='bbox 262 1372 375 1453; x_wconf 89' lang='lat' dir='ltr'><strong>esset,</strong></span> <span class='ocrx_word' id='word_1_66' title='bbox 410 1363 622 1460; x_wconf 83' lang='lat' dir='ltr'><strong>fugientium</strong></span> <span class='ocrx_word' id='word_1_67' title='bbox 653 1367 764 1466; x_wconf 78' lang='lat' dir='ltr'><strong>tergis</strong></span> <span class='ocrx_word' id='word_1_68' title='bbox 795 1368 1039 1441; x_wconf 78' lang='lat' dir='ltr'><strong>inhaererent:</strong></span> <span class='ocrx_word' id='word_1_69' title='bbox 1075 1367 1152 1463; x_wconf 91' lang='lat' dir='ltr'><strong>ipse</strong></span> <span class='ocrx_word' id='word_1_70' title='bbox 1179 1363 1364 1438; x_wconf 81' lang='lat' dir='ltr'><strong>exhaustis</strong></span> <span class='ocrx_word' id='word_1_71' title='bbox 1391 1363 1499 1438; x_wconf 87' lang='lat' dir='ltr'><strong>etiam</strong></span> 
     </span>
     <span class='ocr_line' id='line_1_10' title="bbox 262 1473 1621 1586; baseline -0.003 -38"><span class='ocrx_word' id='word_1_72' title='bbox 262 1473 369 1548; x_wconf 90' lang='lat' dir='ltr'><strong>animi</strong></span> <span class='ocrx_word' id='word_1_73' title='bbox 386 1473 532 1565; x_wconf 88' lang='lat' dir='ltr'><strong>viribus,</strong></span> <span class='ocrx_word' id='word_1_74' title='bbox 559 1476 596 1548; x_wconf 88' lang='lat' dir='ltr'><strong>in</strong></span> <span class='ocrx_word' id='word_1_75' title='bbox 614 1485 732 1550; x_wconf 88' lang='lat' dir='ltr'><strong>castra</strong></span> <span class='ocrx_word' id='word_1_76' title='bbox 750 1503 789 1552; x_wconf 90' lang='lat' dir='ltr'><strong>se</strong></span> <span class='ocrx_word' id='word_1_77' title='bbox 806 1480 950 1577; x_wconf 87' lang='lat' dir='ltr'><strong>recepit,</strong></span> <span class='ocrx_word' id='word_1_78' title='bbox 968 1479 1144 1576; x_wconf 90' lang='lat' dir='ltr'><strong>reliquum</strong></span> <span class='ocrx_word' id='word_1_79' title='bbox 1162 1475 1330 1550; x_wconf 88' lang='lat' dir='ltr'><strong>substitit.</strong></span> <span class='ocrx_word' id='word_1_80' title='bbox 1369 1475 1498 1550; x_wconf 85' lang='lat' dir='ltr'><strong>Trans-</strong></span> <span class='ocrx_word' id='word_1_81' title='bbox 1520 1497 1551 1544; x_wconf 83' lang='lat'><strong>15</strong></span> <span class='ocrx_word' id='word_1_82' title='bbox 1620 1561 1621 1586; x_wconf 14' lang='grc' dir='ltr'><strong>Χ</strong></span> 
     </span>
     <span class='ocr_line' id='line_1_11' title="bbox 260 1585 1500 1688; baseline 0 -29"><span class='ocrx_word' id='word_1_83' title='bbox 260 1587 376 1660; x_wconf 86' lang='lat' dir='ltr'><strong>ierant</strong></span> <span class='ocrx_word' id='word_1_84' title='bbox 400 1587 471 1659; x_wconf 91' lang='lat' dir='ltr'><strong>iam</strong></span> <span class='ocrx_word' id='word_1_85' title='bbox 489 1585 607 1662; x_wconf 89' lang='lat' dir='ltr'><strong>Liberi</strong></span> <span class='ocrx_word' id='word_1_86' title='bbox 625 1587 743 1662; x_wconf 85' lang='lat' dir='ltr'><strong>Patris</strong></span> <span class='ocrx_word' id='word_1_87' title='bbox 761 1591 950 1681; x_wconf 88' lang='lat' dir='ltr'><strong>terminos;</strong></span> <span class='ocrx_word' id='word_1_88' title='bbox 978 1615 1130 1688; x_wconf 91' lang='lat' dir='ltr'><strong>quorum</strong></span> <span class='ocrx_word' id='word_1_89' title='bbox 1156 1597 1389 1662; x_wconf 86' lang='lat' dir='ltr'><strong>monumenta</strong></span> <span class='ocrx_word' id='word_1_90' title='bbox 1413 1588 1500 1687; x_wconf 88' lang='lat' dir='ltr'><strong>lapi·</strong></span> 
     </span>
     <span class='ocr_line' id='line_1_12' title="bbox 261 1698 1499 1801; baseline 0.002 -29"><span class='ocrx_word' id='word_1_91' title='bbox 261 1698 324 1772; x_wconf 90' lang='lat' dir='ltr'><strong>des</strong></span> <span class='ocrx_word' id='word_1_92' title='bbox 352 1710 455 1772; x_wconf 89' lang='lat' dir='ltr'><strong>crant</strong></span> <span class='ocrx_word' id='word_1_93' title='bbox 480 1701 613 1774; x_wconf 84' lang='lat' dir='ltr'><strong>crebris</strong></span> <span class='ocrx_word' id='word_1_94' title='bbox 639 1703 836 1775; x_wconf 86' lang='lat' dir='ltr'><strong>intervallis</strong></span> <span class='ocrx_word' id='word_1_95' title='bbox 863 1701 1041 1801; x_wconf 89' lang='lat' dir='ltr'><strong>dispositi,</strong></span> <span class='ocrx_word' id='word_1_96' title='bbox 1074 1702 1291 1798; x_wconf 78' lang='lat' dir='ltr'><strong>arboresque</strong></span> <span class='ocrx_word' id='word_1_97' title='bbox 1317 1721 1499 1797; x_wconf 87' lang='lat' dir='ltr'><strong>procerae,</strong></span> 
     </span>
     <span class='ocr_line' id='line_1_13' title="bbox 260 1808 1550 1910; baseline -0.004 -27"><span class='ocrx_word' id='word_1_98' title='bbox 260 1833 410 1908; x_wconf 81' lang='lat' dir='ltr'><strong>quanun</strong></span> <span class='ocrx_word' id='word_1_99' title='bbox 445 1813 584 1910; x_wconf 85' lang='lat' dir='ltr'><strong>stipites</strong></span> <span class='ocrx_word' id='word_1_100' title='bbox 624 1813 759 1887; x_wconf 90' lang='lat' dir='ltr'><strong>hedera</strong></span> <span class='ocrx_word' id='word_1_101' title='bbox 799 1823 1019 1888; x_wconf 85' lang='lat' dir='ltr'><strong>contexerat.</strong></span> <span class='ocrx_word' id='word_1_102' title='bbox 1077 1809 1150 1887; x_wconf 85' lang='lat' dir='ltr'><strong>Sed</strong></span> <span class='ocrx_word' id='word_1_103' title='bbox 1189 1808 1405 1886; x_wconf 80' lang='lat' dir='ltr'><strong>Macedonas</strong></span> <span class='ocrx_word' id='word_1_104' title='bbox 1446 1809 1500 1883; x_wconf 89' lang='lat' dir='ltr'><strong>ira</strong></span> <span class='ocrx_word' id='word_1_105' title='bbox 1519 1829 1550 1878; x_wconf 79' lang='lat' dir='ltr'><strong>ro</strong></span> 
     </span>
     <span class='ocr_line' id='line_1_14' title="bbox 260 1921 1499 2024; baseline 0 -28"><span class='ocrx_word' id='word_1_106' title='bbox 260 1922 401 2021; x_wconf 91' lang='lat' dir='ltr'><strong>longius</strong></span> <span class='ocrx_word' id='word_1_107' title='bbox 427 1925 613 2022; x_wconf 87' lang='lat' dir='ltr'><strong>provexit:</strong></span> <span class='ocrx_word' id='word_1_108' title='bbox 639 1927 770 2024; x_wconf 91' lang='lat' dir='ltr'><strong>quippe</strong></span> <span class='ocrx_word' id='word_1_109' title='bbox 795 1924 913 2000; x_wconf 89' lang='lat' dir='ltr'><strong>media</strong></span> <span class='ocrx_word' id='word_1_110' title='bbox 938 1927 1013 2000; x_wconf 85' lang='lat' dir='ltr'><strong>fere</strong></span> <span class='ocrx_word' id='word_1_111' title='bbox 1033 1935 1140 2000; x_wconf 89' lang='lat' dir='ltr'><strong>nocte</strong></span> <span class='ocrx_word' id='word_1_112' title='bbox 1158 1921 1351 2012; x_wconf 74' lang='lat' dir='ltr'><strong>redierunt</strong></span> <span class='ocrx_word' id='word_1_113' title='bbox 1377 1922 1499 1996; x_wconf 88' lang='lat' dir='ltr'><strong>multis</strong></span> 
     </span>
    </p>

    <p class='ocr_par' dir='ltr' id='par_1_4' title="bbox 224 2035 1499 2333">
     <span class='ocr_line' id='line_1_15' title="bbox 224 2035 1499 2140; baseline -0.002 -32"><span class='ocrx_word' id='word_1_114' title='bbox 224 2134 228 2140; x_wconf 26' lang='grc' dir='ltr'>Ι</span> <span class='ocrx_word' id='word_1_115' title='bbox 260 2035 470 2126; x_wconf 87' lang='lat' dir='ltr'><strong>interfectis,</strong></span> <span class='ocrx_word' id='word_1_116' title='bbox 507 2036 670 2133; x_wconf 90' lang='lat' dir='ltr'><strong>pluribus</strong></span> <span class='ocrx_word' id='word_1_117' title='bbox 702 2039 833 2137; x_wconf 86' lang='lat' dir='ltr'><strong>captis,</strong></span> <span class='ocrx_word' id='word_1_118' title='bbox 871 2061 1052 2136; x_wconf 90' lang='lat' dir='ltr'><strong>equosque</strong></span> <span class='ocrx_word' id='word_1_119' title='bbox 1082 2061 1112 2110; x_wconf 83' lang='lat' dir='ltr'><strong>m</strong></span> <span class='ocrx_word' id='word_1_120' title='bbox 1144 2047 1181 2111; x_wconf 86' lang='lat' dir='ltr'><strong>et</strong></span> <span class='ocrx_word' id='word_1_121' title='bbox 1198 2056 1304 2110; x_wconf 84' lang='lat' dir='ltr'><strong>noco</strong></span> <span class='ocrx_word' id='word_1_122' title='bbox 1336 2035 1499 2134; x_wconf 81' lang='lat' dir='ltr'><strong>abegere.</strong></span> 
     </span>
     <span class='ocr_line' id='line_1_16' title="bbox 262 2141 1497 2248; baseline -0.001 -28"><span class='ocrx_word' id='word_1_123' title='bbox 262 2141 476 2220; x_wconf 85' lang='lat' dir='ltr'><strong>Ceciderunt</strong></span> <span class='ocrx_word' id='word_1_124' title='bbox 507 2159 629 2221; x_wconf 88' lang='lat' dir='ltr'><strong>autem</strong></span> <span class='ocrx_word' id='word_1_125' title='bbox 653 2143 893 2223; x_wconf 78' lang='lat' dir='ltr'><strong>Macedonum</strong></span> <span class='ocrx_word' id='word_1_126' title='bbox 924 2151 1061 2248; x_wconf 81' lang='lat' dir='ltr'><strong>equites</strong></span> <span class='ocrx_word' id='word_1_127' title='bbox 1087 2172 1154 2239; x_wconf 83' lang='lat' dir='ltr'><strong>ux,</strong></span> <span class='ocrx_word' id='word_1_128' title='bbox 1195 2144 1335 2246; x_wconf 83' lang='lat' dir='ltr'><strong>pedites</strong></span> <span class='ocrx_word' id='word_1_129' title='bbox 1363 2167 1385 2218; x_wconf 89' lang='lat' dir='ltr'><strong>c</strong></span> <span class='ocrx_word' id='word_1_130' title='bbox 1412 2145 1497 2237; x_wconf 83' lang='lat' dir='ltr'><strong>fere,</strong></span> 
     </span>
     <span class='ocr_line' id='line_1_17' title="bbox 260 2257 959 2333; baseline 0.007 -3"><span class='ocrx_word' id='word_1_131' title='bbox 260 2257 356 2330; x_wconf 90' lang='lat' dir='ltr'><strong>mille</strong></span> <span class='ocrx_word' id='word_1_132' title='bbox 382 2259 491 2332; x_wconf 87' lang='lat' dir='ltr'><strong>saucii</strong></span> <span class='ocrx_word' id='word_1_133' title='bbox 516 2259 670 2333; x_wconf 88' lang='lat' dir='ltr'><strong>fuerunt.</strong></span> <span class='ocrx_word' id='word_1_134' title='bbox 952 2269 959 2282; x_wconf 91' lang='lat'>&#39;</span> 
     </span>
    </p>

    <p class='ocr_par' dir='ltr' id='par_1_5' title="bbox 211 2365 1552 2805">
     <span class='ocr_line' id='line_1_18' title="bbox 211 2365 1552 2472; baseline 0.004 -31"><span class='ocrx_word' id='word_1_135' title='bbox 211 2371 259 2442; x_wconf 87' lang='grc'><strong>38</strong></span> <span class='ocrx_word' id='word_1_136' title='bbox 363 2365 462 2442; x_wconf 86' lang='lat' dir='ltr'><strong>Haec</strong></span> <span class='ocrx_word' id='word_1_137' title='bbox 498 2370 678 2468; x_wconf 87' lang='lat' dir='ltr'><strong>expeditio</strong></span> <span class='ocrx_word' id='word_1_138' title='bbox 719 2371 942 2446; x_wconf 88' lang='lat' dir='ltr'><strong>deficientem</strong></span> <span class='ocrx_word' id='word_1_139' title='bbox 979 2397 1111 2472; x_wconf 86' lang='lat' dir='ltr'><strong>magna</strong></span> <span class='ocrx_word' id='word_1_140' title='bbox 1150 2397 1197 2446; x_wconf 88' lang='lat' dir='ltr'><strong>ex</strong></span> <span class='ocrx_word' id='word_1_141' title='bbox 1235 2379 1339 2470; x_wconf 84' lang='lat' dir='ltr'><strong>parte</strong></span> <span class='ocrx_word' id='word_1_142' title='bbox 1373 2369 1500 2446; x_wconf 85' lang='lat' dir='ltr'><strong>Asiam</strong></span> <span class='ocrx_word' id='word_1_143' title='bbox 1520 2391 1552 2438; x_wconf 70' lang='grc' dir='ltr'><strong>ιτ</strong></span> 
     </span>
     <span class='ocr_line' id='line_1_19' title="bbox 260 2479 1499 2582; baseline 0.001 -28"><span class='ocrx_word' id='word_1_144' title='bbox 260 2482 355 2555; x_wconf 85' lang='lat' dir='ltr'><strong>fama</strong></span> <span class='ocrx_word' id='word_1_145' title='bbox 388 2492 464 2555; x_wconf 86' lang='lat' dir='ltr'><strong>tam</strong></span> <span class='ocrx_word' id='word_1_146' title='bbox 495 2493 718 2580; x_wconf 79' lang='lat' dir='ltr'><strong>opportunae</strong></span> <span class='ocrx_word' id='word_1_147' title='bbox 751 2485 922 2558; x_wconf 83' lang='lat' dir='ltr'><strong>victoriae</strong></span> <span class='ocrx_word' id='word_1_148' title='bbox 955 2484 1102 2558; x_wconf 86' lang='lat' dir='ltr'><strong>domuit.</strong></span> <span class='ocrx_word' id='word_1_149' title='bbox 1154 2481 1311 2556; x_wconf 90' lang='lat' dir='ltr'><strong>Invictos</strong></span> <span class='ocrx_word' id='word_1_150' title='bbox 1344 2479 1499 2582; x_wconf 83' lang='lat' dir='ltr'><strong>Scythas</strong></span> 
     </span>
     <span class='ocr_line' id='line_1_20' title="bbox 261 2590 1499 2695; baseline 0.002 -30"><span class='ocrx_word' id='word_1_151' title='bbox 261 2617 339 2667; x_wconf 85' lang='lat' dir='ltr'><strong>esse</strong></span> <span class='ocrx_word' id='word_1_152' title='bbox 365 2591 607 2685; x_wconf 81' lang='lat' dir='ltr'><strong>crediderant3</strong></span> <span class='ocrx_word' id='word_1_153' title='bbox 636 2595 764 2692; x_wconf 91' lang='lat' dir='ltr'><strong>quibus</strong></span> <span class='ocrx_word' id='word_1_154' title='bbox 790 2597 912 2670; x_wconf 86' lang='lat' dir='ltr'><strong>fractis</strong></span> <span class='ocrx_word' id='word_1_155' title='bbox 937 2597 1073 2670; x_wconf 90' lang='lat' dir='ltr'><strong>nullam</strong></span> <span class='ocrx_word' id='word_1_156' title='bbox 1098 2605 1242 2695; x_wconf 88' lang='lat' dir='ltr'><strong>gentem</strong></span> <span class='ocrx_word' id='word_1_157' title='bbox 1261 2590 1499 2668; x_wconf 82' lang='lat' dir='ltr'><strong>Macedonum</strong></span> 
     </span>
     <span class='ocr_line' id='line_1_21' title="bbox 260 2704 1499 2805; baseline 0.001 -26"><span class='ocrx_word' id='word_1_158' title='bbox 260 2704 367 2779; x_wconf 88' lang='lat' dir='ltr'><strong>armis</strong></span> <span class='ocrx_word' id='word_1_159' title='bbox 393 2729 516 2804; x_wconf 89' lang='lat' dir='ltr'><strong>parem</strong></span> <span class='ocrx_word' id='word_1_160' title='bbox 540 2706 618 2780; x_wconf 84' lang='lat' dir='ltr'><strong>fore</strong></span> <span class='ocrx_word' id='word_1_161' title='bbox 644 2707 916 2781; x_wconf 86' lang='lat' dir='ltr'><strong>confitebantur.</strong></span> <span class='ocrx_word' id='word_1_162' title='bbox 962 2705 1088 2804; x_wconf 87' lang='lat' dir='ltr'><strong>Itaque</strong></span> <span class='ocrx_word' id='word_1_163' title='bbox 1114 2705 1226 2780; x_wconf 85' lang='lat' dir='ltr'><strong>Sacae</strong></span> <span class='ocrx_word' id='word_1_164' title='bbox 1251 2705 1380 2779; x_wconf 86' lang='lat' dir='ltr'><strong>misere</strong></span> <span class='ocrx_word' id='word_1_165' title='bbox 1404 2708 1499 2805; x_wconf 85' lang='lat' dir='ltr'><strong>lega·</strong></span> 
     </span>
    </p>
   </div>
   <div class='ocr_carea' id='block_1_3' title="bbox 259 2871 1501 3152">
    <p class='ocr_par' dir='ltr' id='par_1_6' title="bbox 259 2871 1501 3152">
     <span class='ocr_line' id='line_1_22' title="bbox 260 2871 1500 2954; baseline 0.001 -28"><span class='ocrx_word' id='word_1_166' title='bbox 260 2872 308 2954; x_wconf 75' lang='lat' dir='ltr'><strong>sed</strong></span> <span class='ocrx_word' id='word_1_167' title='bbox 329 2871 495 2952; x_wconf 29' lang='lat' dir='ltr'><strong>vixndixeris</strong></span> <span class='ocrx_word' id='word_1_168' title='bbox 517 2891 595 2944; x_wconf 91' lang='lat' dir='ltr'><strong>qnam</strong></span> <span class='ocrx_word' id='word_1_169' title='bbox 616 2874 671 2927; x_wconf 88' lang='lat' dir='ltr'><strong>vim</strong></span> <span class='ocrx_word' id='word_1_170' title='bbox 689 2873 715 2954; x_wconf 40' lang='lat' dir='ltr'><strong>b..</strong></span> <span class='ocrx_word' id='word_1_171' title='bbox 729 2873 746 2928; x_wconf 94' lang='lat' dir='ltr'><strong>l.</strong></span> <span class='ocrx_word' id='word_1_172' title='bbox 764 2875 863 2929; x_wconf 88' lang='lat' dir='ltr'><strong>habeat</strong></span> <span class='ocrx_word' id='word_1_173' title='bbox 897 2882 939 2950; x_wconf 74' lang='lat' dir='ltr'><strong>est</strong></span> <span class='ocrx_word' id='word_1_174' title='bbox 970 2873 998 2926; x_wconf 91' lang='lat' dir='ltr'><strong>in</strong></span> <span class='ocrx_word' id='word_1_175' title='bbox 1024 2873 1094 2927; x_wconf 83' lang='lat' dir='ltr'><strong>Flor.</strong></span> <span class='ocrx_word' id='word_1_176' title='bbox 1123 2872 1174 2954; x_wconf 70' lang='lat' dir='ltr'><strong>Cll</strong></span> <span class='ocrx_word' id='word_1_177' title='bbox 1200 2873 1278 2953; x_wconf 52' lang='lat' dir='ltr'><strong>bern:</strong></span> <span class='ocrx_word' id='word_1_178' title='bbox 1293 2875 1327 2952; x_wconf 34' lang='lat' dir='ltr'><strong>‘B</strong></span> <span class='ocrx_word' id='word_1_179' title='bbox 1358 2875 1500 2954; x_wconf 61' lang='lat' dir='ltr'><strong>disperiet.</strong></span> 
     </span>
     <span class='ocr_line' id='line_1_23' title="bbox 260 2940 1500 3013; baseline 0.002 -19"><span class='ocrx_word' id='word_1_180' title='bbox 260 2951 311 2996; x_wconf 80' lang='lat' dir='ltr'><strong>rste</strong></span> <span class='ocrx_word' id='word_1_181' title='bbox 323 2940 462 3013; x_wconf 74' lang='lat' dir='ltr'><strong>particula:</strong></span> <span class='ocrx_word' id='word_1_182' title='bbox 477 2941 535 2995; x_wconf 88' lang='lat' dir='ltr'><strong>Nec</strong></span> <span class='ocrx_word' id='word_1_183' title='bbox 548 2942 650 2997; x_wconf 84' lang='lat' dir='ltr'><strong>codices</strong></span> <span class='ocrx_word' id='word_1_184' title='bbox 663 2941 711 2997; x_wconf 77' lang='lat' dir='ltr'><strong>sibi</strong></span> <span class='ocrx_word' id='word_1_185' title='bbox 726 2951 861 3011; x_wconf 68' lang='lat' dir='ltr'><strong>consuat,</strong></span> <span class='ocrx_word' id='word_1_186' title='bbox 898 2943 1003 2997; x_wconf 86' lang='lat' dir='ltr'><strong>Crebris</strong></span> <span class='ocrx_word' id='word_1_187' title='bbox 1021 2942 1165 2996; x_wconf 76' lang='lat' dir='ltr'><strong>intervallis</strong></span> <span class='ocrx_word' id='word_1_188' title='bbox 1182 2942 1301 3012; x_wconf 79' lang='lat' dir='ltr'><strong>dmpontr</strong></span> <span class='ocrx_word' id='word_1_189' title='bbox 1318 2949 1381 2996; x_wconf 87' lang='lat' dir='ltr'><strong>sunt</strong></span> <span class='ocrx_word' id='word_1_190' title='bbox 1397 2950 1436 2996; x_wconf 76' lang='lat' dir='ltr'><strong>rte</strong></span> <span class='ocrx_word' id='word_1_191' title='bbox 1447 2943 1500 2996; x_wconf 80' lang='lat' dir='ltr'><strong>dre-</strong></span> 
     </span>
     <span class='ocr_line' id='line_1_24' title="bbox 259 3007 1501 3152; baseline 0 -20"><span class='ocrx_word' id='word_1_192' title='bbox 259 3009 426 3147; x_wconf 53' lang='lat' dir='ltr'><strong>{abab</strong></span> <span class='ocrx_word' id='word_1_193' title='bbox 463 3011 549 3148; x_wconf 58' lang='lat'><strong>{53³⁰</strong></span> <span class='ocrx_word' id='word_1_194' title='bbox 556 3013 741 3135; x_wconf 56' lang='lat' dir='ltr'><strong>adflat</strong></span> <span class='ocrx_word' id='word_1_195' title='bbox 750 3012 862 3152; x_wconf 55' lang='lat' dir='ltr'><strong>illl</strong></span> <span class='ocrx_word' id='word_1_196' title='bbox 895 3011 1023 3133; x_wconf 60' lang='lat' dir='ltr'><strong>tall</strong></span> <span class='ocrx_word' id='word_1_197' title='bbox 1033 3007 1501 3149; x_wconf 53' lang='lat' dir='ltr'><strong>ablatamablatam</strong></span> 
     </span>
    </p>
   </div>
   <div class='ocr_carea' id='block_1_4' title="bbox 257 3097 1499 3683">
    <p class='ocr_par' dir='ltr' id='par_1_7' title="bbox 257 3097 1498 3488">
     <span class='ocr_line' id='line_1_25' title="bbox 258 3097 1498 3219; baseline -0.002 -17"><span class='ocrx_word' id='word_1_198' title='bbox 258 3147 363 3219; x_wconf 79' lang='lat' dir='ltr'><strong>legitur.</strong></span> <span class='ocrx_word' id='word_1_199' title='bbox 398 3147 493 3218; x_wconf 83' lang='lat' dir='ltr'><strong>Itaque</strong></span> <span class='ocrx_word' id='word_1_200' title='bbox 510 3097 595 3202; x_wconf 67' lang='lat' dir='ltr'><strong>dederi</strong></span> <span class='ocrx_word' id='word_1_201' title='bbox 613 3165 628 3201; x_wconf 91' lang='lat' dir='ltr'><strong>e</strong></span> <span class='ocrx_word' id='word_1_202' title='bbox 645 3149 736 3204; x_wconf 77' lang='lat' dir='ltr'><strong>ricinis</strong></span> <span class='ocrx_word' id='word_1_203' title='bbox 753 3149 861 3204; x_wconf 79' lang='lat' dir='ltr'><strong>vocibus</strong></span> <span class='ocrx_word' id='word_1_204' title='bbox 896 3167 960 3202; x_wconf 85' lang='lat' dir='ltr'><strong>arce</strong></span> <span class='ocrx_word' id='word_1_205' title='bbox 978 3147 1014 3202; x_wconf 84' lang='lat' dir='ltr'><strong>eis</strong></span> <span class='ocrx_word' id='word_1_206' title='bbox 1031 3152 1164 3202; x_wconf 78' lang='lat' dir='ltr'><strong>Iaxartem</strong></span> <span class='ocrx_word' id='word_1_207' title='bbox 1182 3165 1198 3200; x_wconf 86' lang='lat' dir='ltr'><strong>a</strong></span> <span class='ocrx_word' id='word_1_208' title='bbox 1216 3146 1303 3202; x_wconf 91' lang='lat' dir='ltr'><strong>Plinio</strong></span> <span class='ocrx_word' id='word_1_209' title='bbox 1319 3147 1498 3214; x_wconf 75' lang='lat' dir='ltr'><strong>net.bist.v1,</strong></span> 
     </span>
     <span class='ocr_line' id='line_1_26' title="bbox 259 3215 1498 3288; baseline -0.001 -18"><span class='ocrx_word' id='word_1_210' title='bbox 259 3215 386 3288; x_wconf 89' lang='lat' dir='ltr'><strong>quidquid</strong></span> <span class='ocrx_word' id='word_1_211' title='bbox 403 3216 453 3270; x_wconf 87' lang='lat' dir='ltr'><strong>boe</strong></span> <span class='ocrx_word' id='word_1_212' title='bbox 471 3215 629 3286; x_wconf 77' lang='lat' dir='ltr'><strong>syllabarum</strong></span> <span class='ocrx_word' id='word_1_213' title='bbox 647 3227 695 3282; x_wconf 83' lang='lat' dir='ltr'><strong>est,</strong></span> <span class='ocrx_word' id='word_1_214' title='bbox 713 3226 801 3271; x_wconf 91' lang='lat' dir='ltr'><strong>ortum</strong></span> <span class='ocrx_word' id='word_1_215' title='bbox 818 3235 860 3272; x_wconf 83' lang='lat' dir='ltr'><strong>ra·</strong></span> <span class='ocrx_word' id='word_1_216' title='bbox 897 3225 928 3272; x_wconf 82' lang='lat' dir='ltr'><strong>lo</strong></span> <span class='ocrx_word' id='word_1_217' title='bbox 946 3225 1119 3270; x_wconf 85' lang='lat' dir='ltr'><strong>memoratae:</strong></span> <span class='ocrx_word' id='word_1_218' title='bbox 1142 3217 1262 3270; x_wconf 83' lang='lat' dir='ltr'><strong>nimirum</strong></span> <span class='ocrx_word' id='word_1_219' title='bbox 1284 3215 1364 3269; x_wconf 85' lang='lat' dir='ltr'><strong>series</strong></span> <span class='ocrx_word' id='word_1_220' title='bbox 1382 3215 1498 3286; x_wconf 85' lang='lat' dir='ltr'><strong>lapidum</strong></span> 
     </span>
     <span class='ocr_line' id='line_1_27' title="bbox 258 3283 1498 3366; baseline 0 -28"><span class='ocrx_word' id='word_1_221' title='bbox 258 3295 308 3338; x_wconf 87' lang='lat' dir='ltr'><strong>tus.</strong></span> <span class='ocrx_word' id='word_1_222' title='bbox 343 3283 397 3338; x_wconf 79' lang='lat' dir='ltr'><strong>sed</strong></span> <span class='ocrx_word' id='word_1_223' title='bbox 419 3287 492 3337; x_wconf 79' lang='lat' dir='ltr'><strong>dacia</strong></span> <span class='ocrx_word' id='word_1_224' title='bbox 514 3284 585 3338; x_wconf 84' lang='lat' dir='ltr'><strong>Flor.</strong></span> <span class='ocrx_word' id='word_1_225' title='bbox 603 3284 654 3338; x_wconf 88' lang='lat' dir='ltr'><strong>CH</strong></span> <span class='ocrx_word' id='word_1_226' title='bbox 671 3287 752 3339; x_wconf 87' lang='lat' dir='ltr'><strong>Bern.</strong></span> <span class='ocrx_word' id='word_1_227' title='bbox 770 3287 808 3354; x_wconf 84' lang='grc' dir='ltr'><strong>Β,</strong></span> <span class='ocrx_word' id='word_1_228' title='bbox 832 3294 861 3340; x_wconf 87' lang='lat' dir='ltr'><strong>et</strong></span> <span class='ocrx_word' id='word_1_229' title='bbox 896 3284 974 3339; x_wconf 84' lang='lat' dir='ltr'><strong>certis</strong></span> <span class='ocrx_word' id='word_1_230' title='bbox 1000 3285 1155 3356; x_wconf 86' lang='lat' dir='ltr'><strong>quibusdam</strong></span> <span class='ocrx_word' id='word_1_231' title='bbox 1182 3283 1326 3338; x_wconf 75' lang='lat' dir='ltr'><strong>intervallis</strong></span> <span class='ocrx_word' id='word_1_232' title='bbox 1349 3285 1498 3366; x_wconf 81' lang='lat' dir='ltr'><strong>positorum</strong></span> 
     </span>
     <span class='ocr_line' id='line_1_28' title="bbox 258 3351 1497 3434; baseline 0 -28"><span class='ocrx_word' id='word_1_233' title='bbox 258 3355 327 3406; x_wconf 78' lang='lat' dir='ltr'><strong>elias</strong></span> <span class='ocrx_word' id='word_1_234' title='bbox 345 3353 426 3405; x_wconf 82' lang='lat' dir='ltr'><strong>alium</strong></span> <span class='ocrx_word' id='word_1_235' title='bbox 444 3351 513 3420; x_wconf 88' lang='lat' dir='ltr'><strong>(sine</strong></span> <span class='ocrx_word' id='word_1_236' title='bbox 531 3355 592 3423; x_wconf 81' lang='lat' dir='ltr'><strong>que)</strong></span> <span class='ocrx_word' id='word_1_237' title='bbox 613 3353 685 3406; x_wconf 89' lang='lat' dir='ltr'><strong>haud</strong></span> <span class='ocrx_word' id='word_1_238' title='bbox 707 3354 786 3408; x_wconf 87' lang='lat' dir='ltr'><strong>dubie</strong></span> <span class='ocrx_word' id='word_1_239' title='bbox 803 3373 860 3409; x_wconf 85' lang='lat' dir='ltr'><strong>eor-</strong></span> <span class='ocrx_word' id='word_1_240' title='bbox 894 3362 1110 3434; x_wconf 84' lang='lat' dir='ltr'><strong>vetustarumque</strong></span> <span class='ocrx_word' id='word_1_241' title='bbox 1136 3355 1259 3407; x_wconf 87' lang='lat' dir='ltr'><strong>arbomm</strong></span> <span class='ocrx_word' id='word_1_242' title='bbox 1285 3370 1400 3424; x_wconf 73' lang='lat' dir='ltr'><strong>speeiem</strong></span> <span class='ocrx_word' id='word_1_243' title='bbox 1421 3370 1497 3424; x_wconf 80' lang='lat' dir='ltr'><strong>prae-</strong></span> 
     </span>
     <span class='ocr_line' id='line_1_29' title="bbox 257 3419 1498 3488; baseline 0.002 -14"><span class='ocrx_word' id='word_1_244' title='bbox 257 3419 381 3474; x_wconf 84' lang='lat' dir='ltr'><strong>rectionis</strong></span> <span class='ocrx_word' id='word_1_245' title='bbox 399 3436 477 3473; x_wconf 86' lang='lat' dir='ltr'><strong>causa</strong></span> <span class='ocrx_word' id='word_1_246' title='bbox 493 3419 567 3473; x_wconf 85' lang='lat' dir='ltr'><strong>Flor.</strong></span> <span class='ocrx_word' id='word_1_247' title='bbox 585 3421 637 3472; x_wconf 88' lang='grc' dir='ltr'><strong>ΕΗ</strong></span> <span class='ocrx_word' id='word_1_248' title='bbox 654 3421 735 3474; x_wconf 87' lang='lat' dir='ltr'><strong>Bern.</strong></span> <span class='ocrx_word' id='word_1_249' title='bbox 752 3422 786 3475; x_wconf 92' lang='lat' dir='ltr'><strong>B.</strong></span> <span class='ocrx_word' id='word_1_250' title='bbox 894 3423 975 3476; x_wconf 85' lang='lat' dir='ltr'><strong>bebat</strong></span> <span class='ocrx_word' id='word_1_251' title='bbox 992 3431 1173 3488; x_wconf 73' lang='lat' dir='ltr'><strong>temunomm</strong></span> <span class='ocrx_word' id='word_1_252' title='bbox 1192 3439 1223 3475; x_wconf 85' lang='lat' dir='ltr'><strong>sc</strong></span> <span class='ocrx_word' id='word_1_253' title='bbox 1240 3439 1270 3476; x_wconf 87' lang='lat' dir='ltr'><strong>re</strong></span> <span class='ocrx_word' id='word_1_254' title='bbox 1286 3438 1350 3474; x_wconf 86' lang='lat' dir='ltr'><strong>vera</strong></span> <span class='ocrx_word' id='word_1_255' title='bbox 1368 3421 1498 3476; x_wconf 88' lang='lat' dir='ltr'><strong>terminus</strong></span> 
     </span>
    </p>

    <p class='ocr_par' dir='ltr' id='par_1_8' title="bbox 257 3489 1499 3683">
     <span class='ocr_line' id='line_1_30' title="bbox 292 3489 1498 3562; baseline 0.003 -22"><span class='ocrx_word' id='word_1_256' title='bbox 292 3493 316 3556; x_wconf 69' lang='lat' dir='ltr'><strong>s.</strong></span> <span class='ocrx_word' id='word_1_257' title='bbox 332 3496 372 3542; x_wconf 81' lang='lat'><strong>18.</strong></span> <span class='ocrx_word' id='word_1_258' title='bbox 403 3505 454 3557; x_wconf 79' lang='lat' dir='ltr'><strong>per</strong></span> <span class='ocrx_word' id='word_1_259' title='bbox 475 3501 556 3540; x_wconf 78' lang='lat' dir='ltr'><strong>um</strong></span> <span class='ocrx_word' id='word_1_260' title='bbox 579 3491 673 3556; x_wconf 68' lang='lat' dir='ltr'><strong>tanea]</strong></span> <span class='ocrx_word' id='word_1_261' title='bbox 708 3503 771 3542; x_wconf 82' lang='lat' dir='ltr'><strong>xxx</strong></span> <span class='ocrx_word' id='word_1_262' title='bbox 788 3490 859 3545; x_wconf 88' lang='lat' dir='ltr'><strong>Flor.</strong></span> <span class='ocrx_word' id='word_1_263' title='bbox 894 3490 999 3544; x_wconf 85' lang='lat' dir='ltr'><strong>videtur</strong></span> <span class='ocrx_word' id='word_1_264' title='bbox 1026 3491 1104 3544; x_wconf 81' lang='lat' dir='ltr'><strong>firissa</strong></span> <span class='ocrx_word' id='word_1_265' title='bbox 1133 3489 1233 3561; x_wconf 83' lang='lat' dir='ltr'><strong>antiqui</strong></span> <span class='ocrx_word' id='word_1_266' title='bbox 1260 3490 1376 3562; x_wconf 85' lang='lat' dir='ltr'><strong>imperii,</strong></span> <span class='ocrx_word' id='word_1_267' title='bbox 1402 3491 1498 3546; x_wconf 65' lang='lat' dir='ltr'><strong>haubi</strong></span> 
     </span>
     <span class='ocr_line' id='line_1_31' title="bbox 257 3554 1499 3683; baseline 0.002 -72"><span class='ocrx_word' id='word_1_268' title='bbox 257 3554 348 3611; x_wconf 86' lang='lat' dir='ltr'><strong>DFGI</strong></span> <span class='ocrx_word' id='word_1_269' title='bbox 374 3555 431 3610; x_wconf 88' lang='lat' dir='ltr'><strong>Pal.</strong></span> <span class='ocrx_word' id='word_1_270' title='bbox 451 3563 475 3622; x_wconf 89' lang='lat'><strong>1,</strong></span> <span class='ocrx_word' id='word_1_271' title='bbox 496 3573 548 3626; x_wconf 83' lang='lat' dir='ltr'><strong>per</strong></span> <span class='ocrx_word' id='word_1_272' title='bbox 579 3556 707 3611; x_wconf 86' lang='lat' dir='ltr'><strong>omittunt</strong></span> <span class='ocrx_word' id='word_1_273' title='bbox 732 3558 805 3612; x_wconf 87' lang='lat' dir='ltr'><strong>Flor.</strong></span> <span class='ocrx_word' id='word_1_274' title='bbox 832 3559 859 3612; x_wconf 88' lang='lat' dir='ltr'>H</span> <span class='ocrx_word' id='word_1_275' title='bbox 893 3559 1000 3683; x_wconf 53' lang='lat' dir='ltr'><strong>guidem</strong></span> <span class='ocrx_word' id='word_1_276' title='bbox 1018 3558 1098 3613; x_wconf 81' lang='lat' dir='ltr'><strong>fuisse</strong></span> <span class='ocrx_word' id='word_1_277' title='bbox 1116 3575 1149 3612; x_wconf 87' lang='lat' dir='ltr'><strong>ex</strong></span> <span class='ocrx_word' id='word_1_278' title='bbox 1171 3558 1274 3613; x_wconf 86' lang='lat' dir='ltr'><strong>hederis</strong></span> <span class='ocrx_word' id='word_1_279' title='bbox 1297 3556 1436 3612; x_wconf 80' lang='lat' dir='ltr'><strong>verisimile</strong></span> <span class='ocrx_word' id='word_1_280' title='bbox 1456 3567 1499 3614; x_wconf 83' lang='lat' dir='ltr'><strong>est</strong></span> 
     </span>
    </p>
   </div>
   <div class='ocr_carea' id='block_1_5' title="bbox 189 3623 1500 4596">
    <p class='ocr_par' dir='ltr' id='par_1_9' title="bbox 189 3623 1500 4596">
     <span class='ocr_line' id='line_1_32' title="bbox 257 3623 1498 3696; baseline 0.002 -16"><span class='ocrx_word' id='word_1_281' title='bbox 257 3625 379 3680; x_wconf 80' lang='lat' dir='ltr'><strong>Bornss</strong></span> <span class='ocrx_word' id='word_1_282' title='bbox 401 3629 476 3679; x_wconf 84' lang='lat' dir='ltr'><strong>Voss.</strong></span> <span class='ocrx_word' id='word_1_283' title='bbox 494 3631 519 3679; x_wconf 82' lang='lat'><strong>2.</strong></span> <span class='ocrx_word' id='word_1_284' title='bbox 554 3623 636 3679; x_wconf 89' lang='lat' dir='ltr'><strong>Iidem</strong></span> <span class='ocrx_word' id='word_1_285' title='bbox 660 3642 719 3680; x_wconf 86' lang='lat' dir='ltr'><strong>oum</strong></span> <span class='ocrx_word' id='word_1_286' title='bbox 740 3627 764 3680; x_wconf 82' lang='grc' dir='ltr'>Ε</span> <span class='ocrx_word' id='word_1_287' title='bbox 788 3631 811 3696; x_wconf 73' lang='lat'><strong>§-</strong></span> <span class='ocrx_word' id='word_1_288' title='bbox 828 3637 858 3682; x_wconf 77' lang='lat'><strong>14</strong></span> <span class='ocrx_word' id='word_1_289' title='bbox 920 3645 1008 3682; x_wconf 74' lang='lat' dir='ltr'><strong>necor</strong></span> <span class='ocrx_word' id='word_1_290' title='bbox 1025 3627 1174 3682; x_wconf 84' lang='lat' dir='ltr'><strong>coniecisse.</strong></span> <span class='ocrx_word' id='word_1_291' title='bbox 1200 3629 1308 3682; x_wconf 83' lang='lat' dir='ltr'><strong>Hedera</strong></span> <span class='ocrx_word' id='word_1_292' title='bbox 1324 3638 1498 3696; x_wconf 75' lang='lat' dir='ltr'><strong>contererent,</strong></span> 
     </span>
     <span class='ocr_line' id='line_1_33' title="bbox 257 3693 1299 3762; baseline 0.001 -14"><span class='ocrx_word' id='word_1_293' title='bbox 257 3697 335 3750; x_wconf 70' lang='lat' dir='ltr'><strong>caen</strong></span> <span class='ocrx_word' id='word_1_294' title='bbox 353 3697 433 3748; x_wconf 79' lang='lat' dir='ltr'><strong>animi</strong></span> <span class='ocrx_word' id='word_1_295' title='bbox 450 3693 586 3762; x_wconf 84' lang='lat' dir='ltr'><strong>omittunt,</strong></span> <span class='ocrx_word' id='word_1_296' title='bbox 605 3712 639 3749; x_wconf 85' lang='lat' dir='ltr'><strong>ex</strong></span> <span class='ocrx_word' id='word_1_297' title='bbox 656 3712 729 3750; x_wconf 87' lang='lat' dir='ltr'><strong>more</strong></span> <span class='ocrx_word' id='word_1_298' title='bbox 747 3698 859 3751; x_wconf 73' lang='lat' dir='ltr'><strong>siloam·</strong></span> <span class='ocrx_word' id='word_1_299' title='bbox 893 3696 994 3751; x_wconf 85' lang='lat' dir='ltr'><strong>scilieet</strong></span> <span class='ocrx_word' id='word_1_300' title='bbox 1011 3697 1121 3762; x_wconf 83' lang='lat' dir='ltr'><strong>incolae,</strong></span> <span class='ocrx_word' id='word_1_301' title='bbox 1137 3697 1208 3752; x_wconf 73' lang='lat' dir='ltr'><strong>auor.</strong></span> <span class='ocrx_word' id='word_1_302' title='bbox 1225 3695 1299 3750; x_wconf 86' lang='lat' dir='ltr'><strong>DFI.</strong></span> 
     </span>
     <span class='ocr_line' id='line_1_34' title="bbox 256 3763 1498 3836; baseline 0.002 -18"><span class='ocrx_word' id='word_1_303' title='bbox 256 3771 380 3835; x_wconf 82' lang='lat' dir='ltr'><strong>putantes</strong></span> <span class='ocrx_word' id='word_1_304' title='bbox 396 3763 519 3836; x_wconf 87' lang='lat' dir='ltr'><strong>quicquid</strong></span> <span class='ocrx_word' id='word_1_305' title='bbox 536 3773 631 3836; x_wconf 85' lang='lat' dir='ltr'><strong>potest.</strong></span> <span class='ocrx_word' id='word_1_306' title='bbox 926 3771 948 3832; x_wconf 64' lang='grc'><strong>5.</strong></span> <span class='ocrx_word' id='word_1_307' title='bbox 974 3771 1014 3820; x_wconf 77' lang='grc'><strong>16.</strong></span> <span class='ocrx_word' id='word_1_308' title='bbox 1048 3767 1133 3820; x_wconf 72' lang='lat' dir='ltr'><strong>rudia</strong></span> <span class='ocrx_word' id='word_1_309' title='bbox 1159 3767 1222 3836; x_wconf 84' lang='lat' dir='ltr'><strong>fere</strong></span> <span class='ocrx_word' id='word_1_310' title='bbox 1251 3777 1323 3820; x_wconf 80' lang='lat' dir='ltr'><strong>nocte</strong></span> <span class='ocrx_word' id='word_1_311' title='bbox 1352 3767 1498 3834; x_wconf 78' lang='lat' dir='ltr'><strong>redienmt]</strong></span> 
     </span>
     <span class='ocr_line' id='line_1_35' title="bbox 291 3833 1498 3906; baseline 0.002 -20"><span class='ocrx_word' id='word_1_312' title='bbox 291 3837 374 3899; x_wconf 73' lang='lat'><strong>§.14¹</strong></span> <span class='ocrx_word' id='word_1_313' title='bbox 409 3835 535 3904; x_wconf 81' lang='lat' dir='ltr'><strong>reliquum</strong></span> <span class='ocrx_word' id='word_1_314' title='bbox 561 3835 682 3903; x_wconf 73' lang='lat' dir='ltr'><strong>adstitit]</strong></span> <span class='ocrx_word' id='word_1_315' title='bbox 722 3836 858 3906; x_wconf 80' lang='lat' dir='ltr'><strong>Reliquum</strong></span> <span class='ocrx_word' id='word_1_316' title='bbox 893 3833 1009 3888; x_wconf 82' lang='lat' dir='ltr'><strong>Additur</strong></span> <span class='ocrx_word' id='word_1_317' title='bbox 1038 3834 1117 3906; x_wconf 81' lang='lat' dir='ltr'><strong>vulgo</strong></span> <span class='ocrx_word' id='word_1_318' title='bbox 1147 3837 1180 3888; x_wconf 81' lang='lat' dir='ltr'><strong>iu</strong></span> <span class='ocrx_word' id='word_1_319' title='bbox 1206 3845 1319 3888; x_wconf 81' lang='lat' dir='ltr'><strong>castro</strong></span> <span class='ocrx_word' id='word_1_320' title='bbox 1355 3836 1498 3899; x_wconf 74' lang='lat' dir='ltr'><strong>redierunt,</strong></span> 
     </span>
     <span class='ocr_line' id='line_1_36' title="bbox 257 3899 1498 3976; baseline 0.002 -23"><span class='ocrx_word' id='word_1_321' title='bbox 257 3899 445 3954; x_wconf 81' lang='lat' dir='ltr'><strong>adverbialiter</strong></span> <span class='ocrx_word' id='word_1_322' title='bbox 461 3901 578 3972; x_wconf 85' lang='lat' dir='ltr'><strong>positum</strong></span> <span class='ocrx_word' id='word_1_323' title='bbox 595 3920 645 3973; x_wconf 90' lang='lat' dir='ltr'><strong>pro</strong></span> <span class='ocrx_word' id='word_1_324' title='bbox 687 3922 716 3957; x_wconf 83' lang='lat' dir='ltr'><strong>er</strong></span> <span class='ocrx_word' id='word_1_325' title='bbox 732 3906 858 3976; x_wconf 80' lang='lat' dir='ltr'><strong>reliquum</strong></span> <span class='ocrx_word' id='word_1_326' title='bbox 892 3903 964 3973; x_wconf 91' lang='lat' dir='ltr'><strong>quod</strong></span> <span class='ocrx_word' id='word_1_327' title='bbox 990 3901 1066 3958; x_wconf 87' lang='lat' dir='ltr'><strong>facile</strong></span> <span class='ocrx_word' id='word_1_328' title='bbox 1091 3901 1296 3973; x_wconf 79' lang='lat' dir='ltr'><strong>subintelligitur</strong></span> <span class='ocrx_word' id='word_1_329' title='bbox 1320 3911 1349 3956; x_wconf 85' lang='lat' dir='ltr'><strong>et</strong></span> <span class='ocrx_word' id='word_1_330' title='bbox 1379 3903 1456 3956; x_wconf 72' lang='lat' dir='ltr'><strong>abest</strong></span> <span class='ocrx_word' id='word_1_331' title='bbox 1481 3921 1498 3956; x_wconf 81' lang='lat' dir='ltr'><strong>a</strong></span> 
     </span>
     <span class='ocr_line' id='line_1_37' title="bbox 257 3969 1500 4094; baseline 0.002 -72"><span class='ocrx_word' id='word_1_332' title='bbox 257 3980 356 4091; x_wconf 51' lang='lat' dir='ltr'><strong>{1⁶1di</strong></span> <span class='ocrx_word' id='word_1_333' title='bbox 380 3986 431 4092; x_wconf 56' lang='grc' dir='ltr'><strong>ηιξ)</strong></span> <span class='ocrx_word' id='word_1_334' title='bbox 438 3969 543 4092; x_wconf 68' lang='lat' dir='ltr'><strong>qpidqm</strong></span> <span class='ocrx_word' id='word_1_335' title='bbox 560 3975 613 4025; x_wconf 82' lang='lat' dir='ltr'><strong>non</strong></span> <span class='ocrx_word' id='word_1_336' title='bbox 632 3989 648 4092; x_wconf 62' lang='lat' dir='ltr'><strong>‹l›</strong></span> <span class='ocrx_word' id='word_1_337' title='bbox 669 3973 767 4076; x_wconf 78' lang='lat' dir='ltr'><strong>eadit,¹</strong></span> <span class='ocrx_word' id='word_1_338' title='bbox 780 3983 860 4056; x_wconf 78' lang='lat' dir='ltr'><strong>atque</strong></span> <span class='ocrx_word' id='word_1_339' title='bbox 894 3970 1011 4093; x_wconf 73' lang='lat' dir='ltr'><strong>pluripris</strong></span> <span class='ocrx_word' id='word_1_340' title='bbox 1026 3970 1362 4094; x_wconf 46' lang='lat' dir='ltr'><strong>pptimisqueFolodiqiphupi1</strong></span> <span class='ocrx_word' id='word_1_341' title='bbox 1378 3972 1445 4052; x_wconf 77' lang='lat' dir='ltr'><strong>adeo</strong></span> <span class='ocrx_word' id='word_1_342' title='bbox 1467 3981 1500 4025; x_wconf 86' lang='lat' dir='ltr'><strong>ut</strong></span> 
     </span>
     <span class='ocr_line' id='line_1_38' title="bbox 189 4051 1500 4190; baseline 0.002 -31"><span class='ocrx_word' id='word_1_343' title='bbox 189 4137 192 4146; x_wconf 86' lang='lat'>·</span> <span class='ocrx_word' id='word_1_344' title='bbox 258 4055 598 4190; x_wconf 57' lang='lat' dir='ltr'><strong>ooniiidcdibniddeesddtdmni</strong></span> <span class='ocrx_word' id='word_1_345' title='bbox 610 4051 860 4165; x_wconf 61' lang='lat' dir='ltr'><strong>ibdonidmvbcdlddbni</strong></span> <span class='ocrx_word' id='word_1_346' title='bbox 894 4057 952 4190; x_wconf 62' lang='lat' dir='ltr'><strong>idi.</strong></span> <span class='ocrx_word' id='word_1_347' title='bbox 975 4057 1136 4162; x_wconf 52' lang='lat' dir='ltr'><strong>qgaoeupmqqsr</strong></span> <span class='ocrx_word' id='word_1_348' title='bbox 1150 4057 1261 4162; x_wconf 59' lang='lat' dir='ltr'><strong>:desedi</strong></span> <span class='ocrx_word' id='word_1_349' title='bbox 1280 4055 1500 4188; x_wconf 67' lang='lat' dir='ltr'><strong>mediandmididi</strong></span> 
     </span>
     <span class='ocr_line' id='line_1_39' title="bbox 257 4177 1499 4248; baseline 0.003 -22"><span class='ocrx_word' id='word_1_350' title='bbox 257 4177 363 4246; x_wconf 68' lang='lat' dir='ltr'><strong>relnque,</strong></span> <span class='ocrx_word' id='word_1_351' title='bbox 390 4186 481 4244; x_wconf 81' lang='lat' dir='ltr'><strong>ceren,</strong></span> <span class='ocrx_word' id='word_1_352' title='bbox 512 4177 561 4229; x_wconf 79' lang='lat' dir='ltr'><strong>ata</strong></span> <span class='ocrx_word' id='word_1_353' title='bbox 587 4185 720 4232; x_wconf 78' lang='lat' dir='ltr'><strong>natatum.</strong></span> <span class='ocrx_word' id='word_1_354' title='bbox 754 4179 861 4234; x_wconf 83' lang='lat' dir='ltr'><strong>Freinr·</strong></span> <span class='ocrx_word' id='word_1_355' title='bbox 894 4189 1009 4248; x_wconf 77' lang='lat' dir='ltr'><strong>optimos</strong></span> <span class='ocrx_word' id='word_1_356' title='bbox 1022 4177 1212 4232; x_wconf 79' lang='lat' dir='ltr'><strong>etdeternmos</strong></span> <span class='ocrx_word' id='word_1_357' title='bbox 1225 4184 1399 4231; x_wconf 73' lang='lat' dir='ltr'><strong>constituunt.</strong></span> <span class='ocrx_word' id='word_1_358' title='bbox 1425 4177 1499 4230; x_wconf 71' lang='lat' dir='ltr'><strong>‘l&#39;um</strong></span> 
     </span>
     <span class='ocr_line' id='line_1_40' title="bbox 257 4242 1499 4324; baseline 0.002 -26"><span class='ocrx_word' id='word_1_359' title='bbox 257 4242 358 4298; x_wconf 82' lang='lat' dir='ltr'><strong>hemius</strong></span> <span class='ocrx_word' id='word_1_360' title='bbox 376 4251 464 4297; x_wconf 85' lang='lat' dir='ltr'><strong>tamen</strong></span> <span class='ocrx_word' id='word_1_361' title='bbox 486 4245 568 4324; x_wconf 69' lang='lat' dir='ltr'><strong>ibique</strong></span> <span class='ocrx_word' id='word_1_362' title='bbox 585 4247 699 4300; x_wconf 78' lang='lat' dir='ltr'><strong>substitit</strong></span> <span class='ocrx_word' id='word_1_363' title='bbox 720 4247 860 4318; x_wconf 82' lang='lat' dir='ltr'><strong>legendum</strong></span> <span class='ocrx_word' id='word_1_364' title='bbox 895 4262 1021 4318; x_wconf 80' lang='lat' dir='ltr'><strong>equosque</strong></span> <span class='ocrx_word' id='word_1_365' title='bbox 1039 4247 1107 4298; x_wconf 76' lang='lat' dir='ltr'><strong>mille</strong></span> <span class='ocrx_word' id='word_1_366' title='bbox 1125 4257 1149 4298; x_wconf 83' lang='lat' dir='ltr'><strong>et</strong></span> <span class='ocrx_word' id='word_1_367' title='bbox 1166 4259 1244 4300; x_wconf 83' lang='lat' dir='ltr'><strong>noco</strong></span> <span class='ocrx_word' id='word_1_368' title='bbox 1263 4245 1291 4299; x_wconf 90' lang='lat' dir='ltr'><strong>in</strong></span> <span class='ocrx_word' id='word_1_369' title='bbox 1303 4245 1499 4300; x_wconf 76' lang='lat' dir='ltr'><strong>nocuisomni·</strong></span> 
     </span>
     <span class='ocr_line' id='line_1_41' title="bbox 259 4311 1496 4396; baseline 0.003 -31"><span class='ocrx_word' id='word_1_370' title='bbox 259 4311 363 4385; x_wconf 80' lang='lat' dir='ltr'><strong>putavit</strong></span> <span class='ocrx_word' id='word_1_371' title='bbox 380 4313 436 4366; x_wconf 80' lang='lat' dir='ltr'><strong>sine</strong></span> <span class='ocrx_word' id='word_1_372' title='bbox 453 4329 540 4396; x_wconf 77' lang='lat' dir='ltr'><strong>specte</strong></span> <span class='ocrx_word' id='word_1_373' title='bbox 557 4313 796 4370; x_wconf 81' lang='lat' dir='ltr'><strong>verisimilitudinis.</strong></span> <span class='ocrx_word' id='word_1_374' title='bbox 893 4315 943 4367; x_wconf 88' lang='lat' dir='ltr'><strong>bus</strong></span> <span class='ocrx_word' id='word_1_375' title='bbox 951 4321 1057 4385; x_wconf 85' lang='lat' dir='ltr'><strong>praeter</strong></span> <span class='ocrx_word' id='word_1_376' title='bbox 1065 4313 1135 4368; x_wconf 80' lang='lat' dir='ltr'><strong>Flor.</strong></span> <span class='ocrx_word' id='word_1_377' title='bbox 1145 4312 1223 4368; x_wconf 77' lang='lat' dir='ltr'><strong>FGH</strong></span> <span class='ocrx_word' id='word_1_378' title='bbox 1231 4321 1283 4382; x_wconf 85' lang='lat' dir='ltr'><strong>est,</strong></span> <span class='ocrx_word' id='word_1_379' title='bbox 1300 4313 1382 4385; x_wconf 83' lang='lat' dir='ltr'><strong>vulgo</strong></span> <span class='ocrx_word' id='word_1_380' title='bbox 1390 4327 1496 4369; x_wconf 70' lang='lat' dir='ltr'><strong>mcccc</strong></span> 
     </span>
     <span class='ocr_line' id='line_1_42' title="bbox 293 4383 988 4456; baseline 0 -21"><span class='ocrx_word' id='word_1_381' title='bbox 293 4385 316 4451; x_wconf 66' lang='grc' dir='ltr'><strong>ς.</strong></span> <span class='ocrx_word' id='word_1_382' title='bbox 327 4387 367 4435; x_wconf 83' lang='grc'><strong>15.</strong></span> <span class='ocrx_word' id='word_1_383' title='bbox 391 4383 487 4436; x_wconf 71' lang='lat' dir='ltr'><strong>crebrae</strong></span> <span class='ocrx_word' id='word_1_384' title='bbox 505 4383 648 4436; x_wconf 73' lang='lat' dir='ltr'><strong>intervallis</strong></span> <span class='ocrx_word' id='word_1_385' title='bbox 666 4386 793 4456; x_wconf 76' lang='lat' dir='ltr'><strong>dispositi}</strong></span> <span class='ocrx_word' id='word_1_386' title='bbox 810 4385 860 4440; x_wconf 88' lang='lat' dir='ltr'><strong>Ni·</strong></span> <span class='ocrx_word' id='word_1_387' title='bbox 893 4383 988 4436; x_wconf 85' lang='lat' dir='ltr'><strong>editur.</strong></span> 
     </span>
     <span class='ocr_line' id='line_1_43' title="bbox 257 4449 1496 4522; baseline 0 -18"><span class='ocrx_word' id='word_1_388' title='bbox 257 4449 295 4504; x_wconf 88' lang='lat' dir='ltr'><strong>bil</strong></span> <span class='ocrx_word' id='word_1_389' title='bbox 311 4458 366 4516; x_wconf 84' lang='lat' dir='ltr'><strong>est,</strong></span> <span class='ocrx_word' id='word_1_390' title='bbox 389 4451 460 4520; x_wconf 89' lang='lat' dir='ltr'><strong>quod</strong></span> <span class='ocrx_word' id='word_1_391' title='bbox 476 4450 547 4505; x_wconf 85' lang='lat' dir='ltr'><strong>Flor.</strong></span> <span class='ocrx_word' id='word_1_392' title='bbox 564 4451 607 4506; x_wconf 87' lang='lat' dir='ltr'><strong>HI</strong></span> <span class='ocrx_word' id='word_1_393' title='bbox 623 4452 703 4506; x_wconf 86' lang='lat' dir='ltr'><strong>Bern.</strong></span> <span class='ocrx_word' id='word_1_394' title='bbox 721 4455 744 4508; x_wconf 90' lang='grc' dir='ltr'><strong>Β</strong></span> <span class='ocrx_word' id='word_1_395' title='bbox 763 4457 861 4511; x_wconf 84' lang='lat' dir='ltr'><strong>habent</strong></span> <span class='ocrx_word' id='word_1_396' title='bbox 929 4451 996 4522; x_wconf 73' lang='lat' dir='ltr'><strong>Cap.</strong></span> <span class='ocrx_word' id='word_1_397' title='bbox 1013 4455 1061 4518; x_wconf 81' lang='grc'><strong>88,</strong></span> <span class='ocrx_word' id='word_1_398' title='bbox 1084 4457 1105 4518; x_wconf 61' lang='grc' dir='ltr'><strong>ᾖ.</strong></span> <span class='ocrx_word' id='word_1_399' title='bbox 1128 4459 1168 4504; x_wconf 78' lang='grc'><strong>17.</strong></span> <span class='ocrx_word' id='word_1_400' title='bbox 1202 4453 1296 4522; x_wconf 77' lang='lat' dir='ltr'><strong>ltaque</strong></span> <span class='ocrx_word' id='word_1_401' title='bbox 1324 4453 1422 4522; x_wconf 82' lang='lat' dir='ltr'><strong>Sacae]</strong></span> <span class='ocrx_word' id='word_1_402' title='bbox 1459 4451 1496 4505; x_wconf 88' lang='lat' dir='ltr'><strong>lli</strong></span> 
     </span>
     <span class='ocr_line' id='line_1_44' title="bbox 257 4518 1499 4596; baseline 0.002 -23"><span class='ocrx_word' id='word_1_403' title='bbox 257 4521 415 4574; x_wconf 66' lang='lat' dir='ltr'><strong>remanente</strong></span> <span class='ocrx_word' id='word_1_404' title='bbox 431 4537 480 4592; x_wconf 82' lang='lat' dir='ltr'><strong>pro</strong></span> <span class='ocrx_word' id='word_1_405' title='bbox 488 4521 672 4592; x_wconf 82' lang='lat' dir='ltr'><strong>monumentis,</strong></span> <span class='ocrx_word' id='word_1_406' title='bbox 691 4539 775 4596; x_wconf 87' lang='lat' dir='ltr'><strong>neque</strong></span> <span class='ocrx_word' id='word_1_407' title='bbox 789 4525 860 4595; x_wconf 89' lang='lat' dir='ltr'><strong>quod</strong></span> <span class='ocrx_word' id='word_1_408' title='bbox 894 4529 956 4573; x_wconf 85' lang='lat' dir='ltr'><strong>suut</strong></span> <span class='ocrx_word' id='word_1_409' title='bbox 973 4537 1007 4574; x_wconf 80' lang='lat' dir='ltr'><strong>ex</strong></span> <span class='ocrx_word' id='word_1_410' title='bbox 1023 4518 1087 4589; x_wconf 80' lang='lat' dir='ltr'><strong>ipsis</strong></span> <span class='ocrx_word' id='word_1_411' title='bbox 1101 4519 1206 4590; x_wconf 76' lang='lat' dir='ltr'><strong>Scythis</strong></span> <span class='ocrx_word' id='word_1_412' title='bbox 1223 4519 1335 4592; x_wconf 80' lang='lat' dir='ltr'><strong>proximi</strong></span> <span class='ocrx_word' id='word_1_413' title='bbox 1352 4519 1386 4574; x_wconf 79' lang='lat' dir='ltr'><strong>ad</strong></span> <span class='ocrx_word' id='word_1_414' title='bbox 1404 4523 1499 4575; x_wconf 79' lang='lat' dir='ltr'><strong>Iaxar-</strong></span> 
     </span>
    </p>
   </div>
   <div class='ocr_carea' id='block_1_6' title="bbox 0 0 1638 5286">
    <p class='ocr_par' dir='ltr' id='par_1_10' title="bbox 0 0 1638 5286">
     <span class='ocr_line' id='line_1_45' title="bbox 0 0 1638 5286; baseline 0 1"><span class='ocrx_word' id='word_1_415' title='bbox 0 0 1638 5286; x_wconf 95' lang='lat' dir='ltr'><strong> </strong></span> 
     </span>
    </p>
   </div>
  </div>
 </body>
</html>
