3254 5292
261 385 332 458 162
574 464 577 470 ,
756 404 790 468 a.
818 405 941 458 cuasa
966 407 1051 458 aum

257 585 348 656 Prope
370 585 465 638 urbem
485 601 581 656 agrrren
603 583 629 638 ei
652 585 759 638 obviam
784 585 859 640 venit
882 585 1045 640 Graecorum
1068 584 1245 655 captivorum,
1269 581 1392 636 aPersis
1414 582 1496 636 foede

256 660 444 729 mutilatorum,
463 663 558 734 quibus
575 681 635 717 oum
651 679 700 715 rex
716 663 850 733 pollicitus
869 671 954 733 esset,
971 663 1000 717 in
1017 662 1130 734 patriam
1146 661 1261 715 reditum
1278 677 1338 714 sese
1356 659 1497 730 expeditu-

256 757 328 805 rum,
355 740 415 810 (18)
438 738 476 792 illi
495 739 611 793 interae
635 739 831 810 deliberarunt,
856 740 921 813 quid
938 758 954 792 a
971 757 1035 810 rege
1052 740 1198 809 petendum
1214 737 1364 792 videretur:
1391 745 1419 789 et
1437 735 1497 788 aliis

256 815 364 886 quidem
381 815 409 868 iu
426 815 492 871 Asia
509 817 713 884 remanendum,
730 819 799 888 ·(19)
818 817 877 870 aliis
901 834 979 888 quam
996 815 1109 886 primum
1126 815 1290 870 redeundum
1308 813 1337 867 in
1355 812 1497 868 Graeciam

256 893 434 962 censentibus,
453 893 517 948 vicit
533 893 724 948 remanentium
742 893 883 949 sententia.
909 893 947 948 Et
963 895 1058 948 horum
1076 892 1183 964 quidem
1200 892 1322 946 fortunae
1339 891 1498 945 Alexander

257 970 404 1024 liberaliter
421 970 559 1024 consuluit
595 971 654 1040 (20)
673 969 743 1024 Turn
760 971 928 1043 Persepolim
944 969 1057 1042 ingressi
1074 969 1237 1025 Macedones
1255 969 1326 1024 iussu
1345 969 1416 1040 regis
1434 967 1499 1020 dirr-
1559 987 1562 994 ·

256 1057 372 1118 puerunt
389 1066 420 1102 ac
436 1055 579 1101 vastarunt.
605 1046 665 1101 lllic
682 1057 711 1102 et
727 1048 887 1120 Parsagadis
906 1058 1033 1121 quantum
1049 1048 1178 1120 pecuniae
1197 1057 1303 1118 captum
1321 1047 1357 1101 sit
1373 1047 1497 1100 refertur.

257 1128 317 1194 (21)
337 1127 470 1179 Interiora
490 1123 609 1177 Persidis
630 1125 765 1196 feramque
789 1135 898 1197 gentem
919 1127 1076 1180 Mardorum
1103 1125 1179 1180 unius
1206 1127 1264 1179 fere
1285 1123 1384 1179 mensis
1408 1125 1497 1195 spatio

257 1202 315 1273 ipse
341 1203 496 1257 Alexander
523 1199 625 1254 domuit
650 1201 755 1274 sibique
781 1221 876 1273 parere
903 1202 999 1275 coegit.
1026 1204 1109 1272 (Vere
1131 1204 1197 1257 unni
1221 1221 1246 1258 a.
1275 1202 1338 1255 Chr.
1363 1212 1418 1256 aut.
1437 1209 1499 1256 330.
1609 1249 1610 1260 t

259 1281 358 1349 Olymp.
382 1287 440 1344 112,
463 1282 498 1346 1.)
535 1278 593 1346 (22)
612 1279 781 1352 Persepolim
803 1298 938 1346 reversus,
966 1289 1074 1334 auctore
1093 1279 1198 1334 Thaide
1215 1278 1370 1346 meretrice,
1394 1277 1498 1348 regiam

256 1357 387 1426 incendit,
415 1357 475 1427 (23)
493 1358 605 1427 posthac
621 1375 676 1412 non
693 1357 852 1413 restitutam.
895 1358 961 1412 Sera
982 1356 1149 1428 poenitentia
1170 1365 1257 1411 motus
1275 1354 1396 1410 Mediam
1416 1354 1497 1425 petit,

256 1434 374 1488 Dareum
392 1441 599 1504 persecuturus..
1064 1470 1068 1478 .
1346 1469 1349 1478 ‚
1553 1425 1559 1438 '

325 1513 383 1582 (24)
403 1509 465 1578 Qui,
483 1507 613 1583 longioris
632 1512 710 1582 fugae
729 1511 840 1566 oonsilio
858 1509 979 1579 abiecto,
1001 1531 1060 1568 cum
1079 1509 1112 1565 iis
1130 1529 1196 1582 quas
1213 1511 1333 1580 habebat
1349 1508 1432 1581 copiis
1451 1510 1500 1562 de-

255 1595 358 1642 certare
376 1588 477 1656 statuit,
488 1597 516 1641 et
534 1587 656 1642 oratioue
673 1589 774 1657 habita,
789 1598 932 1661 postquam
949 1609 1056 1644 suorum
1073 1588 1200 1642 virtutem
1217 1589 1350 1659 fidemque
1368 1586 1497 1654 laudavit,

256 1669 314 1736 (25)
333 1683 380 1720 eos
398 1666 554 1718 adhortatur
571 1672 600 1718 et
618 1673 684 1728 orat,
704 1675 734 1720 ut
751 1667 833 1720 semel
850 1685 909 1722 cum
927 1666 1047 1720 mutabili
1064 1667 1173 1720 fortuna
1189 1665 1346 1736 transigant
1374 1667 1433 1735 (26)
1445 1664 1499 1718 Ce-

255 1753 374 1798 terorum
395 1761 531 1797 assensum
547 1743 697 1797 Artabazus
715 1743 855 1814 exprimit,
882 1745 930 1796 sed
952 1744 1143 1812 Nabarzanes,
1166 1743 1318 1814 Hyrcaniae
1335 1744 1498 1814 praelectus,

257 1820 368 1875 consilio
388 1829 449 1874 ante
467 1839 526 1875 cum
543 1820 639 1888 Besso,
658 1820 860 1875 Bactrianorum
878 1829 1017 1892 praetore,
1036 1819 1118 1888 inito,
1137 1820 1265 1892 speciosis
1283 1819 1373 1873 verbis
1391 1821 1496 1885 suadet,

255 1908 284 1952 ut
293 1897 332 1951 illi
349 1916 399 1970 per·
416 1897 525 1969 aliquod
543 1905 647 1968 tempus
664 1899 770 1952 Dareus
787 1897 926 1970 imperium
943 1898 1040 1952 tradat.
1076 1899 1134 1966 (27)
1152 1898 1214 1950 Rex
1231 1897 1270 1951 ira
1288 1895 1396 1963 exarsit,
1415 1911 1498 1966 aegre

256 1976 290 2029 ab
308 1975 444 2030 Artabazo
462 1975 598 2046 mitigatus
616 1975 787 2030 tabemaualo
807 1993 836 2030 se
854 1975 968 2029 inclusit.
1003 1975 1143 2029 Exercitus
1166 1975 1337 2045 perturbatus
1359 1973 1387 2027 iu
1404 1982 1496 2044 partes

256 2051 389 2108 dividitur.
435 2054 494 2124 (28)
517 2053 617 2107 Bessus
640 2061 668 2107 et
690 2053 879 2122 Nabarzanes,
906 2053 1032 2125 quoniam
1058 2053 1147 2124 palam
1170 2051 1307 2106 consilium
1324 2050 1422 2122 exequi
1440 2068 1499 2103 non

254 2139 375 2200 possunt,
394 2130 458 2183 dolo
476 2149 556 2202 agere
574 2139 702 2198 statuunt,
718 2149 749 2186 ac
766 2135 825 2200 (29)
843 2129 966 2185 simulata
981 2129 1157 2202 poenitentia,
1167 2128 1296 2183 Artabazi
1313 2146 1397 2198 opera
1414 2127 1497 2180 etiam

254 2225 314 2260 cum
330 2223 404 2277 rege,
421 2207 528 2262 homine
547 2207 667 2280 simplici,
686 2208 714 2261 iu
731 2207 843 2278 gratiam
860 2209 981 2261 redeunt.
1014 2209 1073 2277 (30)
1092 2206 1152 2271 Qua
1170 2208 1262 2260 fraude
1279 2205 1424 2272 intellecta,
1442 2203 1498 2257 Pa-

254 2292 330 2351 tron,
359 2285 413 2336 dux
436 2282 599 2339 Graecorum
620 2286 854 2354 mercenariorum,
882 2301 972 2356 regem
993 2293 1065 2353 orat,
1092 2293 1122 2338 ut
1144 2283 1263 2355 corporis
1289 2283 1328 2337 sui
1346 2281 1497 2336 custodiam

255 2357 365 2413 Graecis
373 2361 531 2430 committat,
550 2364 610 2433 (31)
628 2379 720 2415 venun
733 2363 846 2430 Dareus,
857 2363 902 2434 qui
919 2364 1033 2416 hrmrano
1052 2360 1162 2416 consilio
1181 2359 1279 2414 servari
1296 2360 1428 2432 nequiret,
1447 2375 1498 2412 ne·

253 2445 301 2506 gat
323 2454 352 2490 se
370 2453 386 2490 a
402 2433 573 2508 popularibus
595 2438 648 2492 suis
672 2455 844 2493 recessurum.
881 2443 939 2510 (32)
958 2439 1070 2506 Bessus,
1093 2437 1146 2491 iarn
1163 2447 1250 2492 certus
1267 2436 1371 2492 consilii
1389 2435 1497 2503 nefarii,

253 2532 344 2586 regern
362 2523 451 2568 umen
469 2516 562 2570 fallere
580 2515 678 2588 pergit,
696 2516 815 2588 quamvis
832 2534 925 2587 parum
942 2516 1032 2571 lateat.
1070 2519 1130 2584 (33)
1148 2515 1198 2570 Ille
1216 2513 1395 2580 nihilominus,
1414 2513 1498 2566 etirun

253 2592 381 2647 Artabazi
399 2592 510 2662 oonsilio
528 2601 630 2665 spreto,
648 2592 700 2648 iam
716 2592 823 2648 relictus
841 2611 858 2647 a
874 2592 1001 2649 custodiis
1018 2592 1086 2647 mori
1103 2593 1217 2660 mavult,
1236 2610 1316 2664 quam
1332 2590 1435 2646 unicam
1453 2608 1499 2645 sa-

254 2667 316 2723 lutis
334 2669 403 2724 viam
420 2678 559 2741 temptare.
596 2672 654 2739 (34)
674 2669 743 2724 Tum
760 2688 821 2725 eum
837 2672 937 2726 Bessus
954 2668 1142 2740 Bactrianique
1159 2669 1286 2736 vinciunt,
1296 2687 1327 2723 ac
1344 2685 1433 2722 sectrur
1450 2685 1498 2722 oe-

254 2746 302 2800 leri
320 2748 384 2820 fuga
400 2746 542 2819 abripiunt,
560 2747 733 2819 sequentibus
751 2748 851 2817 Persis,
869 2749 932 2802 dum
951 2747 1046 2801 Graeci
1065 2756 1093 2801 et
1109 2746 1258 2800 Artabazus
1272 2745 1436 2800 Parthienen
1454 2743 1499 2799 di-

205 2877 208 2882 .
253 2841 331 2879 verso
350 2823 445 2879 itinere
463 2833 566 2896 petunt.

321 2906 381 2976 (35)
399 2902 554 2958 Alexander
572 2902 656 2958 Tabia
680 2904 713 2956 de
735 2902 853 2973 periculo
871 2901 954 2960 Darei
977 2901 1070 2956 nuntio
1088 2908 1212 2972 accepto,
1237 2898 1361 2953 celeriter
1378 2897 1500 2971 insequi-

252 2987 305 3048 tur,
324 2979 421 3034 deinde
437 2981 521 3046 audit,
538 2980 591 3034 iam
608 2989 714 3052 captum
730 2996 788 3036 esse
805 2981 887 3034 illum.
914 2983 974 3050 (36)
991 2979 1059 3034 Aliis
1077 2987 1157 3048 atque
1174 2975 1233 3029 aliis
1250 2976 1394 3048 transfugis
1412 2976 1498 3028 adve-

253 3058 401 3125 nientibus,
423 3059 545 3113 breviore
566 3059 661 3112 itinere
683 3077 742 3114 cum
763 3057 860 3130 exigua
881 3076 988 3112 suorum
1009 3075 1088 3110 manu
1104 3055 1217 3109 Bessum
1242 3053 1398 3124 assequitur.
1434 3055 1498 3122 (at)

252 3135 346 3206 ltaque
364 3135 407 3190 hic
424 3155 482 3192 cnm
500 3136 588 3206 111111,
606 3154 699 3208 regem
714 3136 856 3208 captivum,
874 3144 1016 3206 postquam
1031 3149 1198 3204 pemrovere,
1211 3140 1241 3185 ut
1257 3147 1328 3202 equo
1346 3149 1435 3186 aecum
1452 3131 1499 3184 fu·

251 3220 342 3282 geret,
359 3211 552 3282 nequiverunt,
576 3213 793 3268 convulneratum
811 3214 907 3282 (medio
929 3231 999 3266 anau
1021 3231 1047 3266 a.
1068 3211 1129 3264 Chr.
1151 3217 1205 3264 aut.
1223 3215 1283 3276 330,
1302 3209 1389 3263 Attico
1407 3227 1498 3264 nimae

252 3288 481 3355 Hecatombaeone,
503 3291 536 3343 01
596 3329 603 3342 .
622 3296 680 3357 112,
699 3297 724 3343 3.
745 3291 876 3342 Archonte
893 3291 1090 3358 Aristophanis)
1108 3285 1273 3357 relinquunt,
1291 3283 1342 3354 ipsi
1361 3286 1497 3340 diversam

254 3363 344 3434 sugam
364 3363 513 3418 intendunt.
534 3307 646 3418 3Ilglicti
663 3381 680 3417 a
695 3364 779 3418 multo
797 3365 966 3434 paucioribus
984 3363 1177 3420 Macedonibus
1200 3371 1246 3416 arat
1263 3363 1422 3429 caeduntur,
1446 3373 1497 3418 aut

254 3440 400 3511 capiuntur.
435 3442 494 3509 (33)
512 3441 566 3495 Via
588 3441 731 3494 devertens
753 3458 819 3496 unus
837 3442 1016 3498 Macedonum
1037 3441 1109 3496 sorte
1126 3439 1275 3496 vehiculum
1298 3440 1441 3510 conspicit,
1464 3439 1495 3496 iu

253 3535 306 3588 quo
325 3517 429 3572 Dareus
447 3517 588 3572 semivivus
605 3518 657 3572 fuit
673 3523 687 3554 *
703 3517 717 3548 *
733 3518 758 3573 *.

101 3877 104 3882 ,
204 3807 222 3877 1
254 3889 259 3897 ,
356 3733 486 3881 Quae
526 3807 669 3881 interim
709 3806 820 3882 ductu
858 3806 1076 3906 imperioque
1119 3805 1318 3880 Alexandri
1361 3805 1419 3878 vel
1453 3803 1493 3878 in
1510 3823 1535 3873 1.

252 3911 406 4009 Graecis,
432 3920 492 3993 vel
517 3918 645 4018 Illyriis
672 3944 714 3992 ac
741 3917 892 3991 Thracia
916 3929 1020 4018 gesta
1045 3929 1144 4009 sunt,
1172 3919 1201 3991 11
1228 3918 1300 3991 suis
1327 3941 1493 4015 quaeque

253 4113 255 4118 ’
284 4115 385 4173 Liber
401 4133 430 4187 V,
449 4120 514 4190 Cap.
531 4128 555 4187 1,
575 4121 598 4188 ς.
617 4126 640 4172 1.
677 4123 754 4174 ductu
772 4121 851 4190 1111111-
885 4121 1026 4176 verborum
1043 4127 1249 4192 perscrutatores
1268 4119 1314 4189 qui
1332 4117 1405 4189 quasi
1419 4116 1495 4188 capi·
1522 4136 1531 4151 ⁶

250 4189 342 4308 risquel
358 4189 520 4259 Alexandri]
555 4190 658 4268 Auctor
674 4187 759 4241 minus
776 4205 851 4268 accu3
885 4189 942 4271 tale
964 4190 1029 4243 illud
1057 4188 1187 4258 flagitium
1218 4195 1347 4268 putent..
1371 4185 1494 4268 Videaqt

249 4265 621 4378 11111
643 4264 851 4406 rtatim
885 4257 1492 4407 11111111111111

248 4400 327 4458 verrt,
345 4409 404 4448 cum
421 4393 470 4447 sub
487 4409 542 4447 erus
560 4393 651 4465 procul
668 4395 785 4447 absentis
804 4411 850 4447 au·
884 4395 1116 4460 vicissediountur,
1135 4395 1181 4466 qui
1197 4405 1318 4448 vicerunt
1330 4392 1369 4446 illi
1381 4391 1494 4464 quidem

249 4461 335 4534 spiciis
367 4461 418 4517 alio
439 4463 519 4530 duee,
545 4463 690 4534 Antipatro
717 4462 848 4530 nimirum,
884 4463 966 4517 ductu
982 4463 1059 4526 illius,
1077 4460 1408 4534 setlauspiciisdictatoria
1427 4460 1494 4514 Alia

249 4547 292 4588 res
314 4539 405 4602 gestae
426 4541 497 4586 sunt.
531 4531 586 4586 Sed
607 4529 684 4586 nimis
700 4547 773 4586 acres
790 4541 853 4586 sunt
886 4547 929 4586 res
946 4539 1000 4600 eat,
1018 4531 1064 4586 ubi
1080 4549 1122 4588 res
1139 4539 1230 4604 gestae
1246 4549 1300 4585 nou
1316 4529 1494 4602 comprehen-
