3254 5292
232 357 303 429 106
700 367 733 429 Q·
762 364 886 417 cuarn
910 365 995 416 amu

228 561 296 633 sibi
326 554 454 629 divinia
487 550 683 626 honoribus
716 547 856 622 colendi
887 573 992 621 suum
1024 546 1172 645 regem?
1219 545 1299 618 Hoa
1325 569 1466 642 quoque

229 677 415 766 acceptum
439 664 517 737 fore
542 659 620 734 Iovi
646 669 748 732 vates
774 658 978 756 respondet.
1018 657 1117 732 Vera
1141 673 1179 731 et
1205 657 1338 730 salubri
1365 657 1467 729 aesti-
1485 675 1520 724 aa

228 781 385 853 mationa
410 773 499 847 fides
527 769 660 844 oraculi
684 793 780 841 vana
805 770 965 866 profecto
993 770 1025 843 ei
1050 768 1165 842 videri
1183 769 1377 867 potuisset:
1403 764 1469 840 sed

227 892 383 977 fortuna,
410 907 499 981 quos
525 882 587 954 uui
613 880 680 954 sibi
705 878 850 952 credere
877 881 1011 978 eoe'git,
1037 905 1169 978 magna
1194 905 1242 952 ex
1267 889 1369 977 parte
1396 878 1468 950 avi·

230 1001 296 1073 dos
322 997 456 1096 gloriae
481 992 614 1088 magis,
649 1015 756 1086 quam
782 1013 930 1087 capaces
955 990 1049 1063 facit.
1102 989 1198 1063 lovis
1223 990 1332 1088 igitur
1357 989 1468 1061 filium
1487 1007 1522 1056 so

196 1117 199 1123 “
229 1135 268 1184 se
294 1133 368 1183 non
394 1106 510 1178 solum
535 1101 706 1198 appellari
731 1125 858 1197 passus
885 1110 950 1191 est,
977 1099 1041 1174 sed
1068 1101 1175 1173 etiam
1200 1098 1313 1189 iussit,
1335 1123 1468 1172 rerum-

229 1244 298 1317 que
332 1224 515 1314 gestarum
548 1212 699 1301 famam,
735 1209 821 1282 dum
856 1234 987 1308 augere
1020 1211 1100 1282 vult
1131 1211 1195 1283 tali
1220 1210 1469 1307 appellatione,

229 1325 398 1422 eorrupit.
450 1320 499 1393 Et
523 1318 750 1410 Macedones,
777 1323 910 1393 assueti
935 1320 1079 1417 quidem
1105 1322 1203 1419 regio
1229 1321 1388 1417 imperio,
1403 1316 1468 1391 sed
1485 1337 1519 1385 ar

230 1440 269 1510 in
293 1435 427 1507 maiore
451 1430 627 1502 libertatis
653 1425 790 1520 umbra,
818 1455 927 1526 quam
952 1441 1091 1504 ceterae
1117 1441 1263 1529 gantae,
1289 1431 1469 1502 immorta-

229 1547 367 1618 litatem
392 1541 621 1616 affectantem
647 1540 900 1630 contumacius,
919 1565 1025 1637 quam
1043 1552 1107 1614 aut
1131 1543 1217 1639 ipsis
1243 1538 1469 1638 expediebat,

231 1665 295 1728 aut
324 1652 417 1750 regi,
449 1649 605 1723 aversati
640 1661 733 1721 sunt.
793 1646 864 1722 Sed
895 1650 984 1724 haee
1019 1675 1084 1725 suo
1118 1675 1279 1748 quaeque
1314 1649 1469 1747 tempori
1488 1668 1521 1717 sa

230 1772 479 1839 reserventur:
505 1785 601 1832 nune
627 1769 746 1831 cetera
772 1759 901 1854 exequi
926 1784 1083 1857 pergam.

181 1880 229 1951 33
334 1868 558 1959 Alexander,
592 1870 637 1943 ab
669 1867 870 1942 Hammone
904 1868 1061 1960 rediens,
1096 1880 1139 1943 ut
1163 1869 1340 1944 Mareotin
1371 1869 1542 1966 palu-vm

266 2022 368 2077 colendi
385 2038 460 2074 suam
478 2019 576 2089 reqem]
596 2018 646 2071 Sui
659 2035 744 2087 reyem
753 2017 833 2072 Bam.
887 2019 1019 2072 aluissent.
1058 2017 1155 2089 Itaque
1178 2017 1215 2070 sic
1240 2016 1303 2071 olim
1329 2015 1472 2083 edideram,

231 2093 257 2145 A
275 2091 346 2144 utor.
361 2087 411 2142 AB
429 2087 514 2153 Leid,
531 2086 656 2140 mendose
673 2094 705 2138 ut
721 2085 834 2139 videtur.
864 2037 983 2140 libenter
1003 2086 1025 2140 si
1048 2087 1112 2157 quid
1133 2085 1225 2139 melius
1245 2085 1382 2139 inventum
1403 2092 1474 2138 esset

266 2168 337 2212 vates
355 2155 504 2225 respondet]
523 2153 612 2274 vergi?
629 2154 835 2222 responsaret
870 2163 1032 2226 receptur-m.
1065 2156 1155 2226 Atque
1173 2152 1259 2207 neseio
1277 2171 1311 2206 an
1329 2151 1420 2206 melius
1438 2151 1474 2205 sit

231 2224 303 2279 Flor.
320 2223 345 2276 B
362 2225 514 2302 respondet,
588 2237 681 2291 amque
703 2221 836 2301 pertinere
870 2223 980 2276 maratis
1002 2222 1109 2293 reliquis
1131 2239 1180 2293 pro
1197 2224 1223 2275 si
1239 2223 1324 2275 videri
1340 2219 1472 2290 eor-rigere

232 2293 338 2346 videtur
364 2297 494 2360 scriptura
523 2307 565 2342 res
584 2292 678 2342 ondent
708 2306 735 2341 m
761 2288 836 2342 Laid
871 2293 1023 2356 subnatare,
1043 2307 1203 2372 quamquam
1219 2289 1300 2343 etiam
1317 2290 1367 2344 boe
1380 2305 1474 2358 parum

232 2361 313 2414 Beru.
331 2359 357 2410 A
373 2357 444 2410 Flor.
462 2357 523 2409 AD.
578 2355 653 2408 einde
671 2356 793 2410 adiicitur
809 2356 837 2408 in
870 2358 930 2410 leae
948 2358 1092 2411 remedium
1109 2359 1222 2411 videtur.

233 2427 312 2482 editis
330 2424 424 2494 (etiam
437 2424 525 2492 Mod.)
543 2433 570 2476 at
589 2425 642 2492 ipsi
659 2425 779 2477 victorem
796 2441 837 2476 re-

178 2493 180 2500 '
231 2513 290 2566 pem
308 2495 395 2548 divino
413 2495 507 2546 bonore
525 2494 645 2557 coierent,
664 2507 730 2561 quae
747 2493 836 2556 verba,

234 2581 295 2618 eum
311 2559 377 2615 nibil
394 2559 506 2614 doceant
523 2558 572 2613 nisi
590 2559 660 2630 quod
677 2557 757 2629 paulo
775 2567 839 2612 anta

235 2631 299 2684 satie
317 2629 453 2701 perspicue
470 2627 572 2681 dietum
590 2635 630 2680 est
652 2644 683 2680 aa
705 2625 793 2679 desint
809 2626 837 2679 in

906 2461 929 2525 §-
947 2463 988 2512 80.
1024 2461 1085 2512 dam
1107 2476 1204 2529 aspere
1221 2460 1274 2512 anit
1291 2489 1327 2500 -
1344 2475 1422 2510 carra
1441 2457 1474 2528 it]

871 2525 962 2596 Vulgo
980 2529 1135 2597 corrumpit,
1162 2527 1210 2580 sed
1232 2533 1305 2580 recte
1326 2525 1396 2579 Sabe
1430 2543 1475 2578 rus

872 2601 976 2674 tempus
988 2594 1166 2674 praeteritum
1185 2595 1308 2665 quoniam
1326 2609 1476 2665 praeeesse-

235 2784 316 2820 manu
332 2765 361 2817 in
377 2763 429 2818 EG
445 2771 474 2816 et
488 2763 518 2843 iu
536 2761 592 2816 aliis
610 2771 641 2816 ut
658 2762 715 2816 Pal.
727 2771 748 2842 1·
782 2780 837 2842 'oss
871 2729 946 2851 {iffi
959 2728 1082 2851 ldgffl
1100 2727 1477 2852 {llofffflnllgidnoeg

236 2834 311 2916 ibin
328 2833 430 2887 νοω
458 2839 539 2884 enm
562 2830 681 2951 pgmti
707 2832 839 2953 ῗὲὲηᾞῗ
872 2837 1068 2920 tereuetVoss.
1081 2873 1105 2918 1.
1121 2839 1219 2919 Psi-um
1232 2837 1354 2920 aoedrate
1377 2837 1383 2850 ι
1441 2863 1478 2917 'e-

235 2904 298 3027 dili
314 2910 579 3037 laffordcfeiddia
595 2915 659 3021 {lid
670 2939 704 3020 a
721 2917 839 3037 tuniba
874 2935 952 3056 ἓξὲξ
966 2951 995 3055 ξ
1007 2933 1092 3004 ³P⁵¹¹¹¹³
1105 2951 1211 3054 qufflff
1223 2930 1479 3054 mapspuqmae-

941 3042 948 3069 ,
988 3019 1130 3082 ‘praesens
1202 3017 1374 3072 praecessisse
1394 3041 1399 3052 .
1417 3017 1467 3054 oon

236 3041 321 3094 lam
364 3036 541 3091 mmmm
580 3035 674 3092 h⁰mm
713 3034 841 3089 libmmm
875 3077 930 3124 stat
953 3087 1022 3122 emm
1045 3069 1214 3150 elegantioris
1237 3070 1287 3123 hoe
1304 3085 1361 3122 esse
1378 3067 1480 3120 Latini-

236 3103 842 3240 {antealtttt‘nittlttttz
876 3138 953 3204 aas,
981 3145 1012 3190 r
1034 3137 1164 3208 aare
1186 3141 1247 3190 a..
1265 3153 1324 3190 a..
1341 3143 1481 3208 amaena

237 3251 329 3296 tamen
345 3243 466 3292 victorem
483 3238 530 3290 sed
547 3240 664 3291 victores.

274 3311 297 3376 ξ.
314 3313 358 3359 29.
391 3323 454 3358 vera
477 3314 501 3357 et
523 3307 627 3358 salubri
650 3305 840 3384 aestimatione]

239 3375 286 3429 sio
303 3374 328 3426 le
347 3373 401 3426 itur
418 3372 445 3425 in
462 3371 537 3426 mstis
552 3379 680 3442 quantum
694 3371 747 3425 scio
761 3389 844 3425 omm-

240 3445 298 3497 bus.
358 3446 493 3493 euuutur
523 3440 603 3492 baec:
629 3441 715 3506 fidem
743 3441 845 3492 ornasti

240 3527 310 3564 vana
324 3457 441 3577 prodesto
458 3524 587 3577 responsa
603 3509 628 3559 si
645 3509 729 3560 uideri
742 3509 845 3576 potuis-

241 3588 313 3642 sent,
338 3591 405 3698 quae
428 3593 488 3628 aum
510 3593 564 3629 non
581 3579 676 3628 notant
692 3592 752 3628 eum
769 3591 845 3644 prae·

235 2699 309 2753 Leia
330 2697 412 2749 Bam·
435 2697 461 2749 A
482 2695 555 2749 mor·
578 2692 651 2749 ABG
675 2703 703 2748 et
721 2712 738 2747 a
754 2693 838 2815 {qima
870 2669 908 2714 nt
925 2672 1003 2718 iussu
1019 2662 1212 2716 restituendum
1229 2660 1339 2716 censuit.
1365 2661 1477 2715 Fecerat

876 3206 957 3258 etiam
986 3204 1057 3259 inter
1083 3214 1171 3258 cetera
1194 3213 1317 3275 tempora
1337 3203 1483 3284 praeterita

876 3273 1058 3342 coniungatur.
1084 3273 1151 3325 Vide
1164 3273 1186 3326 si
1201 3290 1265 3344 opus
1279 3273 1358 3326 litent
1371 3289 1481 3342 gramm.

878 3347 996 3393 nostram
1018 3342 1042 3407 ξ.
1062 3347 1120 3394 507.
1157 3341 1198 3395 cf.
1216 3342 1250 3393 ad
1268 3355 1338 3406 vm,
1361 3347 1395 3394 34
1412 3347 1483 3392 extr.

914 3410 936 3475 §.
946 3413 988 3461 81.
1006 3410 1055 3460 sed
1071 3410 1100 3460 in
1117 3411 1216 3462 maiore
1233 3410 1363 3462 libertatis
1377 3407 1482 3478 ambra]

879 3475 914 3527 In
933 3475 1016 3528 adieci
1038 3484 1099 3545 post
1116 3476 1237 3529 Modium
1259 3492 1293 3528 ex
1311 3475 1393 3529 Snak.
1411 3473 1484 3528 libris

879 3550 908 3594 et
925 3542 996 3596 Flor.
1014 3543 1134 3596 amnibus
1146 3552 1252 3614 praeter
1262 3543 1292 3597 O.
1311 3542 1484 3596 Beruensium

243 3645 348 3699 eodem
367 3661 405 3708 us,
424 3643 515 3696 Iunius
532 3643 632 3714 primus
650 3641 733 3695 edidit
751 3660 809 3695 vere
822 3651 846 3696 et
879 3609 1107 3689 Rdn'Aomlttl22
1123 3611 1234 3691 qulfle
1242 3609 1323 3664 dublo
1336 3608 1484 3682 lwllenbl

242 3714 384 3767 salubriter
401 3713 559 3778 aestimanti,
578 3711 660 3765 secuti
679 3727 712 3764 ue
729 3718 791 3763 sunt
804 3726 846 3763 re·
880 3677 971 3731 hm
988 3678 1121 3748 ΜΡΝ·
1157 3680 1227 3734 V¹d⁰
1243 3680 1278 3732 “d
1295 3693 1343 3746 ω’
1362 3685 1406 3746 ²¹¹
1427 3685 1450 3731 ⁷·

243 3781 323 3851 liqui,
347 3779 428 3833 etiam
445 3779 551 3833 Modius
568 3778 612 3850 qui
681 3777 847 3833 .Colonien-
917 3778 983 3848 Cap.
1001 3784 1044 3845 38,
1063 3781 1087 3848 ξ.
1107 3788 1130 3834 1.
1165 3790 1194 3834 at
1211 3781 1345 3834 Mareotin
1360 3779 1486 3849 paludem

243 3866 298 3902 sem
324 3847 412 3901 nescio
441 3865 520 3918 quarn
553 3864 615 3900 vere
641 3846 724 3900 tradit
751 3847 849 3924 habere
882 3877 917 3887 -
934 3847 1014 3917 uenit]
1051 3846 1126 3910 Quae
1148 3849 1229 3902 verba
1250 3847 1278 3901 iu
1304 3845 1362 3900 edd.
1380 3853 1487 3916 praeter

244 3933 306 3970 aera
324 3926 347 3969 et
364 3917 484 3969 salabria
502 3917 659 3970 aestimanti.
678 3914 711 3968 In
723 3922 848 3968 extremis
883 3914 1035 3967 Modiaaam
1061 3915 1181 3970 omnibus
1204 3914 1247 3968 bic
1272 3915 1406 3968 adduntur
1423 3923 1451 3966 at
1469 3931 1486 3966 a

245 3983 352 4054 quidem
381 3981 538 4053 particulam
570 3985 595 4036 si
626 3985 730 4048 omue',
769 3982 850 4034 etiam
883 3984 968 4035 mari
989 3983 1137 4049 atillam,
1165 4001 1219 4037 non
1244 3982 1353 4036 inventa
1374 3989 1436 4035 sunt
1459 3981 1488 4034 in

245 4051 329 4123 prinei
392 4051 515 4116 editores,
533 4050 686 4104 omisemnt.
705 4049 777 4114 Quin
793 4066 850 4102 oor·
884 4050 959 4104 oodd.
977 4049 1074 4104 nostris
1092 4068 1141 4105 nee
1157 4051 1184 4104 in
1203 4049 1454 4122 snakenburgisnis,
1473 4065 1489 4102 a

245 4119 321 4188 rigen
340 4137 384 4171 um
407 4119 442 4171 sit
459 4117 559 4198 aliquid
577 4117 685 4171 dubium
703 4116 786 4170 videri
804 4133 849 4170 ne-
885 4118 979 4188 quibas
996 4126 1085 4171 tamen
1103 4119 1190 4173 neseio
1207 4133 1358 4190 quamvere
1372 4116 1490 4170 etiarnat

245 4185 636 4309 ilmiiiidllllliil
653 4202 851 4306 mattea?
885 4183 1491 4308 :ittaitlittttalssttttbti

247 4331 293 4375 tur
310 4321 400 4374 addita
416 4270 496 4387 esser?
512 4337 565 4390 qua
585 4320 672 4374 eieeta
690 4319 772 4373 facilis
790 4319 851 4372 reli-
886 4321 1021 4392 quaeritur
1042 4339 1106 4373 num
1124 4323 1205 4375 etiam
1227 4321 1390 4392 praepositio
1408 4319 1491 4391 possit

268 4407 360 4444 uorum
381 4387 529 4442 emendatio
555 4396 638 4455 esset,
651 4389 740 4455 fides,
763 4395 792 4440 et
818 4390 851 4456 ei,
886 4389 986 4454 omitti3
1008 4391 1149 4458 poetarum
1170 4391 1240 4443 enim
1266 4389 1308 4444 bio
1330 4407 1386 4442 mas
1403 4387 1491 4458 potius

248 4408 365 4528 denique
379 4459 524 4526 potuisset,
556 4473 605 4527 pro
621 4457 707 4524 fidem
724 4487 758 4496 —
775 4457 801 4509 si
816 4485 853 4496 —
887 4473 966 4527 quam
983 4455 1128 4526 castigatae
1151 4458 1276 4512 orationis
1297 4455 1431 4528 proseriae
1453 4454 1492 4508 ri·
