3270 5290
568 409 617 459 nn
645 408 772 460 onsms
798 409 907 460 Anax.
940 409 977 478 v,
1005 406 1047 458 14.
1359 385 1431 462 187

135 613 172 660 rs
189 592 337 667 barbari
360 589 520 684 credant,
546 592 664 690 ipsum
689 617 812 692 regem
837 592 874 665 in
902 588 1027 665 castris
1056 585 1144 666 esse.
1199 585 1377 686 Ceterum,
1405 595 1436 668 si
1479 587 1486 600 '

188 705 282 777 forte
296 702 559 777 Ariobarzanes
586 705 825 802 cognovisset,
851 728 916 802 per
941 703 1083 775 callium
1096 705 1278 778 anhactus
1290 706 1436 798 intrare,

191 814 302 888 etad
334 814 582 912 occupandum
616 817 684 888 iter
716 839 821 888 suum
846 824 986 913 partem
1013 814 1196 912 copiarum
1222 826 1437 915 temptasset

160 960 163 968 ⁴
191 949 384 1024 opponere,
412 922 582 998 Craterus
609 951 691 999 eum
716 925 816 998 illato
842 935 980 999 terrore
1006 925 1187 1016 retineret,
1214 925 1262 999 ad
1287 929 1435 1027 propius

140 1039 174 1102 rt
192 1037 389 1134 periculum
415 1037 674 1110 conversurum
706 1061 853 1134 agment
888 1036 943 1108 sin
970 1045 1091 1108 autem
1116 1038 1194 1134 ipse
1220 1037 1362 1113 hostem
1387 1041 1436 1113 fe·
1547 1087 1549 1094 ›

190 1149 350 1238 fellisset,
379 1157 416 1221 et
442 1147 574 1220 saltum
601 1157 830 1245 occupasset,
866 1171 948 1220 cum
982 1145 1240 1243 trepidantium
1265 1150 1436 1224 barbaro·

192 1283 273 1332 rum
295 1259 493 1332 -tmnultum
520 1256 738 1349 exaudisset,
765 1256 1073 1356 [persequentium
1086 1259 1234 1358 regem,]
1261 1259 1436 1359 idipsum

191 1370 269 1460 iter,
296 1395 367 1467 quo
393 1370 507 1467 pridie
533 1370 626 1468 pulsi
651 1370 804 1458 fuerant,
839 1395 885 1442 ne
912 1369 1094 1442 dubitaret
1118 1368 1275 1468 ingredi:
1305 1373 1436 1471 quippe

192 1505 348 1552 vacuum
372 1481 459 1572 fore,
485 1482 649 1555 hostibus
676 1482 712 1554 in
739 1491 853 1554 semet
879 1479 1023 1554 aversis.

140 1610 175 1657 rr
295 1589 376 1688 Ipse
411 1592 518 1666 tertia
552 1592 673 1689 vigilia
699 1592 817 1665 silenti
843 1591 1002 1690 agmine,
1038 1615 1080 1665 ac
1105 1617 1152 1666 ne
1177 1594 1267 1668 tuba
1293 1593 1486 1690 quidem15

194 1701 280 1774 dato
313 1703 429 1799 signo,
463 1705 581 1802 pergit
615 1701 662 1776 ad
694 1701 979 1776 demonstratum
1014 1702 1083 1776 iter
1109 1705 1260 1778 callium.
1313 1703 1438 1777 Tridui

142 1831 175 1879 rs
194 1814 362 1886 alimenta
401 1823 547 1911 portare
586 1815 735 1886 mihtem
766 1814 920 1887 iusserat
954 1814 1082 1888 leviter
1113 1825 1300 1888 armatum.
1363 1813 1436 1888 Sed

191 1934 335 2023 praeter
359 1926 476 1999 invias
501 1951 609 2024 rupes
639 1947 680 1997 ac
706 1935 901 2023 praerupta
927 1950 1031 2016 saxa,
1064 1925 1255 2022 vestigium
1283 1925 1435 2000 subinde
1520 1981 1521 1986 η

191 2036 359 2125 fallentia,
386 2038 450 2110 nix
476 2039 657 2110 cumulata
682 2045 793 2108 vento
818 2033 1058 2134 ingredientes
1084 2036 1277 2134 fatigabat:
1306 2037 1437 2134 quippe

193 2148 292 2220 velut
317 2148 355 2220 in
380 2148 504 2220 foveas
532 2147 642 2221 delati
666 2147 940 2238 hauriebantur,
974 2157 1118 2220 etcum
1144 2172 1166 2219 a
1192 2147 1437 2220 commilitoni·

191 2258 259 2332 bus
286 2259 538 2349 allevarentur,
564 2259 758 2332 trahebant
783 2258 896 2355 magis
922 2258 1152 2347 adiuvantes,
1179 2283 1287 2354 quam
1313 2283 1437 2354 seque·

142 2387 174 2437 rs
192 2369 334 2442 bantur.
382 2368 466 2442 Nox
485 2358 643 2466 quoque,
670 2379 707 2443 et
732 2370 857 2468 ignota
880 2369 990 2466 regie,
1018 2395 1060 2442 ac
1086 2369 1162 2441 dux
1188 2370 1364 2442 incertum
1389 2394 1437 2442 an

193 2481 280 2554 satis
314 2480 425 2571 fidus,
460 2479 745 2578 multiplicabant
778 2490 932 2553 metum:
974 2481 1004 2552 si
1039 2477 1207 2554 custodes
1241 2480 1435 2571 fefellisset,

227 2669 312 2727 515.
339 2681 390 2733 per
408 2665 514 2722 callium
532 2666 669 2734 arfractas
687 2666 797 2730 intrare,
867 2663 932 2734 Cap.
952 2671 997 2730 15,
1025 2667 1049 2730 s.
1069 2669 1110 2718 18.
1146 2667 1322 2718 allevarentur
1345 2681 1436 2718 omnes

193 2731 246 2786 scil.
265 2749 302 2800 se,
321 2733 393 2803 quod
411 2749 469 2785 cum
487 2733 636 2802 ambiguum
652 2732 798 2785 essetomi-
832 2729 892 2785 libri
919 2731 1003 2786 nostri
1025 2749 1083 2785 cunr
1102 2731 1176 2786 leid.
1195 2733 1271 2786 Voss.
1294 2741 1322 2800 l,
1341 2741 1436 2804 estque

193 2800 228 2853 sit
251 2800 342 2870 potius
366 2809 467 2854 auctor.
502 2801 572 2854 Edd.
594 2808 701 2871 praeter
718 2801 794 2855 Mod.
832 2801 882 2854 h'oc
899 2800 1046 2853 sustinendi
1069 2800 1188 2870 erigendi
1206 2817 1240 2853 ue
1262 2817 1340 2854 sensu
1358 2801 1437 2871 longe

193 2885 257 2932 eum,
275 2870 348 2940 quod
365 2869 393 2922 in
410 2868 483 2942 r'llo
500 2877 570 2922 msto
587 2877 636 2922 est.
830 2868 996 2937 frequentius
1014 2886 1094 2938 quam
1111 2819 1357 2944 vulgdleuareatar.

231 2937 357 2991 Craterus
376 2955 433 2990 eam
450 2969 484 2977 —
501 2939 623 2990 retineret
640 2968 676 2980 —-
692 2954 797 2990 conam-
866 2943 891 3003 5.
911 2944 951 2991 19.
987 2937 1112 2990 incertum
1134 2955 1170 2990 aa
1188 2939 1254 2989 satis
1262 2937 1360 3056 fidas}
1389 2937 1436 2990 In·
1491 2981 1498 2991 .

193 3008 294 3074 suram]
338 3005 428 3076 Vulgo
457 3007 485 3058 ia
515 3023 571 3058 eam
597 3007 671 3059 illato
698 3016 797 3059 terrore
832 3015 917 3058 certas
940 3005 1012 3057 Flor.
1037 3004 1178 3058 GDEFHl
1196 3003 1319 3056 BernB
1362 3003 1395 3056 al.
1420 3012 1433 3057 1

193 3075 514 3128 retineret—conuersum
530 3091 631 3143 apaten,
651 3089 705 3126 non
715 3075 797 3156 plane
831 3073 910 3126 Voss.
933 3080 948 3126 2
980 3078 1079 3138 (totum
1107 3089 1215 3142 gregem
1248 3080 1436 3142 corruptorum

193 3140 293 3262 itt
311 3141 797 3265 ttatstttttlttttt‘·
831 3140 1438 3280 lt‘ttnttlffitttsdlatt‘·tlt?

463 3270 465 3276 s
780 3251 796 3278 ¹2
1035 3249 1042 3274 r

192 3294 209 3330 a
230 3277 327 3398 (quibus
352 3279 474 3332 omnibus
500 3281 529 3332 ia
552 3287 615 3332 ante
638 3297 694 3332 eam
712 3281 796 3334 abest.
831 3279 964 3332 incertam.
994 3269 1069 3330 ‘vide
1086 3277 1169 3332 Drak.
1188 3277 1222 3330 ad
1239 3276 1296 3330 Lis.
1310 3291 1373 3344 vm,
1395 3283 1436 3345 1⁷,

84 3389 89 3394 .
193 3346 228 3400 se
265 3355 377 3418 apparet
394 3348 422 3400 id
446 3346 569 3418 apr-imis
586 3347 731 3401 editoribus
749 3349 795 3401 ad·
832 3353 864 3400 10
882 3347 959 3400 huius
981 3345 1032 3400 laci
1059 3363 1111 3400 non
1129 3345 1316 3399 immemorem.
1351 3345 1437 3400 iidem

192 3415 277 3468 ditum
303 3431 359 3469 esse
377 3423 408 3468 ut
426 3416 589 3469 constructio
606 3415 794 3470 absolveretur.
829 3415 890 3469 libri
912 3433 972 3468 mss.
1000 3419 1087 3484 (certe
1109 3414 1194 3468 nostri
1220 3416 1253 3467 de
1278 3414 1373 3484 quibus
1396 3422 1437 3467 te-

191 3483 293 3537 Verum
319 3483 411 3536 melina
433 3484 577 3537 subsidium
594 3493 649 3551 est,
677 3485 698 3538 si
724 3487 794 3556 quod
830 3485 895 3537 stari
913 3501 1060 3555 possumus,
1080 3501 1140 3537 nam
1158 3483 1238 3538 Snalr.
1259 3483 1332 3551 silet)
1350 3484 1436 3536 malts'·
1531 3507 1532 3510 ¹

192 3564 233 3605 eat
251 3569 400 3606 convasare
418 3553 573 3605 emendatur
590 3562 620 3606 ut
638 3552 673 3605 sit
691 3571 795 3606 conver·
826 3554 954 3622 plicabat,
973 3569 1032 3605 cum
1050 3551 1172 3606 ineditis
1190 3551 1243 3605 iam
1261 3551 1324 3605 olim
1342 3551 1437 3606 fuisset

193 3637 283 3672 aarum
300 3621 443 3673 secuudum
460 3620 534 3674 Leid.
553 3621 630 3674 Voss.
651 3630 662 3674 1
683 3621 753 3674 Flor.
769 3622 796 3674 A
830 3637 954 3674 numerus
972 3619 1089 3691 pluralis.

194 3686 259 3740 OG:
277 3696 334 3740 tum
356 3689 408 3742 duo
429 3689 488 3742 cola
504 3689 572 3742 dunt
593 3690 718 3743 Craterus
737 3707 793 3742 eam
863 3693 888 3742 sl
911 3691 1028 3742 custodes
1054 3690 1191 3759 fefellisset
1237 3688 1311 3742 Libri
1329 3705 1389 3740 mss.
1408 3695 1437 3741 et

193 3757 313 3808 retineret
331 3763 359 3809 et
376 3759 420 3825 qai
433 3775 525 3827 agmen
540 3775 710 3811 conversurus
719 3767 793 3811 esset.
827 3758 888 3810 edd.
905 3765 972 3810 rett.
982 3747 1150 3827 fffellisseat.
1214 3764 1359 3838 eapropter
1376 3757 1436 3810 Mo-

227 3828 251 3890 s.
273 3830 312 3877 16.
342 3828 554 3944 persequentiam
572 3843 657 3895 regem
673 3825 795 3896 plerique
829 3825 886 3878 dias
914 3827 968 3878 aiat
982 3826 1145 3895 fefellissent
1167 3825 1184 3877 i,
1203 3842 1226 3878 e.
1253 3825 1302 3878 nisr
1320 3825 1436 3878 laterent

191 3891 350 3962 interpretas
384 3895 418 3946 ed
438 3895 592 3946 itamentum
630 3893 795 3948 librariorum
829 3893 941 3947 coniecit
968 3909 999 3946 ac
1025 3893 1202 3946 tumultuatur
1235 3893 1308 3964 quod
1338 3909 1436 3963 operae

191 3978 244 4014 non
262 3977 326 4014 saue
342 3961 483 4014 verborum
498 3961 643 4032 potestatis
705 3981 794 4016 mrum
829 3979 883 4015 non
908 3959 1052 4033 paruerint.
1096 3960 1171 4014 Nihil
1201 3970 1290 4014 tamen
1316 3961 1434 4032 apertius

190 4028 246 4083 iure
263 4028 429 4096 existimant,
454 4030 633 4100 nequeenim
674 4047 795 4100 eperse-
829 4048 908 4102 quam
917 4029 1109 4082 emendandum
1118 4046 1174 4082 esse
1173 4032 1326 4100 fefellisset,
1338 4029 1435 4100 quippe

190 4097 312 4164 cutione,
339 4099 385 4150 sed
409 4097 451 4150 vel
468 4098 501 4151 de
519 4097 684 4166 defensione,
702 4098 796 4151 uelde
830 4115 889 4152 cum
907 4099 940 4150 de
957 4115 1011 4150 uno
1029 4097 1095 4152 duce
1113 4115 1197 4152 sermo
1216 4098 1268 4163 sit,
1287 4098 1331 4168 qui
1349 4098 1371 4150 si
1388 4115 1435 4150 au·

189 4167 254 4235 fuga
285 4166 459 4219 barbarorum
499 4167 675 4238 cogitabatur.
720 4166 796 4220 Libri
829 4167 941 4236 fugisset
964 4165 1108 4248 periculum
1131 4175 1189 4220 erat
1216 4183 1250 4219 ne
1267 4175 1341 4220 totus
1358 4181 1433 4218 exer-

190 4241 279 4287 tamen
306 4249 397 4287 omnes
419 4233 469 4288 sibi
494 4244 630 4302 coustant,
657 4234 706 4288 nisi
724 4236 796 4306 quod
830 4236 897 4290 citus
915 4243 1015 4306 periret
1032 4235 1059 4287 in
1077 4233 1227 4288 solitudine.
1251 4234 1335 4288 Recte
1352 4233 1435 4304 igitur

190 4301 218 4354 in
236 4301 423 4382 Sigebergensi
441 4303 546 4356 Medius
558 4305 693 4426 fpersequi
709 4321 796 4423 regem
829 4303 1024 4356 Freinshemius
1042 4303 1137 4357 Sebisii
1161 4300 1339 4357 coniecturam
1362 4319 1435 4356 reee-

190 4369 321 4423 invemsse
347 4387 403 4423 sese
430 4371 520 4426 tradit.
579 4389 662 4443 equor
679 4371 734 4424 eius
754 4389 796 4424 em
829 4371 878 4442 pit.
914 4372 980 4426 Mox
1003 4380 1076 4425 recte
1103 4371 1194 4425 dicunt
1217 4371 1244 4425 in
1270 4371 1347 4423 unius
1365 4370 1434 4423 illius

191 4437 276 4490 Medii
283 4479 294 4518 3
322 4438 511 4506 Freinshemii‚
544 4440 650 4494 Cellarii
668 4439 795 4493 iudicium
830 4439 904 4492 ducis
926 4440 969 4493 rel
992 4440 1045 4492 lide
1068 4440 1110 4493 vel
1132 4442 1222 4494 aalma
1245 4439 1295 4493 niti
1321 4437 1434 4490 salutem

192 4505 265 4558 uncis
282 4505 328 4559 rlla
344 4507 427 4559 verba
444 4507 663 4562 circumscribens.
830 4525 912 4562 suam.
948 4507 994 4561 Sic
1012 4509 1118 4562 Modius
1134 4507 1248 4578 primm,
1276 4513 1355 4560 antea
1372 4507 1435 4558 cde·
