3238 5296
529 400 579 450 nu
607 397 869 450 aesrrssnax.
897 393 1031 464 vu1,41.
1315 375 1386 446 411
1459 439 1463 452 .

102 601 136 648 24
154 583 262 682 tegris
297 580 430 657 deserti
464 593 557 657 sunt.
619 581 699 658 Rex
736 583 897 655 locorum
935 581 1048 678 magis
1083 605 1191 678 quarn
1229 578 1388 652 hostium

153 695 283 785 victor,
315 705 436 769 tamen
462 719 630 794 magnam
656 693 842 768 victoriam
875 692 1053 765 sacrificiis
1087 701 1123 764 et
1155 693 1253 764 cultu
1285 689 1392 764 deum

153 805 245 878 feeit
297 805 393 878 Arae
423 807 461 879 in
499 817 602 905 petra
633 807 772 878 locatae
804 815 888 877 sunt
920 802 1102 877 Minervae
1129 801 1389 899 Victoriaeque.
1457 807 1460 814 '

102 935 135 982 2⁵
153 915 313 990 Ducibus
338 917 489 1007 itineris,
525 943 596 1014 quo
623 916 741 990 subire
773 917 926 990 iusserat
957 915 1083 988 leviter
1115 924 1289 1005 armatos,
1324 916 1392 988 etsi

153 1028 335 1126 promissis
362 1029 501 1103 minora
525 1029 794 1126 praestiterant,
827 1028 983 1124 pretium
1009 1052 1089 1099 cum
1115 1026 1187 1099 fide
1211 1026 1392 1100 redditum

154 1148 219 1212 est
246 1137 376 1215 Petrae
389 1142 613 1239 regionisque
628 1141 660 1213 ei
674 1139 862 1212 adiunctae
877 1135 1057 1212 Sisocosto
1077 1140 1191 1212 tutela
1209 1139 1391 1238 permissa.

103 1270 158 1318 ιιι.
262 1250 350 1324 Inde
376 1253 551 1351 processit
568 1251 766 1326 Ecbolima:
794 1262 933 1324 etcum
960 1251 1143 1348 angustias
1169 1250 1304 1323 itineris
1331 1251 1391 1323 ob-

155 1361 261 1437 sideri
286 1389 340 1437 xx
365 1361 506 1436 milibus
534 1374 752 1436 armatorum
776 1363 822 1437 ab
840 1359 943 1435 Erice
969 1361 1125 1460 quodam
1151 1363 1391 1461 comperisset,

154 1475 300 1574 gravim
327 1499 456 1575 agmen
479 1474 656 1549 exercitus
676 1470 797 1548 Coeno
816 1473 1019 1548 ducendum
1036 1471 1185 1546 modieis
1206 1473 1391 1547 itineribus
1472 1509 1475 1515 Δ

121 1585 312 1661 stradidit.
365 1586 446 1686 lpse
472 1610 714 1686 praegressus,
745 1585 927 1660 funditore
945 1611 987 1660 ac
1014 1585 1201 1685 sagittario
1227 1583 1393 1660 deturba·

189 1777 214 1840 9.
232 1779 273 1828 24.
308 1790 431 1844 moyseum
456 1773 592 1826 victoriam
618 1773 757 1838 suaficata
827 1772 957 1826 Sisocosto
996 1769 1111 1826 Arriano
1128 1777 1241 1825 vocatur
1255 1771 1393 1824 Sisicottus

155 1851 180 1895 et
197 1843 267 1895 culta
285 1844 359 1896 deum
375 1843 455 1913 fecit]
490 1839 590 1895 Locum
607 1840 757 1893 emendavi·
791 1839 929 1904 lib.1v,so.

154 1928 212 1963 mus
236 1917 268 1963 ut
293 1910 370 1966 nobis
397 1910 504 1991 quidem
528 1910 662 1976 videmur,
693 1907 757 1962 satis
792 1907 917 1979 appellat.
949 1909 1062 1964 Codices
1078 1907 1198 1962 Curtiani
1212 1926 1265 1962 non
1281 1916 1392 1976 mutant,

154 1979 342 2051 probabiliter,
370 1979 426 2032 aliis
444 1980 557 2032 fortasse
581 1977 658 2048 paulo
677 1977 758 2030 auda·
792 1985 895 2030 tantum
912 1977 1016 2032 Flore
1036 1979 1174 2030 Sisocosto.

155 2047 223 2114 cius,
245 2047 336 2101 sedin
355 2056 446 2118 aperta
467 2047 636 2116 corruptione
659 2045 758 2116 aliquid
828 2050 853 2110 3.
868 2054 891 2099 1.
926 2047 1074 2126 Ecbolima]
1110 2045 1185 2098 Libri
1203 2045 1323 2098 Curtiani
1340 2063 1394 2098 non

155 2132 213 2170 esse
238 2117 386 2169 audendum
410 2116 558 2169 videbatur.
593 2114 704 2181 Legitur
731 2112 759 2168 in
793 2114 905 2180 vadant,
923 2114 973 2168 nisi
987 2117 1131 2170 deteriores
1145 2114 1193 2181 ita,
1211 2113 1393 2186 utintelligas,

155 2183 215 2237 edd.
241 2183 403 2306 pfindfflm
428 2193 457 2238 et
483 2182 658 2254 integerrimis
682 2182 759 2235 codd.
794 2181 857 2253 quid
875 2180 1022 2251 voluerint,
1050 2189 1122 2250 (nam
1140 2185 1257 2237 ectotima
1275 2183 1345 2236 Flor.
1359 2181 1393 2250 E,

975 1841 1081 1895 iodorus
1090 1838 1332 1893 hominemnomine
1338 1857 1393 1892 non

156 2251 310 2320 (Modianis,
377 2250 759 2307 d.Voss.1Bern.AFlor.
794 2261 817 2305 et
835 2252 984 2318 ctoliuaF,
1002 2263 1026 2307 et
1043 2251 1244 2319 colimoPal.1,
1263 2253 1395 2306 etbolimc

155 2321 221 2390 AB)
239 2321 288 2375 sio:
314 2339 357 2375 ma
376 2337 425 2375 aue
443 2323 564 2374 victorias
582 2321 718 2388 sacrficiis
736 2329 760 2372 et
793 2319 864 2374 Flor.
878 2321 901 2386 I,
921 2323 1029 2374 ebolimo
1047 2321 1118 2375 Flor.
1131 2320 1168 2386 H,
1188 2323 1298 2375 edolima
1315 2325 1394 2374 Bern.

155 2392 227 2444 crsltu
244 2393 319 2444 deum
327 2393 406 2460 fecit,
432 2389 517 2443 Aldus
532 2398 679 2444 ceterorum
688 2386 759 2443 codi-
792 2389 839 2458 B).
879 2389 934 2444 Sed
951 2391 1078 2444 Amianus
1095 2405 1140 2456 ιν,
1163 2395 1196 2443 28
1218 2391 1310 2442 urbem
1334 2407 1395 2470 pro-

157 2475 217 2513 cum
242 2459 376 2540 scriptura
397 2474 457 2513 rece
475 2466 504 2514 ta
528 2463 555 2527 (s
572 2475 625 2530 qua
642 2475 695 2512 non
713 2461 759 2512 ab·
811 2457 838 2512 in
857 2477 918 2512 uam
928 2461 1018 2514 Aorno
1032 2459 1149 2530 appellat
1157 2460 1314 2523 Embolima,
1334 2467 1396 2511 rtem

155 2535 221 2581 sunt
246 2527 295 2581 nisi
318 2527 391 2582 Flor.
404 2527 433 2581 H
454 2477 535 2580 bem.
557 2527 580 2580 B
605 2528 658 2580 diis
677 2528 758 2598 fecit)
792 2475 961 2582 i'tolemaeus
977 2529 1047 2582 inter
1060 2529 1138 2581 urbes
1152 2528 1185 2580 ad
1202 2527 1287 2598 ipsum
1302 2529 1395 2581 Indum

154 2595 280 2666 vulgatae
296 2605 390 2652 auctor
410 2597 494 2650 factus
510 2604 564 2650 ert:
589 2613 701 2666 mayaco
722 2599 758 2650 vi-
793 2595 865 2650 sitas.
899 2596 1004 2651 Neuter
1021 2597 1055 2650 ad
1072 2597 1145 2650 cuius
1162 2597 1245 2650 amnis
1259 2583 1286 2649 ln
1300 2595 1395 2649 ludum

157 2667 254 2719 ctoriae
272 2667 409 2733 samficiis
427 2675 451 2719 et
468 2668 537 2719 cultu
556 2667 605 2718 diis
624 2665 759 2734 satisfecit.
795 2663 917 2731 ἐκβολὴν
935 2665 989 2718 sive
1007 2663 1134 2732 ἐμβηλὴν
1151 2664 1201 2717 sita
1218 2665 1308 2730 fuerit,
1332 2665 1395 2718 defi·

158 2733 284 2787 Contenti
302 2751 358 2788 esse
375 2735 424 2788 bae
440 2733 556 2789 lectione
573 2749 715 2804 possemus,
738 2733 759 2787 si
794 2732 843 2802 nit,
861 2742 932 2787 certe
950 2735 985 2786 ed
998 2732 1131 2803 Cophenis
1148 2739 1176 2786 et
1186 2733 1245 2786 Indi
1264 2733 1396 2786 confluen-

156 2802 221 2856 nibil
238 2803 309 2856 aliud
327 2819 513 2874 quaereremus
531 2819 609 2873 quam
627 2803 698 2872 quod
713 2801 760 2854 ali-
794 2810 848 2868 tes,
878 2803 950 2872 quod
966 2803 1022 2854 sere
1039 2808 1151 2870 putant,
1175 2801 1281 2871 probari
1303 2802 1397 2872 nequit

156 2869 760 3008 tttnttttttttttntttalttt
794 2869 955 2992 {lobillfi
970 2869 1396 3006 tettttttnttttfflttt

147 3009 227 3076 ficia,
242 3015 274 3062 et
291 3008 398 3062 omnino
416 3008 443 3061 in
461 3008 512 3061 boe
525 3006 673 3061 discrimine
688 3006 759 3060 oodi·
793 3008 827 3060 ad
844 2955 1038 3077 septentriones
1060 3005 1184 3058 videntur
1210 3005 1298 3060 fuisse.
1333 3006 1396 3059 Dux

157 3093 217 3130 cum
244 3073 347 3130 diversa
373 3076 517 3130 alterorum
547 3081 675 3146 scriptura
705 3092 759 3128 non
793 3083 881 3129 autem
894 3073 1019 3128 Indorum
1029 3075 1099 3144 apud
1108 3073 1252 3127 Diodorum
1262 3073 1397 3146 estltppl-

191 3153 245 3198 test
270 3145 320 3199 nisi
345 3163 394 3226 pro
425 3144 541 3215 periculo
569 3142 759 3197 emendationis
794 3163 851 3210 aar,
869 3142 1076 3214 apudOurtinm
1094 3142 1120 3196 in
1138 3142 1290 3213 vulgaribus
1307 3159 1396 3196 exem-

175 3213 256 3267 abeu'.
283 3215 390 3268 Modius
407 3213 488 3284 igitur
500 3211 658 3266 membranis
670 3211 758 3266 nescio
813 3212 910 3265 laribus
930 3213 1015 3282 Eryx.
1059 3211 1113 3265 Sed
1135 3229 1183 3266 nos
1209 3210 1396 3265 emelioribus

159 3282 253 3353 quibus
280 3282 461 3354 Brugensibus
491 3300 553 3336 usus
586 3280 671 3334 edidit
688 3281 759 3352 quod
793 3231 866 3335 libris
893 3281 973 3334 Bern.
990 3281 1016 3332 A
1041 3280 1114 3336 Flor.
1134 3280 1183 3334 AB
1211 3297 1272 3333 eum
1297 3281 1397 3334 Ericen

157 3367 250 3405 vereor
276 3360 307 3405 ut
335 3351 474 3422 quisquam
501 3349 655 3422 intelligat:
675 3360 759 3404 tamea
794 3349 910 3418 fecimus,
952 3350 1005 3404 uod
1040 3349 1101 3403 aulo
1138 3348 1228 3420 ropius
1246 3350 1281 3402 ad
1297 3349 1397 3403 Diodo-

156 3422 259 3490 maym's
272 3422 393 3474 uictoriam
406 3421 545 3484 sacrificiis
559 3429 583 3472 et
598 3421 667 3473 occlto
685 3423 759 3472 deam
794 3437 851 3474 rum
877 3368 988 3472 accedit.
1054 3436 1101 3472 ons
1119 3367 1194 3488 Eryx
1216 3417 1327 3472 librariis
1350 3419 1397 3472 ob-

148 3491 223 3558 secit.
251 3487 323 3552 Quid
339 3489 441 3543 multa?
460 3505 510 3560 ego
529 3487 620 3558 scripsi
638 3505 760 3558 acapnum
794 3488 966 3554 versabatur,
1002 3495 1165 3559 quapropter
1190 3505 1208 3556 y
1234 3487 1397 3542 constantius

157 3559 292 3610 victorium
312 3559 394 3627 fecit,
420 3559 438 3611 i.
452 3574 476 3611 e.
494 3557 582 3611 effecit
608 3565 640 3610 ut
665 3574 761 3626 magna
797 3575 876 3628 quam
893 3556 956 3610 alibi
973 3564 1120 3610 servarunt.

156 3623 300 3691 videretur,
318 3626 483 3696 magnificam
500 3625 524 3678 ei
542 3625 656 3697 speciem
675 3624 758 3678 dedit.
828 3629 851 3695 5.
869 3633 894 3680 2.
926 3643 1110 3696 praegressus,
1127 3624 1269 3694 funditore
1295 3643 1328 3678 ac
1353 3644 1398 3679 sa·

192 3695 216 3760 5.
235 3697 277 3745 25.
312 3711 362 3762 quo
391 3696 477 3746 subire
503 3695 627 3761 truserat]
663 3693 760 3747 Editur
792 3695 929 3814 ‘mimir
950 3692 1050 3748 Locum
1067 3692 1095 3746 in
1111 3709 1172 3746 mss.
1188 3702 1341 3773 corruptum
1355 3711 1398 3747 re-

158 3761 244 3814 adbue
267 3777 331 3831 quos
352 3763 439 3814 subire
464 3777 513 3814 uec
535 3761 607 3814 varia
630 3761 761 3832 scriptura
794 3763 881 3816 stituit
929 3763 985 3814 adr.
1002 3761 1103 3814 Iunius.
1138 3761 1209 3814 Nam
1232 3761 1270 3816 illr
1292 3763 1398 3832 quidem

157 3829 275 3884 codicum
293 3827 410 3882 affertur.
436 3828 560 3898 Explicat
574 3828 760 3883 Schmiederus
795 3831 833 3884 sic
858 3831 973 3882 babent:
996 3846 1171 3899 praecrassus
1187 3832 1340 3898 funditores
1366 3850 1398 3885 oc

157 3899 246 3952 subire
276 3896 346 3950 idem
371 3911 428 3950 esse
455 3897 638 3977 quodnequi:
668 3915 760 3951 verum
795 3900 946 3968 sagittarios
970 3899 1096 3952 deturbat.
1131 3899 1171 3951 Iis
1195 3901 1249 3968 (bis
1271 3898 1328 3967 alii)
1355 3903 1399 3980 qui

157 3968 245 4021 subire
268 3967 379 4037 aliquem
402 3965 532 4034 significat
558 3965 648 4036 potius
669 3965 761 4018 furtim
796 3968 946 4020 obsiderent
968 3967 1125 4030 (obsiderent
1142 3965 1206 4035 alii).
1240 3967 1315 4021 Idem
1332 3972 1398 4021 Vm-

157 4035 268 4160 pppredi
279 4057 285 4088 ε
295 4034 464 4156 ‚neulffllst‘g
481 4035 586 4157 dpcitur·
598 4035 686 4156 sphira
703 4051 761 4155 sured
796 4034 998 4156 delirusredens
1012 4035 1158 4156 obsidetreat
1166 4035 1285 4158 {crglffl'
1302 4037 1397 4160 Agdus,

398 4121 416 4155 r:
579 4121 606 4155 ιιι
658 4120 674 4155 o

157 4119 760 4245 ,tpttsstttttramittant
794 4121 854 4226 tt
862 4119 1164 4238 llilwtiiffm'i'el
1181 4116 1323 4244 “Stil‘'lb
1339 4123 1397 4246 {ll

158 4242 332 4296 necessarium
358 4240 444 4294 visum
470 4250 511 4296 est
542 4240 675 4311 corrigere
701 4257 760 4310 quo,
794 4241 917 4296 correxit.
981 4259 1025 4294 urn
1066 4240 1141 4294 unius
1167 4242 1203 4296 sic
1228 4260 1334 4322 prorsus
1361 4243 1399 4297 uti

158 4310 277 4382 isque
297 4310 342 4363 via
367 4309 432 4364 eniti
459 4310 486 4364 in
512 4326 636 4364 cacumen
662 4308 761 4364 montis
795 4329 874 4381 supra
891 4311 1051 4382 descriptum
1068 4310 1142 4364 vides
1160 4311 1304 4365 coustituit
1337 4312 1397 4366 Μο-

158 4379 269 4433 iusserat
282 4389 405 4434 armatos.
429 4378 613 4449 corruptionis
622 4378 760 4434 ratiocmn
795 4379 853 4432 dius
871 4397 961 4434 vocem
983 4397 1040 4432 cam
1064 4379 1097 4432 de
1120 4379 1273 4432 coniectura
1290 4381 1397 4446 adiecit,

159 4455 283 4528 sequatur
300 4449 391 4528 eadem
407 4447 554 4502 litteraets
581 4446 677 4514 uidem,
692 4463 761 4518 quae
795 4464 878 4519 eaque
887 4449 996 4519 vulgata
1010 4447 1090 4528 lectio
1099 4448 1169 4500 facta
1178 4457 1226 4528 est.
1258 4449 1315 4500 Nos
1329 4467 1399 4503 nunc

159 4515 530 4590 facdhmeduphcatur‚patet
541 4465 760 4587 Glladtx,86,21.
794 4516 950 4576 revertimus
962 4517 997 4570 ad
1011 4516 1148 4570 Iunianum
1161 4523 1324 4592 scnpturmn.
1342 4515 1397 4573 Ne·
