3254 5292
521 394 571 444 na
599 392 726 445 onsms
752 393 862 450 max.
890 395 941 464 rv,
968 393 993 442 e.
1343 376 1390 450 73

149 574 340 650 moenibus
366 574 536 674 applicari
562 585 746 674 poterant:
778 601 950 674 praeceps
975 577 1014 649 in
1040 577 1156 650 salum
1181 595 1305 652 murus
1332 565 1391 678 pe·

150 686 274 760 destre
312 685 552 784 interceperat
589 685 674 758 iter:
713 711 825 760 naves
864 711 932 761 neo
969 685 1128 761 habebat
1166 713 1249 779 rere,
1280 699 1334 781 et,
1360 691 1391 763 si

150 795 384 885 admovisset,
397 793 595 894 pendentes
609 805 647 869 et
658 793 843 871 instabiles
856 797 1049 870 missilibus
1075 795 1187 870 areeri
1212 809 1390 896 poterant.

99 918 132 968 10
254 903 355 980 Inter
386 929 478 1002 quae
511 929 627 1004 parva
652 905 750 979 dietu
774 931 834 980 res
860 907 1052 1007 Tyriorum
1076 906 1244 980 fiduciam
1269 933 1391 981 aceen-

150 1015 215 1090 dit
268 1011 614 1114 Carthaginiensium
639 1017 749 1115 legati
775 1016 823 1089 ad
848 1017 1101 1092 celebrandum
1127 1040 1268 1090 sacrum
1294 1019 1391 1090 enrri-

149 1127 351 1200 versarium
375 1149 476 1198 more
500 1127 619 1224 patrio
645 1136 733 1200 timo
758 1137 952 1200 venerant:
979 1129 1110 1226 quippe
1137 1125 1391 1225 Carthaginem

97 1253 129 1300 11
150 1233 253 1335 Tyrii
285 1233 538 1327 condiderunt,
573 1261 715 1335 semper
746 1248 938 1335 parentum
970 1239 1051 1311 loeo
1090 1239 1184 1311 culti.
1242 1236 1391 1311 Hortari

150 1365 239 1444 ergo
265 1343 378 1418 Poeni
403 1357 615 1444 eoepenmt,
649 1356 692 1420 ut
724 1347 948 1421 obsidionem
972 1348 1056 1421 sorti
1083 1349 1202 1422 animo
1228 1359 1390 1447 pateren-

150 1465 228 1546 tur3
254 1454 356 1528 brevi
383 1453 600 1554 Carthagine
625 1457 760 1530 auxilia
784 1468 947 1531 ventura
999 1457 1163 1556 Namque
1189 1483 1233 1532 ea
1257 1469 1390 1556 tenpe-

150 1575 247 1639 state
271 1589 404 1663 magna
428 1589 476 1638 ex
500 1577 604 1664 parte
623 1566 766 1642 Punicis
793 1568 966 1642 elassibus
991 1568 1105 1642 maria
1123 1568 1390 1642 obsidebantur.

98 1689 156 1738 12·
254 1669 369 1773 Igitur
401 1675 496 1748 bello
534 1675 695 1767 demeto,
735 1703 802 1776 per
830 1703 954 1753 muros
986 1689 1176 1777 turresque
1210 1682 1439 1752 tormentati

150 1784 357 1883 disponunt,
384 1809 485 1858 arma
509 1785 706 1860 iunioribus
733 1787 908 1881 dividunt,
936 1789 1091 1887 opifices,
1111 1813 1263 1886 quorum
1288 1791 1391 1885 copia

150 1896 239 1969 urbs
266 1893 491 1986 abundabat,
529 1896 567 1968 in
593 1897 752 1970 officinas
779 1897 1010 1972 distribuunt.
1064 1896 1195 1972 Omnia
1219 1898 1303 1971 belli
1330 1923 1390 1994 ap·

149 2014 283 2104 paratu
313 2014 495 2102 strepunt:
533 2006 671 2078 ferreae
703 2029 847 2104 quoque
872 2031 1016 2108 manus,
1048 2006 1302 2108 (Harpagonas
1328 2032 1390 2079 vo

151 2113 263 2212 eant)
276 2115 282 2126 '
295 2139 384 2212 quas
423 2114 591 2213 operibus
625 2116 783 2188 hostium
813 2116 1014 2208 iniioerent,
1053 2118 1221 2214 corvique
1253 2126 1290 2190 et
1321 2117 1390 2190 alia

98 2231 131 2280 1³
151 2223 295 2298 tuendis
328 2224 477 2299 urbibus
511 2226 715 2322 excogitata
746 2227 1062 2324 praeparabantur.
1115 2224 1189 2302 Sed
1215 2253 1296 2302 oum
1320 2229 1389 2300 sor·

150 2335 300 2408 nauibus
332 2337 482 2425 ferrum,
517 2335 616 2432 quod
647 2337 777 2410 muudi
808 2338 1017 2434 oportebat,
1051 2337 1259 2436 impositum
1285 2346 1391 2426 esset,

151 2443 379 2542 admotisque
404 2445 548 2519 follibus
574 2446 693 2544 ignem
718 2447 808 2519 flatu
834 2448 1089 2538 ascenderent,
1116 2449 1298 2547 sanguinis
1325 2447 1393 2520 rivi
1450 2448 1457 2462 “

151 2553 222 2626 sub
247 2555 333 2654 ipsis
359 2555 511 2628 flammis
539 2557 701 2629 extitisse
728 2555 910 2630 dicuntur:
948 2557 1057 2655 idque
1083 2581 1189 2631 omen
1214 2560 1252 2632 in
1277 2555 1392 2630 Maee-

99 2683 134 2731 14
152 2661 291 2738 donum
323 2675 460 2738 metum
491 2676 680 2740 verterunt
705 2665 813 2765 Tyrii
865 2666 976 2765 Apud
1002 2667 1219 2742 Maaedonas
1251 2693 1393 2765 quoque

152 2797 236 2846 eum
274 2775 367 2849 forte
405 2801 535 2873 panem
574 2775 720 2874 quidam
758 2776 910 2848 militum
948 2777 1173 2876 frangerent,
1213 2779 1392 2851 manantis

154 2884 340 2982 sanguinis
365 2879 489 2984 guttas
522 2895 752 2960 notaverunt
804 2885 1017 2983 Territaque
1041 2911 1143 2984 rege,
1169 2885 1392 2974 Aristander,

153 2993 391 3093 peritissimus
417 3005 560 3085 vatum,
586 2995 618 3068 si
643 2994 866 3068 extrinsecus
893 3019 999 3068 eruor
1024 2994 1204 3083 fluxisset,
1229 2991 1393 3066 Macedo-

151 3103 261 3176 nibus
286 3102 324 3176 id
349 3104 452 3178 triste
477 3105 648 3195 futurum,
667 3103 735 3178 ait:
762 3114 896 3195 eontra,
917 3127 998 3177 oum
1024 3104 1070 3177 ab
1095 3103 1264 3176 interiore
1290 3111 1393 3200 parte

191 3321 606 3392 §.losaommanniuersariwnj
621 3319 760 3374 Hooiusto
793 3335 842 3391 pro
863 3319 935 3390 vulg.
971 3327 1093 3388 nonperet
1114 3319 1234 3374 omnibus
1255 3317 1329 3374 libris
1346 3335 1394 3371 no-
1498 3327 1503 3337 ·

153 3387 297 3441 verborum
313 3387 406 3442 ordine
422 3387 500 3444 Voss.
518 3397 531 3442 1
551 3389 631 3443 Ber-n
644 3389 671 3442 Δ
686 3387 759 3442 Flor.
793 3387 916 3442 etrisetS
970 3387 1090 3468 enburgii
1100 3387 1250 3441 iubentibus
1259 3385 1394 3453 edidim-

153 3453 307 3508 ABDFGI.
793 3457 906 3527 spondet
915 3463 988 3510 oar-te
997 3455 1089 3509 mehus
1103 3455 1224 3526 sequenti
1233 3463 1394 3508 notaverunt.

191 3521 257 3593 Cap.
276 3529 301 3588 9,
319 3525 342 3591 5.
362 3527 402 3576 12.
424 3523 527 3592 opifices
540 3553 574 3564 -
587 3523 758 3594 distribuunt]
828 3525 1018 3577 Macedonibus
1043 3525 1075 3577 id
1098 3525 1173 3577 triste
1193 3525 1319 3593 satarum
1344 3523 1394 3589 ait]

154 3589 247 3660 Vulgo
260 3592 421 3660 qrffioesqua
431 3591 572 3714 qupopigro
580 3591 759 3671 additamentq
793 3589 839 3646 sio
855 3591 950 3645 omisso
966 3591 1048 3645 verbo
1065 3593 1208 3660 respondit,
1217 3591 1298 3671 ‘quod
1314 3589 1395 3668 vulgo

155 3657 192 3710 ad
224 3675 305 3711 unum
340 3676 430 3713 omnes
580 3667 672 3714 oarent
709 3675 760 3711 msa
793 3659 993 3729 augurisverbis
1020 3658 1189 3726 raemittitur,
1203 3665 1395 3712 neutomnrum

156 3725 228 3778 forte
242 3723 300 3779 Pal.
319 3726 440 3798 excipias.
793 3726 920 3780 libmmm
928 3675 1061 3780 masibor
1070 3726 1196 3798 postulat,
1212 3725 1289 3780 edidi
1298 3725 1396 3804 Aldina

191 3795 372 3872 harpagonas)
396 3797 555 3864 Arpaponos
573 3809 662 3847 omnes
684 3793 759 3847 oodd.
794 3794 875 3849 leutio
889 3801 918 3848 et
932 3797 1065 3863 respondit
1083 3801 1111 3847 et
1128 3795 1166 3848 ait
1183 3795 1279 3847 habet:
1297 3792 1395 3846 oblitus

154 3867 253 3913 nostri:
278 3869 405 3931 agnosces
417 3861 590 3916 recentionmr
600 3859 760 3916 Graeoorum
794 3861 900 3914 videtur
914 3877 970 3915 esse
980 3869 1113 3916 comestor
1124 3861 1282 3915 alterutrum
1293 3859 1395 3914 tollere.

155 3927 252 3981 vitium
268 3927 407 4008 omittendi
425 3927 532 4010 spiritus
550 3928 653 4048 aepHeri,
673 3929 696 3982 is
718 3937 760 3981 ta·
794 3929 942 4009 Infamtum
959 3946 1021 4010 sana
1034 3929 1150 4010 eleganti
1159 3928 1280 4010 scriptori
1289 3928 1394 4007 accidit,

155 3996 618 4136 mqmpqqunogm
633 3995 760 4118 “lirae
795 3998 1163 4135 dimidiam&
1182 3995 1395 4144 addidi}

156 4145 248 4184 omnes
265 4140 371 4200 praeter
393 4131 447 4187 GH
469 4134 608 4200 inicerent,
632 4129 713 4185 Bern.
736 4131 760 4185 B
796 4132 896 4203 opinati
922 4150 969 4186 sua
991 4141 1140 4186 commenta
1156 4151 1205 4204 pro
1222 4132 1291 4186 illius
1308 4132 1395 4184 verbra

155 4200 328 4252 innineerent.
795 4200 971 4253 venditarent.
1007 4200 1061 4253 Sed
1086 4219 1149 4254 mox
1170 4201 1315 4254 manaverit
1332 4215 1395 4252 vera

192 4269 217 4334 ξ.
236 4273 270 4319 14
287 4270 360 4336 apud
376 4269 551 4337 Macedonas]
569 4265 693 4320 Latinam
714 4283 761 4320 no-
795 4268 945 4322 emendatio
978 4267 1104 4340 principis
1139 4267 1247 4322 editoris
1280 4267 1394 4334 ridetur,

157 4333 235 4387 minis
252 4333 363 4388 formam
382 4334 671 4390 Macedonesanostris
688 4332 761 4388 libris
795 4352 874 4406 quam
901 4335 1069 4406 insequentes
1101 4353 1190 4391 omnes
1213 4335 1394 4389 retinuemnt:

157 4401 207 4454 soli
224 4401 296 4455 Flor.
314 4403 366 4456 CH
382 4403 498 4457 Bernss
515 4405 653 4474 praebent,
672 4401 703 4456 ai.
721 4401 761 4454 in·
794 4419 855 4456 msa.
878 4403 984 4483 quidem
1004 4415 1165 4459 manaverat.
1199 4403 1321 4474 Denique
1344 4419 1394 4472 pra

157 4467 200 4521 l'ra
216 4470 250 4522 ad
266 4486 288 4524 a.
306 4477 350 4538 2³,
369 4477 410 4527 15.
439 4471 593 4544 Paulopost
600 4473 761 4542 frangerent
794 4471 892 4541 plurah
908 4487 1017 4525 nurnero
1035 4474 1209 4526 destinassent
1226 4469 1332 4542 plurimi
1350 4485 1393 4522 oo-
