3158 5294
486 431 535 481 nn
562 379 690 482 saeris
716 427 825 480 lanx.
852 427 903 495 m,
930 423 972 470 40.
1273 404 1346 476 479

59 633 91 683 12
110 616 276 714 gignitur,
302 614 434 712 ubique
459 615 639 690 rimantes.
692 609 765 687 Sed
791 637 872 685 cum
897 611 986 684 haec
1013 633 1155 706 quoque
1181 609 1350 683 alimenta

110 725 323 816 defecerant,
350 727 508 800 iumenta
534 725 682 800 caedere
708 724 878 824 aggressi,
904 747 951 794 ne
978 720 1077 818 equis
1103 719 1247 817 quidem
1269 721 1368 794 abs·

109 837 291 927 tinebant3
329 847 474 911 etcum
507 835 674 912 deessent
705 861 797 935 quae
829 833 986 908 sarcinas
1013 832 1202 924 veherent,
1237 833 1350 930 spolia

111 949 157 1026 de
187 949 367 1038 hostibus,
404 957 553 1046 propter
584 975 676 1047 quae
713 948 839 1021 ultima
871 943 1027 1019 Orientis
1059 952 1349 1043 peragraverant,

60 1079 91 1126 13
111 1060 319 1135 cremabant
345 1058 518 1134 incendio.
571 1058 717 1133 Famem
743 1057 872 1134 deinde
898 1056 1101 1156 pestilentia
1127 1065 1250 1136 secuta
1276 1065 1349 1128 est:

112 1174 244 1272 quippe
268 1171 502 1246 insalubrium
529 1172 690 1245 ciborum
714 1171 800 1245 novi
827 1170 911 1258 suci,
938 1166 986 1240 ad
1009 1167 1078 1240 hoo
1094 1165 1230 1239 itineris
1248 1166 1351 1239 labor

111 1294 149 1357 et
174 1281 361 1382 aegritudo
389 1283 506 1374 animi,
533 1283 771 1382 vulgaverant
789 1282 945 1370 morbosi,
972 1289 1009 1352 et
1026 1302 1093 1352 nec
1111 1303 1256 1352 manere
1276 1279 1350 1351 sine

112 1395 223 1487 clade,
259 1420 325 1468 nec
350 1393 519 1493 progredi
544 1403 730 1492 poterant:
764 1402 950 1468 manentes
977 1390 1106 1481 fames,
1141 1414 1352 1487 progressos

61 1526 93 1572 14
112 1507 225 1580 acrior
243 1506 447 1604 pestilentia
464 1505 625 1604 urgebat.
663 1504 760 1604 Ergo
780 1503 884 1578 strati
897 1512 1001 1576 erant
1015 1500 1130 1599 campi
1149 1526 1263 1598 paene
1276 1503 1352 1600 plu·

112 1619 209 1693 ribus
225 1617 417 1707 semivivis,
430 1641 538 1713 quam
555 1616 799 1690 cadaveribus.
836 1613 892 1688 Ac
905 1640 951 1687 ne
965 1613 1079 1686 levius
1095 1608 1240 1709 quidem
1253 1613 1352 1709 aegri

112 1730 212 1828 sequi
225 1736 408 1828 poterant:
422 1728 552 1827 quippe
567 1753 695 1826 agmen
707 1727 839 1824 raptim
853 1725 1037 1822 agebatur,
1050 1734 1192 1798 tantum
1206 1723 1353 1821 singulis

112 1838 161 1913 ad
186 1865 287 1939 spem
313 1839 437 1914 salutis
462 1839 560 1938 ipsos
585 1840 758 1938 proficere
785 1835 1022 1927 credentibus,
1055 1845 1229 1933 quantum
1253 1834 1353 1907 itine-

61 1971 94 2019 15
112 1951 161 2024 ris
198 1949 401 2026 festinando
439 1952 695 2049 praeciperent.
753 1948 867 2046 Igitur
905 1947 965 2045 qui
1006 1945 1211 2020 defecerant
1247 1955 1354 2018 notos

113 2063 326 2159 ignotosque
351 2071 393 2134 ut
419 2063 660 2135 allevarentur
685 2060 855 2134 orabant:
882 2056 946 2132 sed
971 2083 1038 2132 neo
1064 2057 1222 2129 iumenta
1242 2072 1354 2148 erant,

116 2172 245 2269 quibus
273 2172 391 2270 excipi
416 2185 582 2271 possent,
621 2181 658 2244 et
682 2170 783 2244 miles
811 2171 874 2243 vix
900 2194 1000 2242 anna
1024 2167 1210 2267 portabat,
1245 2169 1356 2242 immi·

116 2283 306 2380 nentisque
332 2294 370 2357 et
394 2284 481 2383 ipsis
506 2283 614 2356 facies
646 2284 730 2356 mali
757 2293 841 2356 ante
868 2282 989 2355 oculos
1017 2290 1104 2354 erat.
1157 2277 1255 2378 Ergo
1281 2304 1356 2355 sae-

114 2395 194 2492 pius
220 2393 395 2485 revocati,
429 2420 475 2468 ne
501 2395 676 2493 respicere
704 2394 847 2493 quidem
874 2417 958 2468 suos
985 2389 1226 2481 sustinebant,
1252 2391 1354 2466 mise·

64 2526 95 2572 rs
115 2504 268 2580 ricordia
299 2504 337 2577 in
369 2503 596 2580 formidinem
627 2530 743 2580 versa.
795 2505 849 2578 llli
883 2504 997 2578 relicti
1032 2502 1118 2576 deos
1153 2513 1284 2596 testes,
1320 2514 1356 2576 et

116 2641 219 2690 saera
245 2617 461 2708 communia,
496 2618 661 2716 regisque
687 2617 927 2716 implorabant
953 2641 1074 2714 opem,
1110 2639 1261 2712 cumque
1286 2615 1357 2687 fru-
1392 2639 1399 2646 ·

119 2740 195 2802 stra
220 2726 348 2803 surdas
375 2753 479 2805 aures
505 2729 712 2827 fatigarent,
750 2730 787 2802 in
813 2728 949 2802 rabiem
975 2725 1225 2825 desperatione
1250 2725 1357 2816 versi,

116 2865 239 2939 parem
266 2865 332 2914 suo
359 2841 511 2931 exitum,
549 2840 752 2938 similesque
786 2840 872 2938 ipsis
900 2839 1032 2912 amicos
1058 2846 1096 2910 et
1122 2836 1357 2908 contuberna-

117 2952 169 3025 les
196 2952 445 3050 precabantur.

68 3081 99 3128 17
220 3061 301 3136 Rex
308 3117 317 3154 ,
351 3062 474 3137 dolore
500 3062 606 3136 simul
631 3087 673 3135 ae
698 3058 836 3160 pudore
863 3059 1002 3151 anxius,
1037 3057 1120 3155 quia
1146 3081 1254 3131 causa
1280 3059 1406 3130 tan-41

118 3185 178 3248 tae
204 3173 315 3248 cladis
340 3175 417 3274 ipse
444 3184 555 3266 esset,
596 3172 643 3247 ad
669 3171 965 3270 Phrataphemen
992 3167 1278 3267 Parthyaeorum
1304 3193 1357 3242 sa-

118 3384 207 3438 frutex
224 3381 289 3439 locis
305 3380 410 3439 incultis
423 3382 544 3439 etiamin
558 3380 663 3437 Siciliae
676 3399 723 3437 ora
791 3383 865 3450 §.la
901 3379 1107 3459 imminentisque
1124 3388 1148 3432 et
1166 3379 1245 3449 ι’ρεῖε]
1273 3375 1359 3432 Codd.

1 3513 2 3518 η
119 3451 284 3508 meridionali
297 3452 514 3525 frequentissime.
542 3452 583 3507 Cf.
593 3469 660 3524 quae
675 3469 722 3505 au-
756 3451 849 3520 ipsius,
869 3449 941 3521 quod
959 3447 1070 3518 intelligi
1084 3447 1184 3517 nequit,
1202 3445 1359 3518 itaqueiure

119 3521 267 3576 notavimus
293 3523 328 3575 ad
354 3521 488 3576 Ciceronis
515 3520 641 3575 verrinas
668 3520 686 3574 l.
703 3519 721 3573 l.
756 3518 819 3573 olim
836 3518 1004 3572 emendatum
1021 3526 1069 3570 est.
1105 3515 1159 3570 Sed
1177 3527 1201 3570 et
1222 3533 1271 3587 pro
1288 3515 1360 3586 vulg.

121 3588 223 3668 Quodsi
235 3589 343 3668 palrnac
359 3591 501 3662 frugiferas
518 3589 545 3644 in
562 3589 613 3643 illis
623 3588 721 3643 Cedro·
757 3590 834 3642 eliam
856 3605 871 3640 e
893 3585 1026 3658 plerisque
1048 3584 1122 3638 libris
1145 3584 1220 3638 mstis
1241 3593 1270 3638 et
1292 3583 1360 3639 Our-

121 3673 175 3708 srae
192 3657 255 3710 loeis
273 3655 398 3724 fuissent,
424 3658 525 3712 nullum
547 3666 605 3712 erat
622 3675 638 3710 a
654 3658 723 3710 fame
756 3656 830 3710 tiana
857 3653 1049 3708 consuetudine
1077 3653 1247 3706 restituimus.
1289 3652 1361 3706 Nam

1 3723 2 3744 ³
120 3723 274 3793 perieulum.
308 3724 394 3779 Porro
419 3744 466 3780 cur
486 3726 588 3780 radices
631 3742 722 3778 uaera-
757 3727 836 3778 etiam
861 3741 914 3778 non
942 3730 983 3775 est
1006 3721 1056 3774 nisi
1077 3721 1104 3774 iu
1126 3721 1198 3774 Flor.
1212 3721 1262 3788 DI,
1285 3723 1361 3775 abest

1 3849 2 3854 ,
120 3791 359 3860 rentMacedones‚
376 3793 515 3847 siarbores
533 3794 560 3847 in
576 3744 667 3848 oedlos
684 3793 724 3845 in·
777 3809 864 3845 rorsus
882 3791 937 3844 siva
954 3791 1031 3842 etiam
1049 3787 1103 3844 sive
1119 3799 1142 3842 et
1155 3789 1361 3844 arloscurfl

1 3867 2 3880 ¹
121 3859 266 3914 cidiseent?
311 3860 390 3925 Quod
417 3869 505 3915 autam
531 3861 589 3932 ipse
616 3859 724 3916 Curtius
758 3811 839 3913 bern.
854 3858 893 3912 B:
920 3858 988 3911 item
1019 3875 1050 3910 ue
1072 3857 1149 3912 abest
1167 3875 1183 3910 a
1200 3857 1271 3912 Flor.
1284 3858 1361 3912 EFH

121 3947 177 3982 eam
191 3929 310 3982 arborem
323 3929 396 3999 dicit,
413 3928 531 4002 generali
544 3927 724 4001 appellatione
758 3927 872 3981 Bern.B
892 3925 974 3981 Pall
1020 3931 1103 3980 osae.

121 3997 213 4054 utitur.
475 4031 479 4038 ·
794 4000 818 4062 s.
832 4002 872 4050 16.
907 4004 931 4048 et
952 4011 1031 4047 sacra
1053 3996 1209 4067 mmmania]
1245 3993 1361 4049 Coniun-

155 4071 230 4135 §.12
259 4061 418 4137 defecerant]
442 4067 577 4135 deicerent
586 4062 723 4132 Flor.CG,
759 4064 873 4136 ctionem
895 4079 974 4134 quarn
995 4061 1144 4132 elegantior
1169 4063 1273 4118 dicendi
1299 4081 1360 4117 usus

122 4136 272 4206 defecerant
288 4135 362 4190 Flor.
372 4135 401 4190 F.
696 4141 706 4164 ·
758 4132 875 4204 postulat
896 4130 1043 4184 addidimus
1060 4147 1076 4183 e
1093 4132 1168 4184 codd.
1186 4131 1261 4186 Leid.
1282 4132 1360 4186 Voss.

1 4271 2 4274 Ἴ
156 4207 229 4273 §.la
250 4205 407 4273 festinando
421 4203 614 4284 praeciperent]
632 4199 722 4271 Vulgo
761 4201 872 4255 chrn.
886 4201 913 4254 A
929 4199 1001 4252 Flor.
1019 4199 1068 4252 AB
1090 4199 1147 4252 aliis
1170 4198 1268 4254 multis.
1303 4200 1359 4253 Pro

1 4285 2 4298 ¹
117 4277 309 4342 praeriperent,
327 4272 477 4326 melioribus
491 4270 623 4325 codicibus
641 4271 723 4324 refra-
758 4271 902 4324 communia
923 4267 983 4320 libri
1007 4267 1150 4322 deteriores
1177 4271 1265 4322 omnia
1286 4269 1360 4322 exhi-

122 4341 245 4409 gantibus
262 4339 336 4394 Leid.
347 4343 424 4396 Voss.
436 4348 448 4394 l
464 4339 543 4394 Bern.
553 4341 579 4392 A
596 4338 722 4394 Flor.AB
757 4337 902 4392 bentFlor.
913 4335 1028 4390 DEFHl
1037 4337 1118 4390 Bam.
1127 4337 1151 4390 B
1160 4335 1219 4391 Pal.
1231 4344 1255 4403 1,
1271 4353 1361 4390 errore

123 4407 186 4462 aliis.
221 4410 275 4463 Iter
287 4413 443 4480 praeripere
460 4409 505 4463 vix
522 4412 629 4478 po'e'tam
646 4408 723 4460 dece·
758 4406 822 4462 satis
838 4405 986 4478 perspicuo.
1093 4477 1094 4480 Ἴ

122 4485 176 4543 ret,
192 4479 345 4547 praecipere
362 4477 452 4533 Livius
470 4491 548 4547 saepe
567 4475 644 4530 dixit.
680 4475 723 4532 Cf.
793 4474 910 4546 Capll,
929 4481 950 4544 5.
962 4481 1002 4526 17.
1021 4475 1059 4528 cd
1067 4473 1167 4527 Phrata
1186 4475 1282 4526 lernen
1291 4473 1361 4526 Por-

123 4561 191 4615 quae
209 4563 288 4615 supra
305 4547 454 4602 monuimus
472 4547 506 4602 ad
524 4560 566 4614 lv,
585 4551 627 4614 60,
646 4551 670 4600 3.
758 4545 906 4614 ripaeorum
924 4543 1062 4614 satrapen]
1085 4491 1189 4595 lnedd.
1197 4540 1361 4614 princPar-
