3238 5296
269 285 344 356 424
766 304 800 367 Q·
828 303 953 356 cnnrn
977 305 1063 356 nom

268 513 389 589 regem
424 487 612 584 conspexit
642 488 834 562 fluentibus
866 488 1035 563 membris
1067 489 1277 587 omissisque
1308 489 1421 563 armis
1456 491 1526 563 vix

269 608 472 699 compotem
488 600 627 672 mentis.
680 599 772 671 Tum
789 599 933 672 beluam
950 601 986 672 in
1003 601 1125 698 iirgam
1142 602 1307 692 concitat,
1334 613 1525 699 sequente
1543 625 1569 671 a

269 709 497 787 Alexandro:
526 710 590 783 sed
616 735 728 808 equus
755 711 830 784 eius
855 713 976 785 multis
1003 713 1209 786 vulneribus
1236 713 1426 788 confossus
1459 716 1525 788 de

268 828 460 926 finiensque
486 824 692 922 procubuit,
718 824 836 922 posito
863 823 975 920 magis
1002 849 1102 922 rege,
1126 823 1236 922 'quarn
1262 824 1387 898 effuso.
1446 826 1525 900 Ita·

269 939 338 1038 q'ue
365 940 451 1014 dum
477 960 609 1032 equum
634 945 759 1024 mutat,
786 934 923 1008 tardius
949 935 1131 1010 insecutus
1157 945 1223 1009 est.
1265 933 1416 1009 Interim
1447 939 1523 1010 fia-
1541 957 1583 1006 a*

268 1064 326 1125 ter
351 1051 501 1138 Taxilis,
529 1047 623 1144 regis
649 1045 835 1136 Indorum,
867 1047 1083 1144 praemissus
1110 1047 1156 1121 ab
1182 1046 1412 1139 Alexandra,
1440 1075 1524 1122 mo-

269 1189 355 1237 nere
381 1162 498 1260 coepit
523 1158 672 1248 Porum,
703 1183 750 1230 ne
775 1157 901 1230 ultima
926 1158 1081 1256 experiri
1107 1169 1368 1257 perseveraret,
1405 1158 1522 1234 dede·

269 1285 396 1372 retque
415 1299 454 1346 se
475 1269 612 1345 victori.
651 1268 703 1342 At
723 1268 791 1360 ille,
818 1294 1034 1366 quamquam
1056 1271 1253 1344 exhaustae
1276 1279 1381 1344 erant
1403 1271 1522 1359 sires,
1540 1293 1567 1339 a:

271 1385 529 1482 deficiebatque
563 1381 726 1480 sanguis,
771 1390 891 1454 tamen
925 1379 973 1452 ad
1010 1390 1134 1454 notam
1169 1405 1296 1454 vocem
1330 1381 1521 1454 excitatus

270 1497 439 1596 Apamam,
465 1494 595 1592 inquit,
631 1492 767 1566 Tmtlis
787 1494 951 1594 florem,
977 1492 1111 1592 imperii
1134 1492 1292 1594 regnique
1316 1493 1373 1566 eui
1397 1494 1522 1591 prodi·

273 1607 369 1683 om:
400 1617 439 1680 et
466 1607 593 1696 telum,
626 1603 723 1701 quod
749 1629 859 1677 unum
885 1606 979 1679 forte
1003 1631 1077 1678 non
1104 1605 1309 1695 effluxerat,
1336 1607 1521 1678 contorsit

272 1721 309 1792 in
343 1744 439 1792 eum:
477 1716 573 1814 quod
604 1740 669 1815 per
701 1714 858 1788 inedium
888 1728 1013 1814 pectus
1045 1716 1248 1815 penetravit
1276 1714 1325 1796 ,ad
1357 1725 1520 1815 tergum.

273 1828 352 1903 Hoc
379 1831 504 1904 ultimo
529 1826 674 1900 virtutis
701 1850 809 1925 opere
836 1827 947 1918 edito,
982 1828 1105 1925 fugere
1132 1828 1247 1901 aerius
1274 1828 1412 1927 eoepit:
1450 1830 1520 1902 sed
1536 1851 1583 1898 a

274 1942 484 2040 elephantus
517 1963 673 2036 quoque,
717 1939 777 2036 qui
815 1940 929 2012 multa
960 1951 1152 2037 exceperat
1184 1939 1272 2030 tela,
1312 1937 1518 2014 deficiebat.
1582 1973 1583 2030 r

273 2052 399 2150 Itaque
425 2053 519 2126 sistit
544 2051 676 2148 fugam,
703 2049 930 2149 peditemque
952 2052 1115 2146 sequenti
1136 2051 1231 2124 hosti
1254 2052 1394 2124 obiecit.
1436 2050 1518 2124 Iam
1534 2059 1583 2118 as*

273 2163 480 2238 Alexander
507 2173 719 2236 consecutus
745 2171 833 2252 erat,
860 2172 897 2236 et
918 2162 1112 2259 pertinacia
1127 2162 1211 2236 Pori
1232 2164 1384 2260 cognita,
1414 2173 1518 2236 veta-

273 2275 338 2347 bat
363 2273 611 2348 resistentibus
637 2273 744 2371 parci.
796 2271 892 2371 Ergo
919 2271 1075 2370 undique
1108 2285 1145 2348 et
1174 2276 1212 2348 in
1243 2275 1382 2373 pedites
1411 2289 1451 2351 et
1478 2278 1516 2350 in

273 2387 391 2483 ipsum
421 2385 559 2458 Porum
593 2385 666 2457 tela
700 2394 870 2481 congesta
904 2394 1006 2456 sunt:
1044 2384 1122 2480 quis
1156 2386 1302 2460 tandem
1335 2400 1516 2487 gravatim

274 2497 345 2569 labi
373 2521 419 2568 ex
444 2495 551 2568 belua
576 2497 702 2593 coepit.
754 2492 880 2586 Indus,
913 2495 972 2592 qui
999 2495 1229 2594 elephantum
1252 2495 1419 2593 regebat,
1452 2498 1515 2574 de·
1531 2521 1558 2567 n

274 2605 443 2680 scendere
469 2630 551 2678 eum
576 2616 696 2698 ratus,
736 2594 835 2678 rnore
869 2607 974 2680 solito
1010 2607 1239 2704 elephantum
1272 2609 1513 2704 procumbere

273 2719 376 2792 iussit
402 2719 600 2816 ingenua:
629 2719 689 2815 qui
715 2728 756 2790 ut
782 2741 820 2790 se
842 2718 1015 2808 submisit,
1042 2717 1150 2790 ceteri
1167 2743 1318 2816 quoque,
1342 2719 1396 2792 ita
1414 2721 1513 2800 enim

272 2831 426 2902 instituti
461 2840 581 2922 erant,
625 2828 798 2904 demisere
833 2854 984 2928 corpora
1016 2827 1054 2899 in
1087 2836 1230 2902 terram.
1288 2829 1343 2904 Ea
1377 2855 1437 2904 res
1474 2844 1513 2906 et

272 2942 406 3016 Porum
433 2953 470 3016 et
495 2953 633 3016 ceteros
659 2941 854 3015 victoribus
880 2939 1038 3014 tradidit
1582 3003 1583 3042 r

223 3056 268 3126 51
374 3053 455 3127 Rex
486 3054 629 3152 spoliari
660 3078 789 3151 corpus
816 3051 915 3142 Pori,
951 3052 1206 3148 interemptum
1238 3077 1316 3126 esse
1348 3053 1511 3146 credens,
1528 3043 1583 3120 ⁴⁰³

271 3167 386 3256 iubet,
422 3166 544 3262 etqui
576 3163 806 3239 detraherent
836 3164 981 3238 loricam
1013 3173 1237 3260 vestemque,
1277 3189 1510 3258 concurrere;

273 3302 354 3349 cum
388 3277 495 3348 belua
529 3273 711 3348 dominum
745 3276 838 3349 tueri
871 3285 908 3349 et
942 3275 1135 3374 spoliantes
1174 3275 1292 3374 eoepit
1326 3289 1509 3377 appetere,

271 3388 501 3482 levatumque
527 3409 655 3484 corpus
683 3386 758 3460 eius
782 3411 907 3462 rursus
934 3385 1041 3459 dorso
1068 3411 1134 3460 sno
1166 3386 1358 3485 imponere.
1410 3387 1509 3486 Ergo

307 3671 424 3741 Capto,
443 3675 520 3737 §.ab
556 3671 679 3742 requique
696 3673 740 3726 aui
751 3673 871 3742 prodito-
905 3673 1025 3727 hostibus
1059 3674 1246 3746 congrediente
1280 3689 1426 3729 sermonem
1451 3691 1508 3727 csso

272 3740 323 3810 n's]
358 3739 397 3792 Le
416 3739 509 3794 ebatur
525 3739 606 3811 vulgo
624 3742 802 3809 proditum,
824 3743 872 3796 sed
905 3741 1040 3822 sequentia
1053 3745 1159 3811 demut,
1178 3743 1357 3814 sedopposuit
1374 3743 1418 3796 ille
1435 3742 1507 3814 quic

272 3825 331 3861 curn
348 3757 416 3861 illud
430 3808 574 3862 convicium
591 3807 619 3862 in
640 3809 750 3862 fratrem
769 3809 871 3864 Taxilis
906 3811 968 3882 quid
995 3811 1113 3882 pediturn
1135 3811 1220 3868 adhue
1242 3812 1311 3867 cirea
1336 3811 1423 3884 ipsum
1450 3821 1507 3864 erat

272 3875 357 3929 minus
374 3877 535 3943 conveniret,
555 3895 632 3948 quam
649 3877 677 3930 in
694 3876 779 3948 ipsum
789 3878 871 3932 Taxi-
903 3879 1129 3951 persequentibus.

271 3945 332 4010 lern,
350 3944 542 3999 Freinshemius
559 3946 677 4000 secundis
694 3947 762 4000 euris
777 3947 872 4002 exali-
980 3989 1021 4037 33·
1056 3985 1115 4052 qul-3
1140 3985 1254 4052 madan]
1299 3985 1411 4037 Tm
1436 3982 1504 4036 Hor·

272 4016 882 4152 sictaeuteteenahnt
905 3985 1117 4190 quipppe
1132 4051 1506 4190 ephree-§ee

260 4148 386 4288 {2221ss
387 4149 490 4271 dplgssm
485 4158 743 4271 bqppstrorumque
757 4153 873 4206 mium
906 4189 1039 4254 dimisere,
1058 4189 1131 4259 qnod
1148 4188 1233 4243 estin
1249 4187 1325 4243 Leid.
1341 4192 1416 4242 Voss.
1434 4189 1506 4242 Flor.

307 4291 331 4353 3,
351 4293 393 4341 37·
453 4288 505 4340 edil
561 4303 592 4339 w
617 4317 652 4329 „„
677 4288 745 4340 hom·
770 4289 871 4359 ohim-t]
905 4255 1010 4310 AEGH
1027 4257 1107 4310 Bem.
1124 4257 1163 4326 B,
1180 4257 1238 4311 iure
1259 4257 1400 4329 spernitur.

272 4354 345 4408 Flor.
362 4353 415 4408 ΕΗ
457 4371 513 4408 ern.
573 4372 601 4408 ee
619 4356 709 4410 obiecit
725 4357 802 4426 male,
827 4375 872 4412 ne-
941 4357 1006 4430 Cap.
1016 4361 1092 4428 tl‚§.
1101 4367 1143 4414 40.
1175 4361 1255 4430 iubet]
1282 4359 1327 4419 Sic
1343 4377 1403 4414 mss
1421 4361 1506 4414 nostri

272 4440 324 4494 quc
349 4422 420 4477 enim
445 4424 479 4477 de
503 4423 560 4495 ipso
586 4439 650 4494 rege
675 4423 787 4496 pedibus
813 4444 872 4482 oum
906 4445 995 4482 omncs
1012 4438 1041 4482 et
1057 4428 1131 4482 leid
1150 4431 1227 4484 Voss.
1246 4438 1270 4484 1.
1311 4428 1398 4500 Vulgo
1423 4432 1506 4484 tusae
