<?xml version="1.0" encoding="UTF-8"?>
<!DOCTYPE html PUBLIC "-//W3C//DTD XHTML 1.0 Transitional//EN"
    "http://www.w3.org/TR/xhtml1/DTD/xhtml1-transitional.dtd">
<html xmlns="http://www.w3.org/1999/xhtml" xml:lang="en" lang="en">
 <head>
  <title>
</title>
<meta http-equiv="Content-Type" content="text/html;charset=utf-8" />
  <meta name='ocr-system' content='tesseract 3.04.00' />
  <meta name='ocr-capabilities' content='ocr_page ocr_carea ocr_par ocr_line ocrx_word'/>
</head>
<body>
  <div class='ocr_page' id='page_1' title='image "./qcurtiirufidege00zumpgoog_0491.png"; bbox 0 0 3158 5294; ppageno 0'>
   <div class='ocr_carea' id='block_1_1' title="bbox 706 349 1000 413">
    <p class='ocr_par' dir='ltr' id='par_1_1' title="bbox 706 349 1000 413">
     <span class='ocr_line' id='line_1_1' title="bbox 706 349 1000 413; baseline -0.007 -11"><span class='ocrx_word' id='word_1_1' title='bbox 706 350 739 413; x_wconf 82' lang='lat' dir='ltr'>o.</span> <span class='ocrx_word' id='word_1_2' title='bbox 767 349 890 402; x_wconf 81' lang='lat' dir='ltr'>oraru</span> <span class='ocrx_word' id='word_1_3' title='bbox 915 349 1000 402; x_wconf 82' lang='lat' dir='ltr'>amu</span> 
     </span>
    </p>
   </div>
   <div class='ocr_carea' id='block_1_2' title="bbox 182 530 1536 2296">
    <p class='ocr_par' dir='ltr' id='par_1_2' title="bbox 232 530 1492 741">
     <span class='ocr_line' id='line_1_2' title="bbox 232 530 1492 632; baseline -0.001 -25"><span class='ocrx_word' id='word_1_4' title='bbox 232 547 428 608; x_wconf 73' lang='lat' dir='ltr'>mammete.</span> <span class='ocrx_word' id='word_1_5' title='bbox 481 534 536 608; x_wconf 90' lang='lat' dir='ltr'>Ac</span> <span class='ocrx_word' id='word_1_6' title='bbox 570 545 648 608; x_wconf 92' lang='lat' dir='ltr'>tum</span> <span class='ocrx_word' id='word_1_7' title='bbox 681 533 824 632; x_wconf 91' lang='lat' dir='ltr'>quidem</span> <span class='ocrx_word' id='word_1_8' title='bbox 856 533 987 606; x_wconf 86' lang='lat' dir='ltr'>amicos</span> <span class='ocrx_word' id='word_1_9' title='bbox 1023 530 1171 605; x_wconf 78' lang='lat' dir='ltr'><strong>dimisit:</strong></span> <span class='ocrx_word' id='word_1_10' title='bbox 1210 540 1372 606; x_wconf 86' lang='lat' dir='ltr'>ceterum</span> <span class='ocrx_word' id='word_1_11' title='bbox 1415 559 1492 630; x_wconf 88' lang='lat' dir='ltr'>per</span> 
     </span>
     <span class='ocr_line' id='line_1_3' title="bbox 233 643 930 741; baseline -0.006 -23"><span class='ocrx_word' id='word_1_12' title='bbox 233 644 432 741; x_wconf 85' lang='lat' dir='ltr'>complures</span> <span class='ocrx_word' id='word_1_13' title='bbox 460 645 535 719; x_wconf 91' lang='lat' dir='ltr'>dies</span> <span class='ocrx_word' id='word_1_14' title='bbox 561 647 610 719; x_wconf 94' lang='lat' dir='ltr'>ibi</span> <span class='ocrx_word' id='word_1_15' title='bbox 637 645 771 720; x_wconf 87' lang='lat' dir='ltr'>stativa</span> <span class='ocrx_word' id='word_1_16' title='bbox 796 643 930 720; x_wconf 83' lang='lat' dir='ltr'>habuit</span> 
     </span>
    </p>

    <p class='ocr_par' dir='ltr' id='par_1_3' title="bbox 182 750 1536 2296">
     <span class='ocr_line' id='line_1_4' title="bbox 182 750 1536 855; baseline -0.001 -29"><span class='ocrx_word' id='word_1_17' title='bbox 182 757 228 826; x_wconf 79' lang='lat'>27</span> <span class='ocrx_word' id='word_1_18' title='bbox 334 753 433 828; x_wconf 90' lang='lat' dir='ltr'>Haec</span> <span class='ocrx_word' id='word_1_19' title='bbox 459 755 543 829; x_wconf 93' lang='lat' dir='ltr'>dum</span> <span class='ocrx_word' id='word_1_20' title='bbox 570 757 606 829; x_wconf 91' lang='lat' dir='ltr'>in</span> <span class='ocrx_word' id='word_1_21' title='bbox 632 755 735 830; x_wconf 85' lang='lat' dir='ltr'>India</span> <span class='ocrx_word' id='word_1_22' title='bbox 760 765 944 855; x_wconf 87' lang='lat' dir='ltr'>geruntur,</span> <span class='ocrx_word' id='word_1_23' title='bbox 978 750 1105 828; x_wconf 85' lang='lat' dir='ltr'>Graeci</span> <span class='ocrx_word' id='word_1_24' title='bbox 1130 753 1259 826; x_wconf 76' lang='lat' dir='ltr'><strong>milites</strong></span> <span class='ocrx_word' id='word_1_25' title='bbox 1283 777 1409 850; x_wconf 82' lang='lat' dir='ltr'>nuper</span> <span class='ocrx_word' id='word_1_26' title='bbox 1439 755 1536 827; x_wconf 84' lang='lat' dir='ltr'>invu.</span> 
     </span>
     <span class='ocr_line' id='line_1_5' title="bbox 231 863 1488 964; baseline 0.001 -27"><span class='ocrx_word' id='word_1_27' title='bbox 231 865 386 938; x_wconf 88' lang='lat' dir='ltr'>colonias</span> <span class='ocrx_word' id='word_1_28' title='bbox 413 891 436 938; x_wconf 89' lang='lat' dir='ltr'>a</span> <span class='ocrx_word' id='word_1_29' title='bbox 461 891 545 964; x_wconf 88' lang='lat' dir='ltr'>rege</span> <span class='ocrx_word' id='word_1_30' title='bbox 571 867 715 942; x_wconf 89' lang='lat' dir='ltr'>deducti</span> <span class='ocrx_word' id='word_1_31' title='bbox 741 868 835 940; x_wconf 90' lang='lat' dir='ltr'>circa</span> <span class='ocrx_word' id='word_1_32' title='bbox 860 863 1001 955; x_wconf 89' lang='lat' dir='ltr'>Bactra,</span> <span class='ocrx_word' id='word_1_33' title='bbox 1028 874 1109 937; x_wconf 88' lang='lat' dir='ltr'>orta</span> <span class='ocrx_word' id='word_1_34' title='bbox 1134 865 1227 938; x_wconf 83' lang='lat' dir='ltr'>inter</span> <span class='ocrx_word' id='word_1_35' title='bbox 1252 864 1352 961; x_wconf 86' lang='lat' dir='ltr'>ipsos</span> <span class='ocrx_word' id='word_1_36' title='bbox 1380 865 1488 938; x_wconf 88' lang='lat' dir='ltr'>sedi-</span> 
     </span>
     <span class='ocr_line' id='line_1_6' title="bbox 231 974 1488 1070; baseline 0.002 -22"><span class='ocrx_word' id='word_1_37' title='bbox 231 979 344 1066; x_wconf 81' lang='lat' dir='ltr'>tione,</span> <span class='ocrx_word' id='word_1_38' title='bbox 377 975 596 1070; x_wconf 80' lang='lat' dir='ltr'>defecerant,</span> <span class='ocrx_word' id='word_1_39' title='bbox 628 1004 701 1051; x_wconf 91' lang='lat' dir='ltr'>non</span> <span class='ocrx_word' id='word_1_40' title='bbox 726 989 802 1050; x_wconf 91' lang='lat' dir='ltr'>tam</span> <span class='ocrx_word' id='word_1_41' title='bbox 829 974 1035 1049; x_wconf 86' lang='lat' dir='ltr'>Alexandro</span> <span class='ocrx_word' id='word_1_42' title='bbox 1061 976 1205 1065; x_wconf 85' lang='lat' dir='ltr'>infensi,</span> <span class='ocrx_word' id='word_1_43' title='bbox 1237 999 1346 1070; x_wconf 92' lang='lat' dir='ltr'>quam</span> <span class='ocrx_word' id='word_1_44' title='bbox 1372 987 1488 1050; x_wconf 90' lang='lat' dir='ltr'>metu</span> 
     </span>
     <span class='ocr_line' id='line_1_7' title="bbox 230 1084 1520 1188; baseline -0.006 -28"><span class='ocrx_word' id='word_1_45' title='bbox 230 1087 401 1185; x_wconf 90' lang='lat' dir='ltr'>supplicii.</span> <span class='ocrx_word' id='word_1_46' title='bbox 455 1084 595 1188; x_wconf 77' lang='lat' dir='ltr'>Quippe</span> <span class='ocrx_word' id='word_1_47' title='bbox 626 1089 749 1162; x_wconf 83' lang='lat' dir='ltr'>occisis</span> <span class='ocrx_word' id='word_1_48' title='bbox 777 1084 990 1184; x_wconf 87' lang='lat' dir='ltr'>quibusdam</span> <span class='ocrx_word' id='word_1_49' title='bbox 1022 1086 1262 1184; x_wconf 89' lang='lat' dir='ltr'>popularium,</span> <span class='ocrx_word' id='word_1_50' title='bbox 1296 1086 1359 1181; x_wconf 91' lang='lat' dir='ltr'>qui</span> <span class='ocrx_word' id='word_1_51' title='bbox 1385 1088 1520 1160; x_wconf 80' lang='lat' dir='ltr'>vali-r</span> 
     </span>
     <span class='ocr_line' id='line_1_8' title="bbox 231 1195 1487 1298; baseline 0 -28"><span class='ocrx_word' id='word_1_52' title='bbox 231 1197 348 1271; x_wconf 89' lang='lat' dir='ltr'>diores</span> <span class='ocrx_word' id='word_1_53' title='bbox 384 1209 488 1272; x_wconf 91' lang='lat' dir='ltr'>erant</span> <span class='ocrx_word' id='word_1_54' title='bbox 526 1225 625 1273; x_wconf 90' lang='lat' dir='ltr'>arma</span> <span class='ocrx_word' id='word_1_55' title='bbox 657 1209 819 1298; x_wconf 87' lang='lat' dir='ltr'>spectare</span> <span class='ocrx_word' id='word_1_56' title='bbox 850 1207 1062 1295; x_wconf 86' lang='lat' dir='ltr'>coeperunt,</span> <span class='ocrx_word' id='word_1_57' title='bbox 1098 1207 1135 1270; x_wconf 90' lang='lat' dir='ltr'>et</span> <span class='ocrx_word' id='word_1_58' title='bbox 1160 1195 1352 1270; x_wconf 89' lang='lat' dir='ltr'>Bactriana</span> <span class='ocrx_word' id='word_1_59' title='bbox 1379 1222 1487 1286; x_wconf 88' lang='lat' dir='ltr'>arce,</span> 
     </span>
     <span class='ocr_line' id='line_1_9' title="bbox 231 1306 1484 1408; baseline -0.001 -27"><span class='ocrx_word' id='word_1_60' title='bbox 231 1335 321 1406; x_wconf 91' lang='lat' dir='ltr'>quae</span> <span class='ocrx_word' id='word_1_61' title='bbox 349 1335 433 1383; x_wconf 88' lang='lat' dir='ltr'>casu</span> <span class='ocrx_word' id='word_1_62' title='bbox 460 1310 695 1408; x_wconf 84' lang='lat' dir='ltr'>negligentius</span> <span class='ocrx_word' id='word_1_63' title='bbox 728 1319 914 1382; x_wconf 90' lang='lat' dir='ltr'>asservata</span> <span class='ocrx_word' id='word_1_64' title='bbox 940 1319 1032 1399; x_wconf 92' lang='lat' dir='ltr'>erat,</span> <span class='ocrx_word' id='word_1_65' title='bbox 1067 1317 1257 1406; x_wconf 90' lang='lat' dir='ltr'>occupata,</span> <span class='ocrx_word' id='word_1_66' title='bbox 1291 1306 1484 1382; x_wconf 86' lang='lat' dir='ltr'>barbaros</span> 
     </span>
     <span class='ocr_line' id='line_1_10' title="bbox 231 1416 1517 1517; baseline -0.003 -25"><span class='ocrx_word' id='word_1_67' title='bbox 231 1445 372 1517; x_wconf 91' lang='lat' dir='ltr'>quoque</span> <span class='ocrx_word' id='word_1_68' title='bbox 398 1420 436 1491; x_wconf 93' lang='lat' dir='ltr'>in</span> <span class='ocrx_word' id='word_1_69' title='bbox 461 1420 668 1494; x_wconf 85' lang='lat' dir='ltr'>societatem</span> <span class='ocrx_word' id='word_1_70' title='bbox 695 1417 902 1494; x_wconf 81' lang='lat' dir='ltr'>defectionis</span> <span class='ocrx_word' id='word_1_71' title='bbox 932 1418 1157 1516; x_wconf 78' lang='lat' dir='ltr'>impulerant.</span> <span class='ocrx_word' id='word_1_72' title='bbox 1180 1491 1183 1498; x_wconf 83' lang='grc'><strong>,</strong></span> <span class='ocrx_word' id='word_1_73' title='bbox 1208 1416 1517 1494; x_wconf 88' lang='lat' dir='ltr'>Athenodorusa</span> 
     </span>
     <span class='ocr_line' id='line_1_11' title="bbox 230 1519 1484 1630; baseline -0.001 -27"><span class='ocrx_word' id='word_1_74' title='bbox 230 1541 307 1603; x_wconf 91' lang='lat' dir='ltr'>erat</span> <span class='ocrx_word' id='word_1_75' title='bbox 332 1519 499 1630; x_wconf 86' lang='lat' dir='ltr'>princeps¹</span> <span class='ocrx_word' id='word_1_76' title='bbox 523 1557 656 1622; x_wconf 90' lang='lat' dir='ltr'>eorum,</span> <span class='ocrx_word' id='word_1_77' title='bbox 682 1531 742 1628; x_wconf 90' lang='lat' dir='ltr'>qui</span> <span class='ocrx_word' id='word_1_78' title='bbox 768 1530 862 1627; x_wconf 81' lang='lat' dir='ltr'>regis</span> <span class='ocrx_word' id='word_1_79' title='bbox 889 1554 1030 1626; x_wconf 91' lang='lat' dir='ltr'>quoque</span> <span class='ocrx_word' id='word_1_80' title='bbox 1056 1555 1187 1603; x_wconf 91' lang='lat' dir='ltr'>nomen</span> <span class='ocrx_word' id='word_1_81' title='bbox 1211 1543 1484 1627; x_wconf 73' lang='lat' dir='ltr'>assumpserat,</span> 
     </span>
     <span class='ocr_line' id='line_1_12' title="bbox 229 1639 1486 1742; baseline 0.001 -28"><span class='ocrx_word' id='word_1_82' title='bbox 229 1667 302 1714; x_wconf 88' lang='lat' dir='ltr'>non</span> <span class='ocrx_word' id='word_1_83' title='bbox 328 1651 402 1715; x_wconf 90' lang='lat' dir='ltr'>tam</span> <span class='ocrx_word' id='word_1_84' title='bbox 428 1644 565 1742; x_wconf 89' lang='lat' dir='ltr'>imperii</span> <span class='ocrx_word' id='word_1_85' title='bbox 591 1640 766 1740; x_wconf 91' lang='lat' dir='ltr'>cupidine,</span> <span class='ocrx_word' id='word_1_86' title='bbox 793 1663 900 1736; x_wconf 87' lang='lat' dir='ltr'>quam</span> <span class='ocrx_word' id='word_1_87' title='bbox 918 1640 954 1711; x_wconf 90' lang='lat' dir='ltr'>in</span> <span class='ocrx_word' id='word_1_88' title='bbox 981 1642 1134 1737; x_wconf 89' lang='lat' dir='ltr'>patriam</span> <span class='ocrx_word' id='word_1_89' title='bbox 1160 1639 1367 1716; x_wconf 87' lang='lat' dir='ltr'>revertendi</span> <span class='ocrx_word' id='word_1_90' title='bbox 1392 1667 1486 1715; x_wconf 86' lang='lat' dir='ltr'>cum</span> 
     </span>
     <span class='ocr_line' id='line_1_13' title="bbox 230 1751 1518 1850; baseline -0.002 -27"><span class='ocrx_word' id='word_1_91' title='bbox 230 1751 301 1842; x_wconf 81' lang='lat' dir='ltr'>his,</span> <span class='ocrx_word' id='word_1_92' title='bbox 341 1751 401 1849; x_wconf 93' lang='lat' dir='ltr'>qui</span> <span class='ocrx_word' id='word_1_93' title='bbox 432 1755 682 1828; x_wconf 81' lang='lat' dir='ltr'>auctoritatem</span> <span class='ocrx_word' id='word_1_94' title='bbox 713 1753 823 1850; x_wconf 87' lang='lat' dir='ltr'>ipsius</span> <span class='ocrx_word' id='word_1_95' title='bbox 857 1751 1107 1847; x_wconf 84' lang='lat' dir='ltr'>sequebantur.</span> <span class='ocrx_word' id='word_1_96' title='bbox 1159 1751 1252 1826; x_wconf 87' lang='lat' dir='ltr'>Huic</span> <span class='ocrx_word' id='word_1_97' title='bbox 1277 1751 1364 1826; x_wconf 89' lang='lat' dir='ltr'>Bito</span> <span class='ocrx_word' id='word_1_98' title='bbox 1402 1755 1518 1850; x_wconf 76' lang='lat' dir='ltr'>qui-t</span> 
     </span>
     <span class='ocr_line' id='line_1_14' title="bbox 231 1861 1484 1954; baseline 0.002 -19"><span class='ocrx_word' id='word_1_99' title='bbox 231 1861 313 1935; x_wconf 90' lang='lat' dir='ltr'>dam</span> <span class='ocrx_word' id='word_1_100' title='bbox 338 1864 492 1936; x_wconf 88' lang='lat' dir='ltr'>nationis</span> <span class='ocrx_word' id='word_1_101' title='bbox 520 1862 689 1953; x_wconf 86' lang='lat' dir='ltr'>eiusdem,</span> <span class='ocrx_word' id='word_1_102' title='bbox 715 1861 780 1936; x_wconf 90' lang='lat' dir='ltr'>sed</span> <span class='ocrx_word' id='word_1_103' title='bbox 805 1861 852 1935; x_wconf 91' lang='lat' dir='ltr'>ob</span> <span class='ocrx_word' id='word_1_104' title='bbox 879 1862 1153 1936; x_wconf 82' lang='lat' dir='ltr'>aemulationem</span> <span class='ocrx_word' id='word_1_105' title='bbox 1179 1865 1348 1954; x_wconf 84' lang='lat' dir='ltr'>infestus,</span> <span class='ocrx_word' id='word_1_106' title='bbox 1377 1889 1484 1938; x_wconf 91' lang='lat' dir='ltr'>com·</span> 
     </span>
     <span class='ocr_line' id='line_1_15' title="bbox 229 1971 1482 2072; baseline 0.004 -27"><span class='ocrx_word' id='word_1_107' title='bbox 229 1973 370 2070; x_wconf 90' lang='lat' dir='ltr'>paravit</span> <span class='ocrx_word' id='word_1_108' title='bbox 395 1975 557 2066; x_wconf 84' lang='lat' dir='ltr'>insidias,</span> <span class='ocrx_word' id='word_1_109' title='bbox 588 1976 849 2070; x_wconf 88' lang='lat' dir='ltr'>invitatumque</span> <span class='ocrx_word' id='word_1_110' title='bbox 875 1971 923 2044; x_wconf 89' lang='lat' dir='ltr'>ad</span> <span class='ocrx_word' id='word_1_111' title='bbox 949 1974 1072 2069; x_wconf 88' lang='lat' dir='ltr'>epulas</span> <span class='ocrx_word' id='word_1_112' title='bbox 1099 1999 1163 2072; x_wconf 91' lang='lat' dir='ltr'>per</span> <span class='ocrx_word' id='word_1_113' title='bbox 1188 1973 1331 2048; x_wconf 82' lang='lat' dir='ltr'>Boxum</span> <span class='ocrx_word' id='word_1_114' title='bbox 1360 2001 1482 2071; x_wconf 90' lang='lat' dir='ltr'>quen·</span> 
     </span>
     <span class='ocr_line' id='line_1_16' title="bbox 231 2083 1514 2176; baseline 0.003 -20"><span class='ocrx_word' id='word_1_115' title='bbox 231 2083 314 2156; x_wconf 91' lang='lat' dir='ltr'>dam</span> <span class='ocrx_word' id='word_1_116' title='bbox 333 2083 574 2159; x_wconf 86' lang='lat' dir='ltr'>Macarianmn</span> <span class='ocrx_word' id='word_1_117' title='bbox 600 2087 636 2176; x_wconf 84' lang='lat' dir='ltr'>in</span> <span class='ocrx_word' id='word_1_118' title='bbox 663 2083 828 2160; x_wconf 88' lang='lat' dir='ltr'>convivio</span> <span class='ocrx_word' id='word_1_119' title='bbox 854 2083 993 2157; x_wconf 91' lang='lat' dir='ltr'>occidit.</span> <span class='ocrx_word' id='word_1_120' title='bbox 1045 2083 1198 2158; x_wconf 89' lang='lat' dir='ltr'>Postero</span> <span class='ocrx_word' id='word_1_121' title='bbox 1222 2083 1278 2156; x_wconf 89' lang='lat' dir='ltr'>die</span> <span class='ocrx_word' id='word_1_122' title='bbox 1299 2087 1514 2162; x_wconf 70' lang='lat' dir='ltr'>contiones</span> 
     </span>
     <span class='ocr_line' id='line_1_17' title="bbox 231 2193 1482 2296; baseline 0.004 -29"><span class='ocrx_word' id='word_1_123' title='bbox 231 2195 407 2270; x_wconf 85' lang='lat' dir='ltr'>advocata</span> <span class='ocrx_word' id='word_1_124' title='bbox 433 2196 514 2270; x_wconf 87' lang='lat' dir='ltr'>Bito</span> <span class='ocrx_word' id='word_1_125' title='bbox 541 2198 636 2271; x_wconf 90' lang='lat' dir='ltr'>ultro</span> <span class='ocrx_word' id='word_1_126' title='bbox 661 2196 867 2270; x_wconf 89' lang='lat' dir='ltr'>insidiatum</span> <span class='ocrx_word' id='word_1_127' title='bbox 893 2193 961 2268; x_wconf 89' lang='lat' dir='ltr'>sibi</span> <span class='ocrx_word' id='word_1_128' title='bbox 987 2195 1261 2270; x_wconf 88' lang='lat' dir='ltr'>Athenodorum</span> <span class='ocrx_word' id='word_1_129' title='bbox 1287 2196 1482 2296; x_wconf 88' lang='lat' dir='ltr'>plerisque</span> 
     </span>
    </p>
   </div>
   <div class='ocr_carea' id='block_1_3' title="bbox 227 2461 1479 3776">
    <p class='ocr_par' dir='ltr' id='par_1_4' title="bbox 227 2461 1479 3216">
     <span class='ocr_line' id='line_1_18' title="bbox 265 2461 1479 2536; baseline 0.002 -18"><span class='ocrx_word' id='word_1_130' title='bbox 265 2462 331 2534; x_wconf 80' lang='lat' dir='ltr'>Cap.</span> <span class='ocrx_word' id='word_1_131' title='bbox 346 2469 389 2532; x_wconf 77' lang='lat'>2⁷,</span> <span class='ocrx_word' id='word_1_132' title='bbox 407 2471 463 2533; x_wconf 77' lang='lat' dir='ltr'>§.L</span> <span class='ocrx_word' id='word_1_133' title='bbox 498 2466 569 2519; x_wconf 78' lang='lat' dir='ltr'>circu</span> <span class='ocrx_word' id='word_1_134' title='bbox 587 2461 699 2536; x_wconf 80' lang='lat' dir='ltr'>Bactra]</span> <span class='ocrx_word' id='word_1_135' title='bbox 734 2465 833 2520; x_wconf 74' lang='lat' dir='ltr'>Lome-</span> <span class='ocrx_word' id='word_1_136' title='bbox 867 2471 895 2519; x_wconf 77' lang='lat'>2:</span> <span class='ocrx_word' id='word_1_137' title='bbox 913 2483 975 2520; x_wconf 79' lang='lat' dir='ltr'>mox</span> <span class='ocrx_word' id='word_1_138' title='bbox 992 2465 1058 2520; x_wconf 82' lang='lat' dir='ltr'>Bico</span> <span class='ocrx_word' id='word_1_139' title='bbox 1074 2463 1148 2519; x_wconf 85' lang='lat' dir='ltr'>Leid.</span> <span class='ocrx_word' id='word_1_140' title='bbox 1162 2463 1479 2532; x_wconf 60' lang='lat' dir='ltr'>aerumnosam,</span> 
     </span>
     <span class='ocr_line' id='line_1_19' title="bbox 229 2531 1479 2607; baseline 0.002 -22"><span class='ocrx_word' id='word_1_141' title='bbox 229 2531 266 2586; x_wconf 91' lang='lat' dir='ltr'>nii</span> <span class='ocrx_word' id='word_1_142' title='bbox 292 2532 503 2587; x_wconf 84' lang='lat' dir='ltr'>emendationem</span> <span class='ocrx_word' id='word_1_143' title='bbox 525 2534 558 2587; x_wconf 84' lang='lat' dir='ltr'>ab</span> <span class='ocrx_word' id='word_1_144' title='bbox 585 2534 731 2588; x_wconf 85' lang='lat' dir='ltr'>editoribus</span> <span class='ocrx_word' id='word_1_145' title='bbox 748 2533 831 2588; x_wconf 86' lang='lat' dir='ltr'>omni-</span> <span class='ocrx_word' id='word_1_146' title='bbox 865 2535 944 2588; x_wconf 78' lang='lat' dir='ltr'>Bt&#39;tlta</span> <span class='ocrx_word' id='word_1_147' title='bbox 966 2534 1037 2588; x_wconf 84' lang='lat' dir='ltr'>Flor.</span> <span class='ocrx_word' id='word_1_148' title='bbox 1051 2534 1127 2588; x_wconf 81' lang='lat' dir='ltr'>EFH</span> <span class='ocrx_word' id='word_1_149' title='bbox 1148 2533 1229 2588; x_wconf 85' lang='lat' dir='ltr'>Bern.</span> <span class='ocrx_word' id='word_1_150' title='bbox 1242 2533 1282 2597; x_wconf 84' lang='lat' dir='ltr'>B,</span> <span class='ocrx_word' id='word_1_151' title='bbox 1308 2544 1479 2607; x_wconf 76' lang='lat' dir='ltr'>servamque</span> 
     </span>
     <span class='ocr_line' id='line_1_20' title="bbox 228 2601 1479 2682; baseline 0.002 -28"><span class='ocrx_word' id='word_1_152' title='bbox 228 2603 278 2654; x_wconf 90' lang='lat' dir='ltr'>bus</span> <span class='ocrx_word' id='word_1_153' title='bbox 302 2601 562 2682; x_wconf 85' lang='lat' dir='ltr'>probatamrecepi,</span> <span class='ocrx_word' id='word_1_154' title='bbox 593 2601 717 2673; x_wconf 89' lang='lat' dir='ltr'>quoniam</span> <span class='ocrx_word' id='word_1_155' title='bbox 740 2602 831 2656; x_wconf 80' lang='lat' dir='ltr'>iruana</span> <span class='ocrx_word' id='word_1_156' title='bbox 866 2604 971 2655; x_wconf 89' lang='lat' dir='ltr'>easdem</span> <span class='ocrx_word' id='word_1_157' title='bbox 988 2602 1092 2657; x_wconf 87' lang='lat' dir='ltr'>litteras</span> <span class='ocrx_word' id='word_1_158' title='bbox 1109 2603 1226 2673; x_wconf 87' lang='lat' dir='ltr'>posthac.</span> <span class='ocrx_word' id='word_1_159' title='bbox 1254 2607 1353 2654; x_wconf 75' lang='grc' dir='ltr'><em>Βίκων</em></span> <span class='ocrx_word' id='word_1_160' title='bbox 1370 2621 1479 2657; x_wconf 88' lang='lat' dir='ltr'>nomen</span> 
     </span>
     <span class='ocr_line' id='line_1_21' title="bbox 229 2667 1478 2736; baseline 0.003 -15"><span class='ocrx_word' id='word_1_161' title='bbox 229 2667 358 2722; x_wconf 88' lang='lat' dir='ltr'>librorum</span> <span class='ocrx_word' id='word_1_162' title='bbox 385 2688 444 2723; x_wconf 89' lang='lat' dir='ltr'>mss.</span> <span class='ocrx_word' id='word_1_163' title='bbox 465 2671 543 2724; x_wconf 78' lang='lat' dir='ltr'>lectio</span> <span class='ocrx_word' id='word_1_164' title='bbox 573 2671 741 2725; x_wconf 84' lang='lat' dir='ltr'>Goradactra</span> <span class='ocrx_word' id='word_1_165' title='bbox 768 2670 830 2725; x_wconf 84' lang='lat' dir='ltr'>ferri</span> <span class='ocrx_word' id='word_1_166' title='bbox 865 2689 918 2724; x_wconf 90' lang='lat' dir='ltr'>non</span> <span class='ocrx_word' id='word_1_167' title='bbox 936 2678 977 2724; x_wconf 89' lang='lat' dir='ltr'>est</span> <span class='ocrx_word' id='word_1_168' title='bbox 995 2670 1132 2736; x_wconf 85' lang='lat' dir='ltr'>Graecum,</span> <span class='ocrx_word' id='word_1_169' title='bbox 1151 2672 1198 2724; x_wconf 86' lang='lat' dir='ltr'>sed</span> <span class='ocrx_word' id='word_1_170' title='bbox 1212 2675 1309 2723; x_wconf 80' lang='grc' dir='ltr'><strong><em>Βίτων</em></strong></span> <span class='ocrx_word' id='word_1_171' title='bbox 1325 2671 1478 2725; x_wconf 82' lang='lat' dir='ltr'>admodum</span> 
     </span>
     <span class='ocr_line' id='line_1_22' title="bbox 229 2737 1478 2810; baseline 0.002 -20"><span class='ocrx_word' id='word_1_172' title='bbox 229 2737 330 2808; x_wconf 88' lang='lat' dir='ltr'>nequit.</span> <span class='ocrx_word' id='word_1_173' title='bbox 365 2739 471 2792; x_wconf 86' lang='lat' dir='ltr'>Nomen</span> <span class='ocrx_word' id='word_1_174' title='bbox 494 2739 564 2792; x_wconf 87' lang='lat' dir='ltr'>enim</span> <span class='ocrx_word' id='word_1_175' title='bbox 581 2740 647 2792; x_wconf 91' lang='lat' dir='ltr'>illud</span> <span class='ocrx_word' id='word_1_176' title='bbox 663 2740 764 2794; x_wconf 88' lang='lat' dir='ltr'>nullum</span> <span class='ocrx_word' id='word_1_177' title='bbox 781 2747 830 2808; x_wconf 79' lang='lat' dir='ltr'>eet,</span> <span class='ocrx_word' id='word_1_178' title='bbox 864 2738 880 2791; x_wconf 82' lang='lat' dir='ltr'>f</span> <span class='ocrx_word' id='word_1_179' title='bbox 923 2753 995 2792; x_wconf 89' lang='lat' dir='ltr'>uens.</span> <span class='ocrx_word' id='word_1_180' title='bbox 1030 2739 1125 2810; x_wconf 86' lang='lat' dir='ltr'>Itaque</span> <span class='ocrx_word' id='word_1_181' title='bbox 1150 2740 1201 2794; x_wconf 88' lang='lat' dir='ltr'>hoc</span> <span class='ocrx_word' id='word_1_182' title='bbox 1222 2737 1309 2808; x_wconf 86' lang='lat' dir='ltr'>recepi</span> <span class='ocrx_word' id='word_1_183' title='bbox 1333 2747 1365 2792; x_wconf 86' lang='lat' dir='ltr'>et</span> <span class='ocrx_word' id='word_1_184' title='bbox 1387 2739 1478 2794; x_wconf 79' lang='lat' dir='ltr'>latina</span> 
     </span>
     <span class='ocr_line' id='line_1_23' title="bbox 229 2806 1476 2874; baseline 0.001 -15"><span class='ocrx_word' id='word_1_185' title='bbox 229 2815 257 2860; x_wconf 89' lang='lat' dir='ltr'>et</span> <span class='ocrx_word' id='word_1_186' title='bbox 284 2806 416 2861; x_wconf 88' lang='lat' dir='ltr'>Diodorus</span> <span class='ocrx_word' id='word_1_187' title='bbox 447 2806 562 2862; x_wconf 82' lang='lat' dir='ltr'>colonias</span> <span class='ocrx_word' id='word_1_188' title='bbox 588 2807 647 2860; x_wconf 84' lang='lat' dir='ltr'>illas</span> <span class='ocrx_word' id='word_1_189' title='bbox 679 2809 750 2861; x_wconf 76' lang='grc' dir='ltr'><strong><em>κατὰ</em></strong></span> <span class='ocrx_word' id='word_1_190' title='bbox 777 2809 831 2874; x_wconf 80' lang='grc' dir='ltr'>τὴν</span> <span class='ocrx_word' id='word_1_191' title='bbox 882 2807 909 2859; x_wconf 92' lang='lat' dir='ltr'>ui</span> <span class='ocrx_word' id='word_1_192' title='bbox 928 2825 970 2860; x_wconf 89' lang='lat' dir='ltr'>em</span> <span class='ocrx_word' id='word_1_193' title='bbox 987 2807 1179 2862; x_wconf 87' lang='lat' dir='ltr'>terminatione.</span> <span class='ocrx_word' id='word_1_194' title='bbox 1196 2807 1341 2860; x_wconf 82' lang='lat' dir='ltr'>&#39;Eiusdem</span> <span class='ocrx_word' id='word_1_195' title='bbox 1357 2806 1387 2859; x_wconf 88' lang='lat' dir='ltr'>in</span> <span class='ocrx_word' id='word_1_196' title='bbox 1399 2807 1476 2862; x_wconf 85' lang='lat' dir='ltr'>Flor.</span> 
     </span>
     <span class='ocr_line' id='line_1_24' title="bbox 229 2825 1475 2953; baseline 0.004 -27"><span class='ocrx_word' id='word_1_197' title='bbox 229 2875 409 2948; x_wconf 78' lang='grc' dir='ltr'><strong><em>Βακτριανὴν</em></strong></span> <span class='ocrx_word' id='word_1_198' title='bbox 427 2881 473 2928; x_wconf 79' lang='grc' dir='ltr'>καὶ</span> <span class='ocrx_word' id='word_1_199' title='bbox 489 2874 653 2948; x_wconf 73' lang='grc' dir='ltr'><strong><em>Σογδιανὴν</em></strong></span> <span class='ocrx_word' id='word_1_200' title='bbox 670 2876 750 2930; x_wconf 75' lang='lat' dir='ltr'>fuisse</span> <span class='ocrx_word' id='word_1_201' title='bbox 766 2891 829 2930; x_wconf 79' lang='lat' dir='ltr'>vere</span> <span class='ocrx_word' id='word_1_202' title='bbox 864 2825 889 2929; x_wconf 57' lang='lat' dir='ltr'>B</span> <span class='ocrx_word' id='word_1_203' title='bbox 908 2883 937 2929; x_wconf 82' lang='lat' dir='ltr'>et</span> <span class='ocrx_word' id='word_1_204' title='bbox 954 2876 1069 2930; x_wconf 68' lang='lat' dir='ltr'>Bennd</span> <span class='ocrx_word' id='word_1_205' title='bbox 1086 2876 1193 2946; x_wconf 77' lang='lat' dir='ltr'>legitur,</span> <span class='ocrx_word' id='word_1_206' title='bbox 1211 2873 1239 2928; x_wconf 83' lang='lat' dir='ltr'>ln</span> <span class='ocrx_word' id='word_1_207' title='bbox 1247 2874 1357 2953; x_wconf 79' lang='lat' dir='ltr'>reliquia</span> <span class='ocrx_word' id='word_1_208' title='bbox 1366 2885 1400 2928; x_wconf 82' lang='lat' dir='ltr'>et</span> <span class='ocrx_word' id='word_1_209' title='bbox 1410 2877 1475 2931; x_wconf 80' lang='lat' dir='ltr'>edd.</span> 
     </span>
     <span class='ocr_line' id='line_1_25' title="bbox 228 2943 1476 3015; baseline 0.002 -19"><span class='ocrx_word' id='word_1_210' title='bbox 228 2943 319 3010; x_wconf 87' lang='lat' dir='ltr'>tradit,</span> <span class='ocrx_word' id='word_1_211' title='bbox 337 2943 393 3015; x_wconf 88' lang='lat' dir='ltr'>ipae</span> <span class='ocrx_word' id='word_1_212' title='bbox 410 2953 500 2998; x_wconf 87' lang='lat' dir='ltr'>autem</span> <span class='ocrx_word' id='word_1_213' title='bbox 512 2943 620 2999; x_wconf 84' lang='lat' dir='ltr'>Curtius</span> <span class='ocrx_word' id='word_1_214' title='bbox 638 2943 664 2998; x_wconf 90' lang='lat' dir='ltr'>iu</span> <span class='ocrx_word' id='word_1_215' title='bbox 683 2945 735 2998; x_wconf 86' lang='lat' dir='ltr'>fine</span> <span class='ocrx_word' id='word_1_216' title='bbox 752 2944 829 2998; x_wconf 88' lang='lat' dir='ltr'>huius</span> <span class='ocrx_word' id='word_1_217' title='bbox 863 2952 928 2996; x_wconf 79' lang='lat' dir='ltr'>vett</span> <span class='ocrx_word' id='word_1_218' title='bbox 947 2947 1011 3012; x_wconf 84' lang='lat' dir='ltr'>eiua,</span> <span class='ocrx_word' id='word_1_219' title='bbox 1052 2946 1104 2998; x_wconf 91' lang='lat' dir='ltr'>uod</span> <span class='ocrx_word' id='word_1_220' title='bbox 1121 2945 1174 2997; x_wconf 90' lang='lat' dir='ltr'>eti</span> <span class='ocrx_word' id='word_1_221' title='bbox 1207 2959 1331 3014; x_wconf 84' lang='lat' dir='ltr'>aprrore</span> <span class='ocrx_word' id='word_1_222' title='bbox 1350 2943 1476 2998; x_wconf 83' lang='lat' dir='ltr'>editione</span> 
     </span>
     <span class='ocr_line' id='line_1_26' title="bbox 228 3011 1475 3066; baseline 0 0"><span class='ocrx_word' id='word_1_223' title='bbox 228 3013 382 3066; x_wconf 79' lang='lat' dir='ltr'>narrationis</span> <span class='ocrx_word' id='word_1_224' title='bbox 400 3015 471 3066; x_wconf 82' lang='lat' dir='ltr'>circa</span> <span class='ocrx_word' id='word_1_225' title='bbox 485 3013 585 3066; x_wconf 84' lang='lat' dir='ltr'>Bactra</span> <span class='ocrx_word' id='word_1_226' title='bbox 603 3013 756 3066; x_wconf 81' lang='lat' dir='ltr'>haec&#39;facta</span> <span class='ocrx_word' id='word_1_227' title='bbox 773 3030 830 3066; x_wconf 88' lang='lat' dir='ltr'>esse</span> <span class='ocrx_word' id='word_1_228' title='bbox 864 3013 996 3066; x_wconf 82' lang='lat' dir='ltr'>dederam</span> <span class='ocrx_word' id='word_1_229' title='bbox 1060 3030 1111 3066; x_wconf 86' lang='lat' dir='ltr'>uno</span> <span class='ocrx_word' id='word_1_230' title='bbox 1127 3012 1155 3066; x_wconf 90' lang='lat' dir='ltr'>in</span> <span class='ocrx_word' id='word_1_231' title='bbox 1190 3029 1221 3066; x_wconf 88' lang='lat' dir='ltr'>ac</span> <span class='ocrx_word' id='word_1_232' title='bbox 1271 3011 1341 3064; x_wconf 90' lang='lat' dir='ltr'>&#39;dem</span> <span class='ocrx_word' id='word_1_233' title='bbox 1354 3029 1385 3065; x_wconf 85' lang='lat' dir='ltr'>re</span> <span class='ocrx_word' id='word_1_234' title='bbox 1400 3030 1475 3066; x_wconf 80' lang='lat' dir='ltr'>mar-</span> 
     </span>
     <span class='ocr_line' id='line_1_27' title="bbox 228 3029 1475 3154; baseline 0.002 -22"><span class='ocrx_word' id='word_1_235' title='bbox 228 3080 310 3133; x_wconf 86' lang='lat' dir='ltr'>addit.</span> <span class='ocrx_word' id='word_1_236' title='bbox 344 3079 505 3151; x_wconf 86' lang='lat' dir='ltr'>Intelligitur</span> <span class='ocrx_word' id='word_1_237' title='bbox 521 3089 609 3134; x_wconf 88' lang='lat' dir='ltr'>autem</span> <span class='ocrx_word' id='word_1_238' title='bbox 626 3080 752 3151; x_wconf 88' lang='lat' dir='ltr'>imprimis</span> <span class='ocrx_word' id='word_1_239' title='bbox 766 3081 835 3154; x_wconf 78' lang='lat' dir='ltr'>Ale·¹</span> <span class='ocrx_word' id='word_1_240' title='bbox 863 3081 951 3150; x_wconf 81' lang='lat' dir='ltr'>ginem</span> <span class='ocrx_word' id='word_1_241' title='bbox 975 3081 1038 3135; x_wconf 84' lang='lat' dir='ltr'>edit.</span> <span class='ocrx_word' id='word_1_242' title='bbox 1060 3081 1119 3135; x_wconf 91' lang='lat' dir='ltr'>Iun.</span> <span class='ocrx_word' id='word_1_243' title='bbox 1137 3089 1166 3134; x_wconf 86' lang='lat' dir='ltr'>et</span> <span class='ocrx_word' id='word_1_244' title='bbox 1185 3029 1339 3135; x_wconf 79' lang='lat' dir='ltr'>Modianam</span> <span class='ocrx_word' id='word_1_245' title='bbox 1361 3091 1475 3135; x_wconf 67' lang='lat' dir='ltr'>mura</span> 
     </span>
     <span class='ocr_line' id='line_1_28' title="bbox 227 3148 928 3216; baseline 0 -14"><span class='ocrx_word' id='word_1_246' title='bbox 227 3148 338 3203; x_wconf 82' lang='lat' dir='ltr'>xandria</span> <span class='ocrx_word' id='word_1_247' title='bbox 354 3151 389 3202; x_wconf 92' lang='lat' dir='ltr'>ad</span> <span class='ocrx_word' id='word_1_248' title='bbox 408 3149 528 3216; x_wconf 89' lang='lat' dir='ltr'>Tanaim,</span> <span class='ocrx_word' id='word_1_249' title='bbox 547 3150 607 3202; x_wconf 84' lang='lat' dir='ltr'>vide</span> <span class='ocrx_word' id='word_1_250' title='bbox 626 3151 660 3202; x_wconf 90' lang='lat' dir='ltr'>ad</span> <span class='ocrx_word' id='word_1_251' title='bbox 678 3165 730 3215; x_wconf 83' lang='lat' dir='ltr'>vn,</span> <span class='ocrx_word' id='word_1_252' title='bbox 748 3156 789 3204; x_wconf 83' lang='lat'>28.</span> <span class='ocrx_word' id='word_1_253' title='bbox 863 3167 928 3202; x_wconf 90' lang='lat' dir='ltr'>aum.</span> 
     </span>
    </p>

    <p class='ocr_par' dir='ltr' id='par_1_5' title="bbox 228 3215 1474 3776">
     <span class='ocr_line' id='line_1_29' title="bbox 263 3215 1474 3298; baseline 0.002 -28"><span class='ocrx_word' id='word_1_254' title='bbox 263 3219 321 3285; x_wconf 59' lang='lat' dir='ltr'>§.a</span> <span class='ocrx_word' id='word_1_255' title='bbox 356 3219 511 3288; x_wconf 80' lang='lat' dir='ltr'>quidusdam</span> <span class='ocrx_word' id='word_1_256' title='bbox 523 3221 701 3298; x_wconf 76' lang='lat' dir='ltr'>popularium,</span> <span class='ocrx_word' id='word_1_257' title='bbox 722 3218 830 3273; x_wconf 87' lang='lat' dir='ltr'>Graecis</span> <span class='ocrx_word' id='word_1_258' title='bbox 898 3219 1001 3270; x_wconf 76' lang='lat' dir='ltr'>Boram</span> <span class='ocrx_word' id='word_1_259' title='bbox 1022 3220 1150 3288; x_wconf 62' lang='lat' dir='ltr'>wadum</span> <span class='ocrx_word' id='word_1_260' title='bbox 1173 3215 1373 3296; x_wconf 70' lang='lat' dir='ltr'>Materianum]</span> <span class='ocrx_word' id='word_1_261' title='bbox 1413 3218 1474 3273; x_wconf 81' lang='lat' dir='ltr'>No-</span> 
     </span>
     <span class='ocr_line' id='line_1_30' title="bbox 230 3284 1474 3357; baseline 0.002 -20"><span class='ocrx_word' id='word_1_262' title='bbox 230 3284 355 3354; x_wconf 78' lang='lat' dir='ltr'>intellige,</span> <span class='ocrx_word' id='word_1_263' title='bbox 373 3284 503 3354; x_wconf 81' lang='lat' dir='ltr'>signifieat</span> <span class='ocrx_word' id='word_1_264' title='bbox 520 3303 589 3338; x_wconf 90' lang='lat' dir='ltr'>emm</span> <span class='ocrx_word' id='word_1_265' title='bbox 606 3286 763 3340; x_wconf 76' lang='lat' dir='ltr'>seditionem</span> <span class='ocrx_word' id='word_1_266' title='bbox 781 3286 829 3340; x_wconf 89' lang='lat' dir='ltr'>mi·</span> <span class='ocrx_word' id='word_1_267' title='bbox 864 3301 924 3339; x_wconf 86' lang='lat' dir='ltr'>men</span> <span class='ocrx_word' id='word_1_268' title='bbox 942 3287 1044 3340; x_wconf 74' lang='lat' dir='ltr'>Boxum</span> <span class='ocrx_word' id='word_1_269' title='bbox 1061 3293 1169 3340; x_wconf 82' lang='lat' dir='ltr'>servant</span> <span class='ocrx_word' id='word_1_270' title='bbox 1185 3285 1300 3351; x_wconf 80' lang='lat' dir='ltr'>codices,</span> <span class='ocrx_word' id='word_1_271' title='bbox 1322 3284 1373 3339; x_wconf 80' lang='lat' dir='ltr'>uin</span> <span class='ocrx_word' id='word_1_272' title='bbox 1395 3289 1474 3357; x_wconf 88' lang='lat' dir='ltr'>quod</span> 
     </span>
     <span class='ocr_line' id='line_1_31' title="bbox 228 3352 1473 3423; baseline 0.006 -20"><span class='ocrx_word' id='word_1_273' title='bbox 228 3352 306 3405; x_wconf 87' lang='lat' dir='ltr'>litum</span> <span class='ocrx_word' id='word_1_274' title='bbox 323 3352 412 3418; x_wconf 84' lang='lat' dir='ltr'>fuisse,</span> <span class='ocrx_word' id='word_1_275' title='bbox 430 3369 527 3422; x_wconf 88' lang='lat' dir='ltr'>eosque</span> <span class='ocrx_word' id='word_1_276' title='bbox 546 3354 590 3423; x_wconf 92' lang='lat' dir='ltr'>qui</span> <span class='ocrx_word' id='word_1_277' title='bbox 608 3353 689 3407; x_wconf 85' lang='lat' dir='ltr'>caesis</span> <span class='ocrx_word' id='word_1_278' title='bbox 707 3356 830 3409; x_wconf 86' lang='lat' dir='ltr'>adversa·</span> <span class='ocrx_word' id='word_1_279' title='bbox 864 3354 967 3408; x_wconf 70' lang='lat' dir='ltr'>Vocat</span> <span class='ocrx_word' id='word_1_280' title='bbox 986 3355 1098 3408; x_wconf 76' lang='lat' dir='ltr'>Boream</span> <span class='ocrx_word' id='word_1_281' title='bbox 1115 3355 1212 3408; x_wconf 84' lang='lat' dir='ltr'>habers</span> <span class='ocrx_word' id='word_1_282' title='bbox 1225 3354 1350 3420; x_wconf 85' lang='lat' dir='ltr'>traditur,</span> <span class='ocrx_word' id='word_1_283' title='bbox 1368 3357 1473 3410; x_wconf 80' lang='lat' dir='ltr'>etedd</span> 
     </span>
     <span class='ocr_line' id='line_1_32' title="bbox 228 3419 1473 3502; baseline 0.002 -28"><span class='ocrx_word' id='word_1_284' title='bbox 228 3419 273 3474; x_wconf 88' lang='lat' dir='ltr'>riis</span> <span class='ocrx_word' id='word_1_285' title='bbox 294 3421 440 3502; x_wconf 84' lang='lat' dir='ltr'>superiores</span> <span class='ocrx_word' id='word_1_286' title='bbox 462 3421 621 3487; x_wconf 81' lang='lat' dir='ltr'>extiterant,</span> <span class='ocrx_word' id='word_1_287' title='bbox 649 3423 683 3475; x_wconf 88' lang='lat' dir='ltr'>ad</span> <span class='ocrx_word' id='word_1_288' title='bbox 706 3423 830 3478; x_wconf 85' lang='lat' dir='ltr'>barbaros</span> <span class='ocrx_word' id='word_1_289' title='bbox 864 3423 946 3493; x_wconf 86' lang='lat' dir='ltr'>prino.</span> <span class='ocrx_word' id='word_1_290' title='bbox 964 3425 1069 3476; x_wconf 76' lang='lat' dir='ltr'>Boxum</span> <span class='ocrx_word' id='word_1_291' title='bbox 1087 3424 1160 3476; x_wconf 92' lang='lat' dir='ltr'>dant.</span> <span class='ocrx_word' id='word_1_292' title='bbox 1195 3422 1293 3475; x_wconf 83' lang='lat' dir='ltr'>Strabo</span> <span class='ocrx_word' id='word_1_293' title='bbox 1309 3420 1357 3475; x_wconf 78' lang='lat' dir='ltr'>lib.</span> <span class='ocrx_word' id='word_1_294' title='bbox 1366 3435 1434 3492; x_wconf 78' lang='lat' dir='ltr'>m,</span> <span class='ocrx_word' id='word_1_295' title='bbox 1445 3441 1473 3494; x_wconf 92' lang='lat' dir='ltr'>p.</span> 
     </span>
     <span class='ocr_line' id='line_1_33' title="bbox 229 3487 1474 3562; baseline 0.004 -20"><span class='ocrx_word' id='word_1_296' title='bbox 229 3487 388 3558; x_wconf 75' lang='lat' dir='ltr'>confugisse,</span> <span class='ocrx_word' id='word_1_297' title='bbox 407 3505 439 3541; x_wconf 86' lang='lat' dir='ltr'>ne</span> <span class='ocrx_word' id='word_1_298' title='bbox 457 3489 490 3541; x_wconf 90' lang='lat' dir='ltr'>ab</span> <span class='ocrx_word' id='word_1_299' title='bbox 503 3489 657 3543; x_wconf 81' lang='lat' dir='ltr'>Alexandro</span> <span class='ocrx_word' id='word_1_300' title='bbox 675 3491 830 3562; x_wconf 90' lang='lat' dir='ltr'>punirentur</span> <span class='ocrx_word' id='word_1_301' title='bbox 866 3498 914 3546; x_wconf 79' lang='grc'>779</span> <span class='ocrx_word' id='word_1_302' title='bbox 933 3492 1075 3545; x_wconf 88' lang='lat' dir='ltr'>secundum</span> <span class='ocrx_word' id='word_1_303' title='bbox 1091 3491 1275 3546; x_wconf 82' lang='lat' dir='ltr'>Caeaubonum</span> <span class='ocrx_word' id='word_1_304' title='bbox 1292 3490 1372 3562; x_wconf 78' lang='grc' dir='ltr'>παρά</span> <span class='ocrx_word' id='word_1_305' title='bbox 1389 3513 1474 3548; x_wconf 69' lang='grc' dir='ltr'><strong><em>τινος</em></strong></span> 
     </span>
     <span class='ocr_line' id='line_1_34' title="bbox 229 3557 1474 3632; baseline 0.006 -25"><span class='ocrx_word' id='word_1_306' title='bbox 229 3563 385 3612; x_wconf 82' lang='lat' dir='ltr'>metuentes.</span> <span class='ocrx_word' id='word_1_307' title='bbox 420 3557 522 3611; x_wconf 84' lang='lat' dir='ltr'>Eadem</span> <span class='ocrx_word' id='word_1_308' title='bbox 540 3562 563 3627; x_wconf 82' lang='lat'>§.</span> <span class='ocrx_word' id='word_1_309' title='bbox 582 3577 648 3630; x_wconf 80' lang='lat' dir='ltr'>quae</span> <span class='ocrx_word' id='word_1_310' title='bbox 665 3577 729 3612; x_wconf 84' lang='lat' dir='ltr'>cusu</span> <span class='ocrx_word' id='word_1_311' title='bbox 747 3563 830 3630; x_wconf 70' lang='lat' dir='ltr'>aepli-</span> <span class='ocrx_word' id='word_1_312' title='bbox 864 3559 958 3620; x_wconf 81' lang='grc' dir='ltr'><strong><em>Βόξυυ</em></strong></span> <span class='ocrx_word' id='word_1_313' title='bbox 979 3559 1012 3613; x_wconf 85' lang='grc' dir='ltr'>τὸ</span> <span class='ocrx_word' id='word_1_314' title='bbox 1034 3566 1116 3632; x_wconf 68' lang='grc' dir='ltr'><em>γένος</em></span> <span class='ocrx_word' id='word_1_315' title='bbox 1137 3564 1263 3631; x_wconf 73' lang='grc' dir='ltr'><em>Πέρσου,</em></span> <span class='ocrx_word' id='word_1_316' title='bbox 1290 3559 1337 3611; x_wconf 83' lang='lat' dir='ltr'>sed</span> <span class='ocrx_word' id='word_1_317' title='bbox 1359 3557 1474 3614; x_wconf 77' lang='lat' dir='ltr'>Persica</span> 
     </span>
     <span class='ocr_line' id='line_1_35' title="bbox 228 3626 1474 3776; baseline 0.005 -31"><span class='ocrx_word' id='word_1_318' title='bbox 228 3628 332 3746; x_wconf 75' lang='lat' dir='ltr'>tttt&#39;</span> <span class='ocrx_word' id='word_1_319' title='bbox 346 3636 621 3776; x_wconf 64' lang='lat' dir='ltr'>tatt‘tttt</span> <span class='ocrx_word' id='word_1_320' title='bbox 633 3627 752 3750; x_wconf 74' lang='lat' dir='ltr'>ttttl</span> <span class='ocrx_word' id='word_1_321' title='bbox 767 3645 830 3752; x_wconf 77' lang='lat' dir='ltr'>tt</span> <span class='ocrx_word' id='word_1_322' title='bbox 864 3627 1035 3749; x_wconf 66' lang='lat' dir='ltr'>tltttlt</span> <span class='ocrx_word' id='word_1_323' title='bbox 1051 3626 1474 3751; x_wconf 46' lang='lat' dir='ltr'>,qffiffirgqfflpg</span> 
     </span>
    </p>
   </div>
   <div class='ocr_carea' id='block_1_4' title="bbox 229 3763 1473 3952">
    <p class='ocr_par' dir='ltr' id='par_1_6' title="bbox 229 3763 1473 3952">
     <span class='ocr_line' id='line_1_36' title="bbox 229 3763 1473 3883; baseline 0.006 -70"><span class='ocrx_word' id='word_1_324' title='bbox 229 3770 307 3883; x_wconf 79' lang='lat' dir='ltr'>ptura</span> <span class='ocrx_word' id='word_1_325' title='bbox 324 3779 390 3832; x_wconf 81' lang='lat' dir='ltr'>qaae</span> <span class='ocrx_word' id='word_1_326' title='bbox 407 3781 483 3833; x_wconf 83' lang='lat' dir='ltr'>quast</span> <span class='ocrx_word' id='word_1_327' title='bbox 500 3767 673 3834; x_wconf 74' lang='lat' dir='ltr'>aepliyeatiaa</span> <span class='ocrx_word' id='word_1_328' title='bbox 687 3775 736 3819; x_wconf 88' lang='lat' dir='ltr'>cet.</span> <span class='ocrx_word' id='word_1_329' title='bbox 760 3765 830 3818; x_wconf 90' lang='lat' dir='ltr'>Nam</span> <span class='ocrx_word' id='word_1_330' title='bbox 864 3772 893 3816; x_wconf 87' lang='lat' dir='ltr'>et</span> <span class='ocrx_word' id='word_1_331' title='bbox 909 3764 972 3817; x_wconf 89' lang='lat' dir='ltr'>editi</span> <span class='ocrx_word' id='word_1_332' title='bbox 992 3765 1175 3818; x_wconf 81' lang='lat' dir='ltr'>Maceriaaam</span> <span class='ocrx_word' id='word_1_333' title='bbox 1191 3763 1295 3828; x_wconf 88' lang='lat' dir='ltr'>dicunt,</span> <span class='ocrx_word' id='word_1_334' title='bbox 1318 3763 1473 3820; x_wconf 72' lang='lat' dir='ltr'>deteriores</span> 
     </span>
     <span class='ocr_line' id='line_1_37' title="bbox 247 3830 1473 3952; baseline 0.004 -69"><span class='ocrx_word' id='word_1_335' title='bbox 247 3847 279 3883; x_wconf 87' lang='lat' dir='ltr'>oc</span> <span class='ocrx_word' id='word_1_336' title='bbox 300 3830 405 3950; x_wconf 79' lang='lat' dir='ltr'>quidem</span> <span class='ocrx_word' id='word_1_337' title='bbox 427 3831 490 3885; x_wconf 83' lang='lat' dir='ltr'>ferri</span> <span class='ocrx_word' id='word_1_338' title='bbox 513 3834 585 3886; x_wconf 84' lang='lat' dir='ltr'>nulla</span> <span class='ocrx_word' id='word_1_339' title='bbox 605 3834 707 3888; x_wconf 87' lang='lat' dir='ltr'>ratione</span> <span class='ocrx_word' id='word_1_340' title='bbox 728 3841 828 3916; x_wconf 83' lang='lat' dir='ltr'>potest,</span> <span class='ocrx_word' id='word_1_341' title='bbox 863 3833 941 3886; x_wconf 80' lang='lat' dir='ltr'>foede</span> <span class='ocrx_word' id='word_1_342' title='bbox 959 3849 1060 3888; x_wconf 80' lang='lat' dir='ltr'>conum</span> <span class='ocrx_word' id='word_1_343' title='bbox 1080 3841 1141 3897; x_wconf 86' lang='lat' dir='ltr'>unt,</span> <span class='ocrx_word' id='word_1_344' title='bbox 1166 3833 1229 3884; x_wconf 90' lang='lat' dir='ltr'>dum</span> <span class='ocrx_word' id='word_1_345' title='bbox 1241 3831 1368 3952; x_wconf 77' lang='lat' dir='ltr'>proxima</span> <span class='ocrx_word' id='word_1_346' title='bbox 1386 3837 1473 3888; x_wconf 80' lang='lat' dir='ltr'>verba</span> 
     </span>
    </p>
   </div>
   <div class='ocr_carea' id='block_1_5' title="bbox 228 3899 1474 4517">
    <p class='ocr_par' dir='ltr' id='par_1_7' title="bbox 228 3899 1473 4106">
     <span class='ocr_line' id='line_1_38' title="bbox 230 3899 1472 3971; baseline 0.003 -21"><span class='ocrx_word' id='word_1_347' title='bbox 230 3915 300 3968; x_wconf 89' lang='lat' dir='ltr'>quan</span> <span class='ocrx_word' id='word_1_348' title='bbox 319 3899 439 3969; x_wconf 88' lang='lat' dir='ltr'>equidem</span> <span class='ocrx_word' id='word_1_349' title='bbox 461 3917 491 3954; x_wconf 87' lang='lat' dir='ltr'>re</span> <span class='ocrx_word' id='word_1_350' title='bbox 513 3919 576 3955; x_wconf 87' lang='lat' dir='ltr'>vera</span> <span class='ocrx_word' id='word_1_351' title='bbox 592 3919 625 3954; x_wconf 83' lang='lat' dir='ltr'>ne</span> <span class='ocrx_word' id='word_1_352' title='bbox 645 3903 661 3956; x_wconf 91' lang='lat' dir='ltr'>li</span> <span class='ocrx_word' id='word_1_353' title='bbox 697 3911 767 3956; x_wconf 85' lang='lat' dir='ltr'>ntrus</span> <span class='ocrx_word' id='word_1_354' title='bbox 785 3921 829 3956; x_wconf 88' lang='lat' dir='ltr'>cu-</span> <span class='ocrx_word' id='word_1_355' title='bbox 864 3904 891 3953; x_wconf 82' lang='lat' dir='ltr'>ia</span> <span class='ocrx_word' id='word_1_356' title='bbox 909 3903 1021 3955; x_wconf 67' lang='lat' dir='ltr'>murto</span> <span class='ocrx_word' id='word_1_357' title='bbox 1075 3901 1198 3971; x_wconf 87' lang='lat' dir='ltr'>iungunt:</span> <span class='ocrx_word' id='word_1_358' title='bbox 1217 3900 1373 3953; x_wconf 70' lang='lat' dir='ltr'>roratur</span> <span class='ocrx_word' id='word_1_359' title='bbox 1387 3901 1472 3957; x_wconf 86' lang='lat' dir='ltr'>Ber-n.</span> 
     </span>
     <span class='ocr_line' id='line_1_39' title="bbox 233 3967 1473 4038; baseline 0.005 -20"><span class='ocrx_word' id='word_1_360' title='bbox 233 3967 333 4020; x_wconf 87' lang='lat' dir='ltr'>etodita</span> <span class='ocrx_word' id='word_1_361' title='bbox 349 3975 417 4034; x_wconf 90' lang='lat' dir='ltr'>erat,</span> <span class='ocrx_word' id='word_1_362' title='bbox 436 3985 485 4021; x_wconf 85' lang='lat' dir='ltr'>nec</span> <span class='ocrx_word' id='word_1_363' title='bbox 501 3969 584 4023; x_wconf 90' lang='lat' dir='ltr'>ullum</span> <span class='ocrx_word' id='word_1_364' title='bbox 601 3971 654 4025; x_wconf 82' lang='lat' dir='ltr'>ahu</span> <span class='ocrx_word' id='word_1_365' title='bbox 689 3971 750 4025; x_wconf 85' lang='lat' dir='ltr'>novi</span> <span class='ocrx_word' id='word_1_366' title='bbox 768 3987 828 4025; x_wconf 86' lang='lat' dir='ltr'>ver·</span> <span class='ocrx_word' id='word_1_367' title='bbox 864 3968 963 4023; x_wconf 90' lang='lat' dir='ltr'>BPal.</span> <span class='ocrx_word' id='word_1_368' title='bbox 983 3977 995 4023; x_wconf 84' lang='lat'>1</span> <span class='ocrx_word' id='word_1_369' title='bbox 1015 3970 1091 4023; x_wconf 86' lang='lat' dir='ltr'>Voss.</span> <span class='ocrx_word' id='word_1_370' title='bbox 1106 3977 1122 4023; x_wconf 73' lang='lat'>2</span> <span class='ocrx_word' id='word_1_371' title='bbox 1140 3971 1269 4038; x_wconf 78' lang='lat' dir='ltr'>quendam</span> <span class='ocrx_word' id='word_1_372' title='bbox 1292 3971 1320 4020; x_wconf 82' lang='lat' dir='ltr'>a&#39;a</span> <span class='ocrx_word' id='word_1_373' title='bbox 1344 3987 1431 4024; x_wconf 81' lang='lat' dir='ltr'>roeau</span> <span class='ocrx_word' id='word_1_374' title='bbox 1448 3983 1473 4024; x_wconf 79' lang='lat' dir='ltr'>rt</span> 
     </span>
     <span class='ocr_line' id='line_1_40' title="bbox 228 4035 1471 4106; baseline 0.005 -18"><span class='ocrx_word' id='word_1_375' title='bbox 228 4036 291 4088; x_wconf 91' lang='lat' dir='ltr'>bum</span> <span class='ocrx_word' id='word_1_376' title='bbox 308 4035 414 4106; x_wconf 90' lang='lat' dir='ltr'>propius</span> <span class='ocrx_word' id='word_1_377' title='bbox 434 4038 568 4092; x_wconf 81' lang='lat' dir='ltr'>accedam.</span> <span class='ocrx_word' id='word_1_378' title='bbox 863 4039 913 4102; x_wconf 63' lang='lat' dir='ltr'>aa)</span> <span class='ocrx_word' id='word_1_379' title='bbox 930 4040 1054 4104; x_wconf 81' lang='lat' dir='ltr'>coavivio,</span> <span class='ocrx_word' id='word_1_380' title='bbox 1072 4037 1144 4091; x_wconf 84' lang='lat' dir='ltr'>Flor.</span> <span class='ocrx_word' id='word_1_381' title='bbox 1158 4036 1199 4090; x_wconf 91' lang='lat' dir='ltr'>DI</span> <span class='ocrx_word' id='word_1_382' title='bbox 1217 4047 1335 4090; x_wconf 79' lang='lat' dir='ltr'>cenatum</span> <span class='ocrx_word' id='word_1_383' title='bbox 1353 4037 1430 4092; x_wconf 72' lang='lat' dir='ltr'>flor.</span> <span class='ocrx_word' id='word_1_384' title='bbox 1449 4039 1471 4094; x_wconf 88' lang='lat' dir='ltr'>C</span> 
     </span>
    </p>

    <p class='ocr_par' dir='ltr' id='par_1_8' title="bbox 228 4103 1474 4313">
     <span class='ocr_line' id='line_1_41' title="bbox 264 4103 1474 4178; baseline 0.003 -20"><span class='ocrx_word' id='word_1_385' title='bbox 264 4108 287 4170; x_wconf 71' lang='lat'>§-</span> <span class='ocrx_word' id='word_1_386' title='bbox 304 4111 328 4158; x_wconf 77' lang='grc'>3.</span> <span class='ocrx_word' id='word_1_387' title='bbox 363 4122 420 4157; x_wconf 66' lang='lat' dir='ltr'>mvn</span> <span class='ocrx_word' id='word_1_388' title='bbox 441 4107 480 4158; x_wconf 72' lang='lat' dir='ltr'>lais</span> <span class='ocrx_word' id='word_1_389' title='bbox 503 4107 558 4178; x_wconf 81' lang='lat' dir='ltr'>qut]</span> <span class='ocrx_word' id='word_1_390' title='bbox 587 4106 695 4162; x_wconf 84' lang='lat' dir='ltr'>Codices</span> <span class='ocrx_word' id='word_1_391' title='bbox 719 4115 747 4161; x_wconf 90' lang='lat' dir='ltr'>et</span> <span class='ocrx_word' id='word_1_392' title='bbox 768 4109 829 4160; x_wconf 89' lang='lat' dir='ltr'>edd.</span> <span class='ocrx_word' id='word_1_393' title='bbox 863 4105 949 4160; x_wconf 86' lang='lat' dir='ltr'>minus</span> <span class='ocrx_word' id='word_1_394' title='bbox 970 4106 1105 4177; x_wconf 83' lang='lat' dir='ltr'>ingeniose</span> <span class='ocrx_word' id='word_1_395' title='bbox 1126 4107 1270 4159; x_wconf 65' lang='lat' dir='ltr'>motmunt</span> <span class='ocrx_word' id='word_1_396' title='bbox 1305 4103 1367 4175; x_wconf 80' lang='lat' dir='ltr'>Ego</span> <span class='ocrx_word' id='word_1_397' title='bbox 1385 4109 1474 4162; x_wconf 77' lang='lat' dir='ltr'>Arra·</span> 
     </span>
     <span class='ocr_line' id='line_1_42' title="bbox 228 4173 1472 4248; baseline 0.006 -25"><span class='ocrx_word' id='word_1_398' title='bbox 228 4187 269 4242; x_wconf 90' lang='lat' dir='ltr'>pr.</span> <span class='ocrx_word' id='word_1_399' title='bbox 294 4173 417 4226; x_wconf 86' lang='lat' dir='ltr'>mendose</span> <span class='ocrx_word' id='word_1_400' title='bbox 439 4177 553 4242; x_wconf 78' lang='lat' dir='ltr'>cunctis,</span> <span class='ocrx_word' id='word_1_401' title='bbox 577 4179 629 4248; x_wconf 80' lang='lat' dir='ltr'>qui.</span> <span class='ocrx_word' id='word_1_402' title='bbox 665 4175 749 4229; x_wconf 84' lang='lat' dir='ltr'>Aldus</span> <span class='ocrx_word' id='word_1_403' title='bbox 772 4193 829 4230; x_wconf 86' lang='lat' dir='ltr'>cor·</span> <span class='ocrx_word' id='word_1_404' title='bbox 865 4173 923 4227; x_wconf 91' lang='lat' dir='ltr'>diae</span> <span class='ocrx_word' id='word_1_405' title='bbox 946 4174 1080 4228; x_wconf 86' lang='lat' dir='ltr'>civitatem</span> <span class='ocrx_word' id='word_1_406' title='bbox 1099 4179 1249 4246; x_wconf 78' lang='grc' dir='ltr'><strong><em>Μακαρίιιν</em></strong></span> <span class='ocrx_word' id='word_1_407' title='bbox 1271 4173 1314 4226; x_wconf 85' lang='lat' dir='ltr'>hie</span> <span class='ocrx_word' id='word_1_408' title='bbox 1338 4191 1472 4245; x_wconf 78' lang='lat' dir='ltr'>agnosco.</span> 
     </span>
     <span class='ocr_line' id='line_1_43' title="bbox 229 4239 1473 4313; baseline 0.003 -19"><span class='ocrx_word' id='word_1_409' title='bbox 229 4239 299 4294; x_wconf 84' lang='lat' dir='ltr'>rexit</span> <span class='ocrx_word' id='word_1_410' title='bbox 316 4259 372 4294; x_wconf 82' lang='lat' dir='ltr'>cum</span> <span class='ocrx_word' id='word_1_411' title='bbox 389 4243 421 4293; x_wconf 81' lang='lat' dir='ltr'>iia</span> <span class='ocrx_word' id='word_1_412' title='bbox 440 4244 492 4312; x_wconf 82' lang='lat' dir='ltr'>qui.</span> <span class='ocrx_word' id='word_1_413' title='bbox 864 4260 944 4313; x_wconf 90' lang='lat' dir='ltr'>quam</span> <span class='ocrx_word' id='word_1_414' title='bbox 962 4243 1106 4296; x_wconf 86' lang='lat' dir='ltr'>Pausanias</span> <span class='ocrx_word' id='word_1_415' title='bbox 1120 4248 1246 4308; x_wconf 76' lang='lat' dir='ltr'>vrrr,t,8</span> <span class='ocrx_word' id='word_1_416' title='bbox 1266 4255 1473 4310; x_wconf 84' lang='lat' dir='ltr'>commemorat,</span> 
     </span>
    </p>

    <p class='ocr_par' dir='ltr' id='par_1_9' title="bbox 228 4309 1472 4517">
     <span class='ocr_line' id='line_1_44' title="bbox 263 4309 1472 4434; baseline 0.006 -72"><span class='ocrx_word' id='word_1_417' title='bbox 263 4314 284 4376; x_wconf 69' lang='grc'>5.</span> <span class='ocrx_word' id='word_1_418' title='bbox 300 4315 325 4364; x_wconf 83' lang='grc'>4.</span> <span class='ocrx_word' id='word_1_419' title='bbox 362 4309 423 4363; x_wconf 83' lang='lat' dir='ltr'>Bito</span> <span class='ocrx_word' id='word_1_420' title='bbox 441 4314 547 4380; x_wconf 83' lang='lat' dir='ltr'>quidum</span> <span class='ocrx_word' id='word_1_421' title='bbox 570 4313 686 4385; x_wconf 68' lang='lat' dir='ltr'>notionis</span> <span class='ocrx_word' id='word_1_422' title='bbox 703 4313 829 4434; x_wconf 59' lang='lat' dir='ltr'>eitudenss</span> <span class='ocrx_word' id='word_1_423' title='bbox 864 4312 1068 4382; x_wconf 75' lang='lat' dir='ltr'>etstsphaaum</span> <span class='ocrx_word' id='word_1_424' title='bbox 1083 4315 1294 4379; x_wconf 70' lang='lat' dir='ltr'>aaManapdm</span> <span class='ocrx_word' id='word_1_425' title='bbox 1312 4325 1375 4364; x_wconf 86' lang='lat' dir='ltr'>cum</span> <span class='ocrx_word' id='word_1_426' title='bbox 1389 4315 1472 4368; x_wconf 66' lang='lat' dir='ltr'>uot&#39;m</span> 
     </span>
     <span class='ocr_line' id='line_1_45' title="bbox 228 4375 1472 4450; baseline 0.006 -20"><span class='ocrx_word' id='word_1_427' title='bbox 228 4375 318 4449; x_wconf 84' lang='lat' dir='ltr'>Vulgo</span> <span class='ocrx_word' id='word_1_428' title='bbox 336 4379 428 4444; x_wconf 80' lang='lat' dir='ltr'>Birra,</span> <span class='ocrx_word' id='word_1_429' title='bbox 446 4380 492 4432; x_wconf 86' lang='lat' dir='ltr'>sed</span> <span class='ocrx_word' id='word_1_430' title='bbox 510 4381 535 4434; x_wconf 88' lang='lat' dir='ltr'>h.</span> <span class='ocrx_word' id='word_1_431' title='bbox 546 4379 562 4432; x_wconf 95' lang='lat' dir='ltr'>l.</span> <span class='ocrx_word' id='word_1_432' title='bbox 580 4382 659 4435; x_wconf 80' lang='lat' dir='ltr'>Biton</span> <span class='ocrx_word' id='word_1_433' title='bbox 676 4379 801 4434; x_wconf 68' lang='lat' dir='ltr'>Floras*</span> <span class='ocrx_word' id='word_1_434' title='bbox 864 4379 976 4432; x_wconf 84' lang='lat' dir='ltr'>Constat</span> <span class='ocrx_word' id='word_1_435' title='bbox 993 4381 1131 4450; x_wconf 85' lang='lat' dir='ltr'>plerosque</span> <span class='ocrx_word' id='word_1_436' title='bbox 1149 4378 1265 4432; x_wconf 82' lang='lat' dir='ltr'>Graecos</span> <span class='ocrx_word' id='word_1_437' title='bbox 1282 4377 1381 4434; x_wconf 82' lang='lat' dir='ltr'>militas</span> <span class='ocrx_word' id='word_1_438' title='bbox 1401 4401 1472 4437; x_wconf 55' lang='lat' dir='ltr'>mer*</span> 
     </span>
     <span class='ocr_line' id='line_1_46' title="bbox 228 4445 1267 4517; baseline -0.001 -16"><span class='ocrx_word' id='word_1_439' title='bbox 228 4447 286 4502; x_wconf 87' lang='lat' dir='ltr'>I&#39;al.</span> <span class='ocrx_word' id='word_1_440' title='bbox 297 4455 321 4515; x_wconf 86' lang='lat'>1,</span> <span class='ocrx_word' id='word_1_441' title='bbox 338 4447 400 4501; x_wconf 79' lang='lat' dir='ltr'>Bito</span> <span class='ocrx_word' id='word_1_442' title='bbox 410 4451 509 4502; x_wconf 84' lang='lat' dir='ltr'>Vosal</span> <span class='ocrx_word' id='word_1_443' title='bbox 524 4448 596 4504; x_wconf 80' lang='lat' dir='ltr'>Flor.</span> <span class='ocrx_word' id='word_1_444' title='bbox 604 4449 629 4517; x_wconf 93' lang='lat'>1,</span> <span class='ocrx_word' id='word_1_445' title='bbox 646 4449 828 4504; x_wconf 81' lang='lat' dir='ltr'>BitloaVose.</span> <span class='ocrx_word' id='word_1_446' title='bbox 863 4447 980 4504; x_wconf 76' lang='lat' dir='ltr'>cenanda</span> <span class='ocrx_word' id='word_1_447' title='bbox 997 4464 1032 4502; x_wconf 84' lang='lat' dir='ltr'>ex</span> <span class='ocrx_word' id='word_1_448' title='bbox 1049 4448 1163 4503; x_wconf 81' lang='lat' dir='ltr'>Arcadia</span> <span class='ocrx_word' id='word_1_449' title='bbox 1179 4445 1267 4502; x_wconf 66' lang='lat' dir='ltr'>sonae.</span> 
     </span>
    </p>
   </div>
   <div class='ocr_carea' id='block_1_6' title="bbox 0 0 1584 5294">
    <p class='ocr_par' dir='ltr' id='par_1_10' title="bbox 0 0 1584 5294">
     <span class='ocr_line' id='line_1_47' title="bbox 0 0 1584 5294; baseline 0 1"><span class='ocrx_word' id='word_1_450' title='bbox 0 0 1584 5294; x_wconf 95' lang='lat' dir='ltr'> </span> 
     </span>
    </p>
   </div>
  </div>
 </body>
</html>
