<?xml version="1.0" encoding="UTF-8"?>
<!DOCTYPE html PUBLIC "-//W3C//DTD XHTML 1.0 Transitional//EN"
    "http://www.w3.org/TR/xhtml1/DTD/xhtml1-transitional.dtd">
<html xmlns="http://www.w3.org/1999/xhtml" xml:lang="en" lang="en">
 <head>
  <title>
</title>
<meta http-equiv="Content-Type" content="text/html;charset=utf-8" />
  <meta name='ocr-system' content='tesseract 3.04.00' />
  <meta name='ocr-capabilities' content='ocr_page ocr_carea ocr_par ocr_line ocrx_word'/>
</head>
<body>
  <div class='ocr_page' id='page_1' title='image "./qcurtiirufidege00zumpgoog_0051.png"; bbox 0 0 3214 5288; ppageno 0'>
   <div class='ocr_carea' id='block_1_1' title="bbox 257 380 1024 456">
    <p class='ocr_par' dir='ltr' id='par_1_1' title="bbox 257 380 1024 456">
     <span class='ocr_line' id='line_1_1' title="bbox 257 380 1024 456; baseline -0.01 -3"><span class='ocrx_word' id='word_1_1' title='bbox 257 380 304 454; x_wconf 79' lang='lat'>22</span> <span class='ocrx_word' id='word_1_2' title='bbox 726 394 762 456; x_wconf 75' lang='lat' dir='ltr'>a.</span> <span class='ocrx_word' id='word_1_3' title='bbox 790 393 915 446; x_wconf 81' lang='lat' dir='ltr'>cunm</span> <span class='ocrx_word' id='word_1_4' title='bbox 939 395 1024 446; x_wconf 78' lang='lat' dir='ltr'>nuri</span> 
     </span>
    </p>
   </div>
   <div class='ocr_carea' id='block_1_2' title="bbox 138 578 1540 2334">
    <p class='ocr_par' dir='ltr' id='par_1_2' title="bbox 138 578 1540 2334">
     <span class='ocr_line' id='line_1_2' title="bbox 254 578 1502 680; baseline 0 -26"><span class='ocrx_word' id='word_1_5' title='bbox 254 591 519 680; x_wconf 79' lang='lat' dir='ltr'><strong>peragrassent,</strong></span> <span class='ocrx_word' id='word_1_6' title='bbox 544 578 776 678; x_wconf 81' lang='lat' dir='ltr'>repetendas:</span> <span class='ocrx_word' id='word_1_7' title='bbox 804 579 924 654; x_wconf 90' lang='lat' dir='ltr'>omnia</span> <span class='ocrx_word' id='word_1_8' title='bbox 948 588 1013 652; x_wconf 86' lang='lat' dir='ltr'>sut</span> <span class='ocrx_word' id='word_1_9' title='bbox 1036 579 1133 675; x_wconf 90' lang='lat' dir='ltr'>ipsos</span> <span class='ocrx_word' id='word_1_10' title='bbox 1159 587 1222 652; x_wconf 88' lang='lat' dir='ltr'>aut</span> <span class='ocrx_word' id='word_1_11' title='bbox 1248 579 1377 654; x_wconf 84' lang='lat' dir='ltr'>hostes</span> <span class='ocrx_word' id='word_1_12' title='bbox 1393 603 1502 675; x_wconf 81' lang='lat' dir='ltr'>popu</span> 
     </span>
     <span class='ocr_line' id='line_1_3' title="bbox 254 688 1502 790; baseline -0.005 -24"><span class='ocrx_word' id='word_1_13' title='bbox 254 695 365 767; x_wconf 88' lang='lat' dir='ltr'>latos:</span> <span class='ocrx_word' id='word_1_14' title='bbox 401 718 467 790; x_wconf 89' lang='lat' dir='ltr'>per</span> <span class='ocrx_word' id='word_1_15' title='bbox 498 701 621 766; x_wconf 85' lang='lat' dir='ltr'>vastes</span> <span class='ocrx_word' id='word_1_16' title='bbox 652 689 879 779; x_wconf 76' lang='lat' dir='ltr'>solitudines,</span> <span class='ocrx_word' id='word_1_17' title='bbox 918 690 1057 764; x_wconf 88' lang='lat' dir='ltr'>etiamsi</span> <span class='ocrx_word' id='word_1_18' title='bbox 1088 713 1194 763; x_wconf 90' lang='lat' dir='ltr'>nemo</span> <span class='ocrx_word' id='word_1_19' title='bbox 1226 690 1371 782; x_wconf 84' lang='lat' dir='ltr'>insequi</span> <span class='ocrx_word' id='word_1_20' title='bbox 1408 688 1502 774; x_wconf 81' lang='lat' dir='ltr'>velit,</span> 
     </span>
     <span class='ocr_line' id='line_1_4' title="bbox 258 796 1528 897; baseline -0.007 -19"><span class='ocrx_word' id='word_1_21' title='bbox 258 815 400 894; x_wconf 87' lang='lat' dir='ltr'>euntes,</span> <span class='ocrx_word' id='word_1_22' title='bbox 435 806 529 878; x_wconf 85' lang='lat' dir='ltr'>fame</span> <span class='ocrx_word' id='word_1_23' title='bbox 560 812 669 896; x_wconf 89' lang='lat' dir='ltr'>atque</span> <span class='ocrx_word' id='word_1_24' title='bbox 703 799 823 896; x_wconf 83' lang='lat' dir='ltr'>iuopia</span> <span class='ocrx_word' id='word_1_25' title='bbox 854 797 1026 874; x_wconf 86' lang='lat' dir='ltr'>debellari</span> <span class='ocrx_word' id='word_1_26' title='bbox 1052 824 1167 896; x_wconf 81' lang='lat' dir='ltr'>posse.</span> <span class='ocrx_word' id='word_1_27' title='bbox 1211 796 1328 888; x_wconf 71' lang='lat' dir='ltr'>Quen</span> <span class='ocrx_word' id='word_1_28' title='bbox 1359 801 1528 897; x_wconf 75' lang='lat' dir='ltr'>signnmt</span> 
     </span>
     <span class='ocr_line' id='line_1_5' title="bbox 257 907 1502 1010; baseline -0.006 -24"><span class='ocrx_word' id='word_1_29' title='bbox 257 913 427 988; x_wconf 88' lang='lat' dir='ltr'>daturum</span> <span class='ocrx_word' id='word_1_30' title='bbox 451 909 692 1010; x_wconf 80' lang='lat' dir='ltr'>firgientibusl</span> <span class='ocrx_word' id='word_1_31' title='bbox 716 933 825 1006; x_wconf 86' lang='lat' dir='ltr'>quem</span> <span class='ocrx_word' id='word_1_32' title='bbox 850 917 1022 986; x_wconf 83' lang='lat' dir='ltr'>ausurum</span> <span class='ocrx_word' id='word_1_33' title='bbox 1047 909 1257 986; x_wconf 70' lang='lat' dir='ltr'>Alexandro</span> <span class='ocrx_word' id='word_1_34' title='bbox 1284 907 1502 984; x_wconf 79' lang='lat' dir='ltr'>succedere?</span> 
     </span>
     <span class='ocr_line' id='line_1_6' title="bbox 256 1021 1503 1120; baseline -0.006 -22"><span class='ocrx_word' id='word_1_35' title='bbox 256 1024 334 1098; x_wconf 88' lang='lat' dir='ltr'>Iam</span> <span class='ocrx_word' id='word_1_36' title='bbox 365 1034 408 1098; x_wconf 89' lang='lat' dir='ltr'>ut</span> <span class='ocrx_word' id='word_1_37' title='bbox 426 1022 489 1097; x_wconf 80' lang='lat' dir='ltr'>&#39;ad</span> <span class='ocrx_word' id='word_1_38' title='bbox 514 1021 790 1120; x_wconf 78' lang='lat' dir='ltr'>Hellespontum</span> <span class='ocrx_word' id='word_1_39' title='bbox 822 1021 908 1118; x_wconf 82' lang='lat' dir='ltr'>fuga</span> <span class='ocrx_word' id='word_1_40' title='bbox 939 1030 1188 1118; x_wconf 70' lang='lat' dir='ltr'>penetrarent,</span> <span class='ocrx_word' id='word_1_41' title='bbox 1224 1022 1397 1110; x_wconf 60' lang='lat' dir='ltr'>classem</span> <span class='ocrx_word' id='word_1_42' title='bbox 1435 1043 1503 1116; x_wconf 87' lang='lat' dir='ltr'>qua</span> 
     </span>
     <span class='ocr_line' id='line_1_7' title="bbox 256 1129 1528 1230; baseline -0.007 -22"><span class='ocrx_word' id='word_1_43' title='bbox 256 1144 458 1224; x_wconf 87' lang='lat' dir='ltr'>transeant,</span> <span class='ocrx_word' id='word_1_44' title='bbox 492 1157 599 1229; x_wconf 89' lang='lat' dir='ltr'>quem</span> <span class='ocrx_word' id='word_1_45' title='bbox 630 1130 947 1230; x_wconf 70' lang='lat' dir='ltr'>praeparaturus?</span> <span class='ocrx_word' id='word_1_46' title='bbox 986 1129 1124 1206; x_wconf 82' lang='lat' dir='ltr'>Rursus</span> <span class='ocrx_word' id='word_1_47' title='bbox 1158 1132 1196 1206; x_wconf 91' lang='lat' dir='ltr'>in</span> <span class='ocrx_word' id='word_1_48' title='bbox 1230 1133 1351 1230; x_wconf 78' lang='lat' dir='ltr'>ipsun</span> <span class='ocrx_word' id='word_1_49' title='bbox 1381 1152 1528 1228; x_wconf 83' lang='lat' dir='ltr'>regens</span> 
     </span>
     <span class='ocr_line' id='line_1_8' title="bbox 256 1241 1502 1333; baseline -0.003 -15"><span class='ocrx_word' id='word_1_50' title='bbox 256 1241 499 1318; x_wconf 84' lang='lat' dir='ltr'>misericordia</span> <span class='ocrx_word' id='word_1_51' title='bbox 523 1268 645 1333; x_wconf 87' lang='lat' dir='ltr'>versa,</span> <span class='ocrx_word' id='word_1_52' title='bbox 671 1244 771 1320; x_wconf 85' lang='lat' dir='ltr'>illum</span> <span class='ocrx_word' id='word_1_53' title='bbox 796 1243 922 1316; x_wconf 88' lang='lat' dir='ltr'>florem</span> <span class='ocrx_word' id='word_1_54' title='bbox 947 1241 1130 1330; x_wconf 74' lang='lat' dir='ltr'>iuventae,</span> <span class='ocrx_word' id='word_1_55' title='bbox 1156 1243 1253 1316; x_wconf 89' lang='lat' dir='ltr'>illam</span> <span class='ocrx_word' id='word_1_56' title='bbox 1278 1243 1355 1316; x_wconf 87' lang='lat' dir='ltr'>vim</span> <span class='ocrx_word' id='word_1_57' title='bbox 1386 1241 1502 1328; x_wconf 78' lang='lat' dir='ltr'>animi,</span> 
     </span>
     <span class='ocr_line' id='line_1_9' title="bbox 253 1350 1503 1453; baseline -0.006 -24"><span class='ocrx_word' id='word_1_58' title='bbox 253 1354 411 1429; x_wconf 88' lang='lat' dir='ltr'>&#39;eundem</span> <span class='ocrx_word' id='word_1_59' title='bbox 445 1379 567 1453; x_wconf 84' lang='lat' dir='ltr'>regem</span> <span class='ocrx_word' id='word_1_60' title='bbox 602 1363 640 1428; x_wconf 90' lang='lat' dir='ltr'>et</span> <span class='ocrx_word' id='word_1_61' title='bbox 673 1353 964 1442; x_wconf 72' lang='lat' dir='ltr'>commilitonem,</span> <span class='ocrx_word' id='word_1_62' title='bbox 998 1350 1119 1428; x_wconf 84' lang='lat' dir='ltr'>divelli</span> <span class='ocrx_word' id='word_1_63' title='bbox 1150 1379 1173 1426; x_wconf 89' lang='lat' dir='ltr'>a</span> <span class='ocrx_word' id='word_1_64' title='bbox 1203 1379 1243 1430; x_wconf 86' lang='lat' dir='ltr'>se</span> <span class='ocrx_word' id='word_1_65' title='bbox 1270 1361 1309 1426; x_wconf 86' lang='lat' dir='ltr'>et</span> <span class='ocrx_word' id='word_1_66' title='bbox 1334 1351 1503 1448; x_wconf 81' lang='lat' dir='ltr'>abrumpi</span> 
     </span>
     <span class='ocr_line' id='line_1_10' title="bbox 257 1465 840 1560; baseline -0.007 -22"><span class='ocrx_word' id='word_1_67' title='bbox 257 1465 482 1540; x_wconf 80' lang='lat' dir='ltr'>immemores</span> <span class='ocrx_word' id='word_1_68' title='bbox 509 1465 565 1538; x_wconf 90' lang='lat' dir='ltr'>sui</span> <span class='ocrx_word' id='word_1_69' title='bbox 589 1465 840 1560; x_wconf 71' lang='lat' dir='ltr'>querebatur.</span> 
     </span>
     <span class='ocr_line' id='line_1_11' title="bbox 210 1572 1529 1679; baseline -0.007 -28"><span class='ocrx_word' id='word_1_70' title='bbox 210 1609 256 1679; x_wconf 81' lang='lat'>13</span> <span class='ocrx_word' id='word_1_71' title='bbox 360 1572 459 1650; x_wconf 84' lang='lat' dir='ltr'>Inter</span> <span class='ocrx_word' id='word_1_72' title='bbox 484 1575 573 1650; x_wconf 86' lang='lat' dir='ltr'>haec</span> <span class='ocrx_word' id='word_1_73' title='bbox 597 1575 743 1650; x_wconf 83' lang='lat' dir='ltr'>liberius</span> <span class='ocrx_word' id='word_1_74' title='bbox 768 1599 889 1650; x_wconf 87' lang='lat' dir='ltr'>meare</span> <span class='ocrx_word' id='word_1_75' title='bbox 915 1573 1059 1672; x_wconf 81' lang='lat' dir='ltr'>spiritus</span> <span class='ocrx_word' id='word_1_76' title='bbox 1085 1583 1270 1670; x_wconf 85' lang='lat' dir='ltr'>coeperat,</span> <span class='ocrx_word' id='word_1_77' title='bbox 1306 1573 1529 1647; x_wconf 77' lang='lat' dir='ltr'>allevabats</span> 
     </span>
     <span class='ocr_line' id='line_1_12' title="bbox 259 1682 1502 1783; baseline -0.002 -27"><span class='ocrx_word' id='word_1_78' title='bbox 259 1709 327 1782; x_wconf 89' lang='lat' dir='ltr'>que</span> <span class='ocrx_word' id='word_1_79' title='bbox 353 1709 420 1760; x_wconf 83' lang='lat' dir='ltr'>rex</span> <span class='ocrx_word' id='word_1_80' title='bbox 447 1687 588 1775; x_wconf 88' lang='lat' dir='ltr'>oculos,</span> <span class='ocrx_word' id='word_1_81' title='bbox 624 1696 661 1758; x_wconf 90' lang='lat' dir='ltr'>et</span> <span class='ocrx_word' id='word_1_82' title='bbox 685 1685 857 1783; x_wconf 71' lang='lat' dir='ltr'>paulatin</span> <span class='ocrx_word' id='word_1_83' title='bbox 883 1682 1056 1758; x_wconf 77' lang='lat' dir='ltr'>redeunte</span> <span class='ocrx_word' id='word_1_84' title='bbox 1082 1683 1200 1758; x_wconf 85' lang='lat' dir='ltr'>animo</span> <span class='ocrx_word' id='word_1_85' title='bbox 1225 1685 1502 1771; x_wconf 76' lang='lat' dir='ltr'>circumstantes</span> 
     </span>
     <span class='ocr_line' id='line_1_13' title="bbox 138 1791 1502 1894; baseline -0.005 -24"><span class='ocrx_word' id='word_1_86' title='bbox 138 1880 142 1886; x_wconf 50' lang='grc'><strong>,</strong></span> <span class='ocrx_word' id='word_1_87' title='bbox 257 1797 391 1870; x_wconf 83' lang='lat' dir='ltr'>anricos</span> <span class='ocrx_word' id='word_1_88' title='bbox 417 1805 625 1894; x_wconf 82' lang='lat' dir='ltr'>agnoverat,</span> <span class='ocrx_word' id='word_1_89' title='bbox 650 1795 842 1891; x_wconf 82' lang='lat' dir='ltr'>laxataque</span> <span class='ocrx_word' id='word_1_90' title='bbox 868 1795 923 1869; x_wconf 85' lang='lat' dir='ltr'>vis</span> <span class='ocrx_word' id='word_1_91' title='bbox 949 1795 1065 1869; x_wconf 82' lang='lat' dir='ltr'>morbi</span> <span class='ocrx_word' id='word_1_92' title='bbox 1091 1796 1138 1868; x_wconf 93' lang='lat' dir='ltr'>ob</span> <span class='ocrx_word' id='word_1_93' title='bbox 1165 1795 1234 1870; x_wconf 88' lang='lat' dir='ltr'>hoc</span> <span class='ocrx_word' id='word_1_94' title='bbox 1259 1797 1383 1870; x_wconf 89' lang='lat' dir='ltr'>solum</span> <span class='ocrx_word' id='word_1_95' title='bbox 1410 1791 1502 1868; x_wconf 81' lang='lat' dir='ltr'>ride·</span> 
     </span>
     <span class='ocr_line' id='line_1_14' title="bbox 257 1904 1540 2006; baseline -0.009 -24"><span class='ocrx_word' id='word_1_96' title='bbox 257 1907 380 1999; x_wconf 71' lang='lat' dir='ltr'>batem,</span> <span class='ocrx_word' id='word_1_97' title='bbox 416 1907 499 2006; x_wconf 86' lang='lat' dir='ltr'>quia</span> <span class='ocrx_word' id='word_1_98' title='bbox 532 1904 815 2005; x_wconf 82' lang='lat' dir='ltr'>magnitudinem</span> <span class='ocrx_word' id='word_1_99' title='bbox 855 1907 939 1980; x_wconf 89' lang='lat' dir='ltr'>mali</span> <span class='ocrx_word' id='word_1_100' title='bbox 970 1905 1160 1980; x_wconf 82' lang='lat' dir='ltr'>sentiebat.</span> <span class='ocrx_word' id='word_1_101' title='bbox 1221 1905 1345 1980; x_wconf 87' lang='lat' dir='ltr'>Animi</span> <span class='ocrx_word' id='word_1_102' title='bbox 1383 1915 1501 1978; x_wconf 87' lang='lat' dir='ltr'>autem</span> <span class='ocrx_word' id='word_1_103' title='bbox 1517 1925 1540 1973; x_wconf 79' lang='grc' dir='ltr'>ιο</span> 
     </span>
     <span class='ocr_line' id='line_1_15' title="bbox 258 2012 1501 2116; baseline -0.005 -26"><span class='ocrx_word' id='word_1_104' title='bbox 258 2017 445 2116; x_wconf 79' lang='lat' dir='ltr'>aegritudo</span> <span class='ocrx_word' id='word_1_105' title='bbox 484 2043 614 2116; x_wconf 87' lang='lat' dir='ltr'>eorpus</span> <span class='ocrx_word' id='word_1_106' title='bbox 648 2018 816 2115; x_wconf 79' lang='lat' dir='ltr'>urgebat,</span> <span class='ocrx_word' id='word_1_107' title='bbox 860 2017 990 2114; x_wconf 89' lang='lat' dir='ltr'>quippe</span> <span class='ocrx_word' id='word_1_108' title='bbox 1022 2013 1180 2088; x_wconf 83' lang='lat' dir='ltr'>Dareum</span> <span class='ocrx_word' id='word_1_109' title='bbox 1215 2017 1342 2112; x_wconf 87' lang='lat' dir='ltr'>quinto</span> <span class='ocrx_word' id='word_1_110' title='bbox 1377 2012 1501 2089; x_wconf 90' lang='lat' dir='ltr'>diein</span> 
     </span>
     <span class='ocr_line' id='line_1_16' title="bbox 260 2125 1501 2222; baseline -0.002 -24"><span class='ocrx_word' id='word_1_111' title='bbox 260 2125 380 2200; x_wconf 83' lang='lat' dir='ltr'>Cilicia</span> <span class='ocrx_word' id='word_1_112' title='bbox 406 2130 483 2202; x_wconf 80' lang='lat' dir='ltr'>fore</span> <span class='ocrx_word' id='word_1_113' title='bbox 508 2130 749 2202; x_wconf 84' lang='lat' dir='ltr'>nuntiabatur.</span> <span class='ocrx_word' id='word_1_114' title='bbox 790 2125 961 2202; x_wconf 89' lang='lat' dir='ltr'>Vinctum</span> <span class='ocrx_word' id='word_1_115' title='bbox 987 2149 1073 2222; x_wconf 88' lang='lat' dir='ltr'>ergo</span> <span class='ocrx_word' id='word_1_116' title='bbox 1101 2149 1140 2200; x_wconf 89' lang='lat' dir='ltr'>se</span> <span class='ocrx_word' id='word_1_117' title='bbox 1165 2125 1269 2217; x_wconf 87' lang='lat' dir='ltr'>tradi,</span> <span class='ocrx_word' id='word_1_118' title='bbox 1295 2137 1336 2200; x_wconf 88' lang='lat' dir='ltr'>et</span> <span class='ocrx_word' id='word_1_119' title='bbox 1362 2134 1501 2200; x_wconf 86' lang='lat' dir='ltr'>tantam</span> 
     </span>
     <span class='ocr_line' id='line_1_17' title="bbox 258 2231 1501 2334; baseline -0.002 -28"><span class='ocrx_word' id='word_1_120' title='bbox 258 2235 446 2310; x_wconf 82' lang='lat' dir='ltr'>victoriam</span> <span class='ocrx_word' id='word_1_121' title='bbox 489 2238 577 2334; x_wconf 90' lang='lat' dir='ltr'>eripi</span> <span class='ocrx_word' id='word_1_122' title='bbox 620 2239 687 2311; x_wconf 89' lang='lat' dir='ltr'>sibi</span> <span class='ocrx_word' id='word_1_123' title='bbox 728 2263 775 2310; x_wconf 83' lang='lat' dir='ltr'>ex</span> <span class='ocrx_word' id='word_1_124' title='bbox 808 2237 988 2326; x_wconf 86' lang='lat' dir='ltr'>menibus,</span> <span class='ocrx_word' id='word_1_125' title='bbox 1030 2237 1252 2333; x_wconf 86' lang='lat' dir='ltr'>obscuraque</span> <span class='ocrx_word' id='word_1_126' title='bbox 1280 2246 1322 2309; x_wconf 89' lang='lat' dir='ltr'>et</span> <span class='ocrx_word' id='word_1_127' title='bbox 1355 2231 1501 2334; x_wconf 84' lang='lat' dir='ltr'>ignobili</span> 
     </span>
    </p>
   </div>
   <div class='ocr_carea' id='block_1_3' title="bbox 255 2417 1576 2628">
    <p class='ocr_par' dir='ltr' id='par_1_3' title="bbox 255 2417 1576 2628">
     <span class='ocr_line' id='line_1_18' title="bbox 255 2417 1501 2536; baseline -0.002 -67"><span class='ocrx_word' id='word_1_128' title='bbox 255 2417 428 2536; x_wconf 78' lang='lat' dir='ltr'>populatione</span> <span class='ocrx_word' id='word_1_129' title='bbox 436 2420 580 2497; x_wconf 67' lang='lat' dir='ltr'>peragrati</span> <span class='ocrx_word' id='word_1_130' title='bbox 587 2420 661 2485; x_wconf 87' lang='lat' dir='ltr'>fines</span> <span class='ocrx_word' id='word_1_131' title='bbox 671 2427 765 2482; x_wconf 85' lang='lat' dir='ltr'>essent,</span> <span class='ocrx_word' id='word_1_132' title='bbox 783 2435 862 2488; x_wconf 89' lang='lat' dir='ltr'>quem</span> <span class='ocrx_word' id='word_1_133' title='bbox 898 2417 985 2496; x_wconf 69' lang='lat' dir='ltr'>aptius</span> <span class='ocrx_word' id='word_1_134' title='bbox 1002 2434 1033 2470; x_wconf 83' lang='lat' dir='ltr'>ae</span> <span class='ocrx_word' id='word_1_135' title='bbox 1049 2418 1226 2482; x_wconf 59' lang='lat' dir='ltr'>verisimilium</span> <span class='ocrx_word' id='word_1_136' title='bbox 1252 2437 1313 2472; x_wconf 85' lang='lat' dir='ltr'>nam</span> <span class='ocrx_word' id='word_1_137' title='bbox 1332 2423 1375 2473; x_wconf 82' lang='lat' dir='ltr'>acl</span> <span class='ocrx_word' id='word_1_138' title='bbox 1391 2423 1439 2473; x_wconf 82' lang='lat' dir='ltr'>loe</span> <span class='ocrx_word' id='word_1_139' title='bbox 1456 2417 1501 2468; x_wconf 89' lang='lat' dir='ltr'>hoe</span> 
     </span>
     <span class='ocr_line' id='line_1_19' title="bbox 271 2483 1576 2565; baseline 0.003 -29"><span class='ocrx_word' id='word_1_140' title='bbox 271 2503 346 2564; x_wconf 79' lang='lat' dir='ltr'>ocum</span> <span class='ocrx_word' id='word_1_141' title='bbox 362 2485 443 2564; x_wconf 72' lang='lat' dir='ltr'>attuli</span> <span class='ocrx_word' id='word_1_142' title='bbox 461 2504 488 2538; x_wconf 88' lang='lat' dir='ltr'>m</span> <span class='ocrx_word' id='word_1_143' title='bbox 504 2503 614 2554; x_wconf 81' lang='lat' dir='ltr'>gramm</span> <span class='ocrx_word' id='word_1_144' title='bbox 627 2485 781 2565; x_wconf 68' lang='lat' dir='ltr'>Lat.§.473‚</span> <span class='ocrx_word' id='word_1_145' title='bbox 800 2486 863 2565; x_wconf 72' lang='lat' dir='ltr'>deun</span> <span class='ocrx_word' id='word_1_146' title='bbox 897 2485 1003 2554; x_wconf 77' lang='lat' dir='ltr'>quidem</span> <span class='ocrx_word' id='word_1_147' title='bbox 1026 2483 1085 2565; x_wconf 66' lang='lat' dir='ltr'>lopo</span> <span class='ocrx_word' id='word_1_148' title='bbox 1110 2485 1176 2542; x_wconf 86' lang='lat' dir='ltr'>nibil</span> <span class='ocrx_word' id='word_1_149' title='bbox 1201 2487 1273 2542; x_wconf 85' lang='lat' dir='ltr'>aliud</span> <span class='ocrx_word' id='word_1_150' title='bbox 1298 2487 1350 2542; x_wconf 86' lang='lat' dir='ltr'>uisi</span> <span class='ocrx_word' id='word_1_151' title='bbox 1379 2488 1458 2542; x_wconf 86' lang='lat' dir='ltr'>finem</span> <span class='ocrx_word' id='word_1_152' title='bbox 1474 2490 1499 2534; x_wconf 79' lang='lat' dir='ltr'>et</span> <span class='ocrx_word' id='word_1_153' title='bbox 1575 2535 1576 2540; x_wconf 75' lang='grc'>,</span> 
     </span>
     <span class='ocr_line' id='line_1_20' title="bbox 261 2545 1576 2628; baseline 0.002 -22"><span class='ocrx_word' id='word_1_154' title='bbox 261 2550 368 2606; x_wconf 84' lang='lat' dir='ltr'>ablatrvr</span> <span class='ocrx_word' id='word_1_155' title='bbox 392 2569 467 2605; x_wconf 86' lang='lat' dir='ltr'>usum</span> <span class='ocrx_word' id='word_1_156' title='bbox 490 2571 550 2606; x_wconf 88' lang='lat' dir='ltr'>eum</span> <span class='ocrx_word' id='word_1_157' title='bbox 571 2553 698 2608; x_wconf 77' lang='lat' dir='ltr'>eiusmodi</span> <span class='ocrx_word' id='word_1_158' title='bbox 716 2555 862 2626; x_wconf 72' lang='lat' dir='ltr'>expeditio·</span> <span class='ocrx_word' id='word_1_159' title='bbox 897 2561 1109 2626; x_wconf 80' lang='lat' dir='ltr'>consequentum</span> <span class='ocrx_word' id='word_1_160' title='bbox 1126 2554 1295 2624; x_wconf 80' lang='lat' dir='ltr'>significaret,</span> <span class='ocrx_word' id='word_1_161' title='bbox 1314 2573 1347 2610; x_wconf 87' lang='lat' dir='ltr'>se</span> <span class='ocrx_word' id='word_1_162' title='bbox 1366 2553 1442 2628; x_wconf 88' lang='lat' dir='ltr'>sequi</span> <span class='ocrx_word' id='word_1_163' title='bbox 1459 2553 1500 2604; x_wconf 79' lang='lat' dir='ltr'>de·</span> <span class='ocrx_word' id='word_1_164' title='bbox 1575 2545 1576 2628; x_wconf 77' lang='lat' dir='ltr'>l</span> 
     </span>
    </p>
   </div>
   <div class='ocr_carea' id='block_1_4' title="bbox 260 2618 1576 4464">
    <p class='ocr_par' dir='ltr' id='par_1_4' title="bbox 260 2618 1576 2826">
     <span class='ocr_line' id='line_1_21' title="bbox 261 2618 1498 2692; baseline -0.001 -22"><span class='ocrx_word' id='word_1_165' title='bbox 261 2637 323 2670; x_wconf 89' lang='lat' dir='ltr'>num</span> <span class='ocrx_word' id='word_1_166' title='bbox 342 2618 495 2674; x_wconf 73' lang='lat' dir='ltr'>&#39;bellicarum</span> <span class='ocrx_word' id='word_1_167' title='bbox 521 2621 606 2676; x_wconf 84' lang='lat' dir='ltr'>verbis</span> <span class='ocrx_word' id='word_1_168' title='bbox 636 2639 748 2692; x_wconf 90' lang='lat' dir='ltr'>expono.</span> <span class='ocrx_word' id='word_1_169' title='bbox 801 2619 861 2676; x_wconf 88' lang='lat' dir='ltr'>Nee</span> <span class='ocrx_word' id='word_1_170' title='bbox 897 2621 978 2674; x_wconf 85' lang='lat' dir='ltr'>bebut</span> <span class='ocrx_word' id='word_1_171' title='bbox 1007 2631 1035 2674; x_wconf 83' lang='lat' dir='ltr'>nt</span> <span class='ocrx_word' id='word_1_172' title='bbox 1061 2625 1266 2690; x_wconf 73' lang='lat' dir='ltr'>nlapnitudlaem</span> <span class='ocrx_word' id='word_1_173' title='bbox 1293 2627 1362 2678; x_wconf 80' lang='lat' dir='ltr'>ntuli</span> <span class='ocrx_word' id='word_1_174' title='bbox 1389 2623 1498 2678; x_wconf 76' lang='lat' dir='ltr'>sentiret.</span> 
     </span>
     <span class='ocr_line' id='line_1_22' title="bbox 261 2685 1576 2760; baseline 0.007 -23"><span class='ocrx_word' id='word_1_175' title='bbox 261 2685 385 2739; x_wconf 83' lang='lat' dir='ltr'>dissimile</span> <span class='ocrx_word' id='word_1_176' title='bbox 406 2689 477 2760; x_wconf 90' lang='lat' dir='ltr'>quod</span> <span class='ocrx_word' id='word_1_177' title='bbox 499 2688 618 2759; x_wconf 86' lang='lat' dir='ltr'>sequitur</span> <span class='ocrx_word' id='word_1_178' title='bbox 635 2689 725 2744; x_wconf 81' lang='lat' dir='ltr'>stetim</span> <span class='ocrx_word' id='word_1_179' title='bbox 735 2691 806 2760; x_wconf 76' lang='lat' dir='ltr'>supa</span> <span class='ocrx_word' id='word_1_180' title='bbox 824 2693 862 2744; x_wconf 88' lang='lat' dir='ltr'>ad</span> <span class='ocrx_word' id='word_1_181' title='bbox 897 2687 1005 2744; x_wconf 84' lang='lat' dir='ltr'>Curtius</span> <span class='ocrx_word' id='word_1_182' title='bbox 1028 2698 1122 2744; x_wconf 81' lang='lat' dir='ltr'>centra</span> <span class='ocrx_word' id='word_1_183' title='bbox 1143 2691 1181 2744; x_wconf 86' lang='lat' dir='ltr'>sui</span> <span class='ocrx_word' id='word_1_184' title='bbox 1201 2691 1393 2746; x_wconf 80' lang='lat' dir='ltr'>comcientism</span> <span class='ocrx_word' id='word_1_185' title='bbox 1416 2705 1498 2745; x_wconf 75' lang='lat' dir='ltr'>rerer·</span> <span class='ocrx_word' id='word_1_186' title='bbox 1575 2747 1576 2756; x_wconf 58' lang='grc'>,</span> 
     </span>
     <span class='ocr_line' id='line_1_23' title="bbox 260 2753 1500 2826; baseline 0.002 -18"><span class='ocrx_word' id='word_1_187' title='bbox 260 2755 457 2824; x_wconf 79' lang='lat' dir='ltr'>Hellespontum</span> <span class='ocrx_word' id='word_1_188' title='bbox 494 2766 620 2810; x_wconf 86' lang='lat' dir='ltr'>enetrare.</span> <span class='ocrx_word' id='word_1_189' title='bbox 895 2774 950 2811; x_wconf 87' lang='lat' dir='ltr'>sam</span> <span class='ocrx_word' id='word_1_190' title='bbox 967 2775 1015 2826; x_wconf 89' lang='lat' dir='ltr'>pro</span> <span class='ocrx_word' id='word_1_191' title='bbox 1032 2757 1129 2812; x_wconf 90' lang='lat' dir='ltr'>indicio</span> <span class='ocrx_word' id='word_1_192' title='bbox 1151 2759 1317 2814; x_wconf 72' lang='lat' dir='ltr'>adnuentibus</span> <span class='ocrx_word' id='word_1_193' title='bbox 1339 2761 1424 2816; x_wconf 77' lang='lat' dir='ltr'>fuisse</span> <span class='ocrx_word' id='word_1_194' title='bbox 1441 2753 1500 2810; x_wconf 77' lang='lat' dir='ltr'>dicit</span> 
     </span>
    </p>

    <p class='ocr_par' dir='ltr' id='par_1_5' title="bbox 260 2825 1576 4464">
     <span class='ocr_line' id='line_1_24' title="bbox 296 2825 1576 2900; baseline 0 -25"><span class='ocrx_word' id='word_1_195' title='bbox 296 2825 319 2890; x_wconf 62' lang='grc' dir='ltr'>ᾗ.</span> <span class='ocrx_word' id='word_1_196' title='bbox 339 2829 363 2876; x_wconf 83' lang='lat'>7.</span> <span class='ocrx_word' id='word_1_197' title='bbox 398 2833 463 2886; x_wconf 78' lang='lat' dir='ltr'>uta</span> <span class='ocrx_word' id='word_1_198' title='bbox 501 2825 571 2878; x_wconf 87' lang='lat' dir='ltr'>Hell.</span> <span class='ocrx_word' id='word_1_199' title='bbox 585 2828 659 2896; x_wconf 73' lang='lat' dir='ltr'>faya</span> <span class='ocrx_word' id='word_1_200' title='bbox 678 2825 859 2896; x_wconf 79' lang='lat' dir='ltr'>penetrarent]</span> <span class='ocrx_word' id='word_1_201' title='bbox 895 2825 951 2878; x_wconf 82' lang='lat' dir='ltr'>fore</span> <span class='ocrx_word' id='word_1_202' title='bbox 968 2833 999 2878; x_wconf 88' lang='lat' dir='ltr'>ut</span> <span class='ocrx_word' id='word_1_203' title='bbox 1016 2843 1078 2878; x_wconf 88' lang='lat' dir='ltr'>mox</span> <span class='ocrx_word' id='word_1_204' title='bbox 1096 2825 1176 2881; x_wconf 85' lang='lat' dir='ltr'>etiem</span> <span class='ocrx_word' id='word_1_205' title='bbox 1194 2844 1225 2880; x_wconf 89' lang='lat' dir='ltr'>co</span> <span class='ocrx_word' id='word_1_206' title='bbox 1257 2827 1311 2882; x_wconf 86' lang='lat' dir='ltr'>oris</span> <span class='ocrx_word' id='word_1_207' title='bbox 1329 2828 1403 2882; x_wconf 83' lang='lat' dir='ltr'>vires</span> <span class='ocrx_word' id='word_1_208' title='bbox 1415 2841 1498 2880; x_wconf 85' lang='lat' dir='ltr'>rerer·</span> <span class='ocrx_word' id='word_1_209' title='bbox 1575 2829 1576 2900; x_wconf 53' lang='grc' dir='ltr'>ζ</span> 
     </span>
     <span class='ocr_line' id='line_1_25' title="bbox 261 2889 1499 2967; baseline 0.003 -25"><span class='ocrx_word' id='word_1_210' title='bbox 261 2889 365 2944; x_wconf 87' lang='lat' dir='ltr'>Flor.ss</span> <span class='ocrx_word' id='word_1_211' title='bbox 383 2893 430 2946; x_wconf 85' lang='lat' dir='ltr'>scd</span> <span class='ocrx_word' id='word_1_212' title='bbox 447 2892 517 2946; x_wconf 91' lang='lat' dir='ltr'>solus</span> <span class='ocrx_word' id='word_1_213' title='bbox 529 2902 722 2963; x_wconf 79' lang='lat' dir='ltr'>penetrassent.</span> <span class='ocrx_word' id='word_1_214' title='bbox 748 2893 861 2947; x_wconf 90' lang='lat' dir='ltr'>Bothius</span> <span class='ocrx_word' id='word_1_215' title='bbox 896 2900 1023 2946; x_wconf 80' lang='lat' dir='ltr'>terantur.</span> <span class='ocrx_word' id='word_1_216' title='bbox 1042 2893 1129 2948; x_wconf 84' lang='lat' dir='ltr'>Affert</span> <span class='ocrx_word' id='word_1_217' title='bbox 1146 2893 1239 2951; x_wconf 85' lang='lat' dir='ltr'>Freins</span> <span class='ocrx_word' id='word_1_218' title='bbox 1259 2935 1265 2947; x_wconf 89' lang='lat'>.</span> <span class='ocrx_word' id='word_1_219' title='bbox 1282 2905 1438 2967; x_wconf 84' lang='lat' dir='ltr'>opportune</span> <span class='ocrx_word' id='word_1_220' title='bbox 1456 2891 1499 2946; x_wconf 80' lang='lat' dir='ltr'>se-</span> 
     </span>
     <span class='ocr_line' id='line_1_26' title="bbox 260 2960 1499 3032; baseline 0.003 -18"><span class='ocrx_word' id='word_1_221' title='bbox 260 2960 331 3030; x_wconf 89' lang='lat' dir='ltr'>quod</span> <span class='ocrx_word' id='word_1_222' title='bbox 349 2967 474 3032; x_wconf 86' lang='lat' dir='ltr'>sequetur</span> <span class='ocrx_word' id='word_1_223' title='bbox 483 2971 620 3016; x_wconf 84' lang='lat' dir='ltr'>transeant</span> <span class='ocrx_word' id='word_1_224' title='bbox 628 2961 793 3016; x_wconf 87' lang='lat' dir='ltr'>scribendum</span> <span class='ocrx_word' id='word_1_225' title='bbox 801 2979 862 3016; x_wconf 85' lang='lat' dir='ltr'>een·</span> <span class='ocrx_word' id='word_1_226' title='bbox 897 2977 976 3014; x_wconf 84' lang='lat' dir='ltr'>necne</span> <span class='ocrx_word' id='word_1_227' title='bbox 994 2960 1080 3014; x_wconf 84' lang='lat' dir='ltr'>locum</span> <span class='ocrx_word' id='word_1_228' title='bbox 1106 2969 1180 3032; x_wconf 78' lang='lat' dir='ltr'>apt</span> <span class='ocrx_word' id='word_1_229' title='bbox 1220 2965 1389 3025; x_wconf 77' lang='lat' dir='ltr'>Quibusdam</span> <span class='ocrx_word' id='word_1_230' title='bbox 1416 2960 1499 3032; x_wconf 58' lang='lat' dir='ltr'>esent</span> 
     </span>
     <span class='ocr_line' id='line_1_27' title="bbox 261 3029 1576 3102; baseline -0.002 -22"><span class='ocrx_word' id='word_1_231' title='bbox 261 3034 302 3080; x_wconf 85' lang='lat' dir='ltr'>set</span> <span class='ocrx_word' id='word_1_232' title='bbox 315 3033 489 3098; x_wconf 83' lang='lat' dir='ltr'>penetrarint.</span> <span class='ocrx_word' id='word_1_233' title='bbox 524 3029 588 3084; x_wconf 88' lang='lat' dir='ltr'>Non</span> <span class='ocrx_word' id='word_1_234' title='bbox 605 3049 670 3102; x_wconf 89' lang='lat' dir='ltr'>opus</span> <span class='ocrx_word' id='word_1_235' title='bbox 688 3037 737 3085; x_wconf 86' lang='lat' dir='ltr'>est.</span> <span class='ocrx_word' id='word_1_236' title='bbox 894 3031 1039 3100; x_wconf 71' lang='lat' dir='ltr'>protelatio</span> <span class='ocrx_word' id='word_1_237' title='bbox 1056 3031 1094 3096; x_wconf 82' lang='lat' dir='ltr'>fit</span> <span class='ocrx_word' id='word_1_238' title='bbox 1119 3047 1176 3084; x_wconf 89' lang='lat' dir='ltr'>cum</span> <span class='ocrx_word' id='word_1_239' title='bbox 1203 3049 1231 3083; x_wconf 88' lang='lat' dir='ltr'>se</span> <span class='ocrx_word' id='word_1_240' title='bbox 1255 3033 1309 3102; x_wconf 83' lang='lat' dir='ltr'>ipsi</span> <span class='ocrx_word' id='word_1_241' title='bbox 1333 3049 1430 3102; x_wconf 77' lang='lat' dir='ltr'>uepres</span> <span class='ocrx_word' id='word_1_242' title='bbox 1448 3041 1498 3082; x_wconf 81' lang='lat' dir='ltr'>esse</span> <span class='ocrx_word' id='word_1_243' title='bbox 1575 3043 1576 3072; x_wconf 82' lang='lat'>1</span> 
     </span>
     <span class='ocr_line' id='line_1_28' title="bbox 296 3097 1499 3176; baseline 0 -26"><span class='ocrx_word' id='word_1_244' title='bbox 296 3099 319 3162; x_wconf 70' lang='grc' dir='ltr'>ξ.</span> <span class='ocrx_word' id='word_1_245' title='bbox 338 3103 362 3150; x_wconf 90' lang='grc'>8.</span> <span class='ocrx_word' id='word_1_246' title='bbox 389 3109 412 3150; x_wconf 87' lang='lat' dir='ltr'>et</span> <span class='ocrx_word' id='word_1_247' title='bbox 430 3100 521 3152; x_wconf 83' lang='lat' dir='ltr'>abram</span> <span class='ocrx_word' id='word_1_248' title='bbox 541 3099 562 3176; x_wconf 80' lang='lat' dir='ltr'>s]</span> <span class='ocrx_word' id='word_1_249' title='bbox 588 3099 632 3152; x_wconf 85' lang='lat' dir='ltr'>Sic</span> <span class='ocrx_word' id='word_1_250' title='bbox 649 3117 709 3152; x_wconf 86' lang='lat' dir='ltr'>mss.</span> <span class='ocrx_word' id='word_1_251' title='bbox 727 3115 817 3152; x_wconf 85' lang='lat' dir='ltr'>omnes</span> <span class='ocrx_word' id='word_1_252' title='bbox 835 3106 863 3152; x_wconf 84' lang='lat' dir='ltr'>et</span> <span class='ocrx_word' id='word_1_253' title='bbox 896 3107 1040 3152; x_wconf 86' lang='lat' dir='ltr'>senserunt.</span> <span class='ocrx_word' id='word_1_254' title='bbox 1075 3097 1210 3167; x_wconf 79' lang='lat' dir='ltr'>Frequens</span> <span class='ocrx_word' id='word_1_255' title='bbox 1233 3115 1312 3168; x_wconf 89' lang='lat' dir='ltr'>perro</span> <span class='ocrx_word' id='word_1_256' title='bbox 1331 3099 1431 3154; x_wconf 85' lang='lat' dir='ltr'>Curtio</span> <span class='ocrx_word' id='word_1_257' title='bbox 1448 3109 1499 3150; x_wconf 76' lang='lat' dir='ltr'>esse</span> 
     </span>
     <span class='ocr_line' id='line_1_29' title="bbox 261 3163 1498 3247; baseline 0.002 -34"><span class='ocrx_word' id='word_1_258' title='bbox 261 3163 325 3241; x_wconf 76' lang='lat' dir='ltr'>edit.</span> <span class='ocrx_word' id='word_1_259' title='bbox 343 3164 471 3240; x_wconf 81' lang='lat' dir='ltr'>princeps.</span> <span class='ocrx_word' id='word_1_260' title='bbox 530 3172 606 3217; x_wconf 89' lang='lat' dir='ltr'>dmus</span> <span class='ocrx_word' id='word_1_261' title='bbox 623 3166 710 3219; x_wconf 87' lang='lat' dir='ltr'>editor</span> <span class='ocrx_word' id='word_1_262' title='bbox 721 3166 800 3244; x_wconf 42' lang='lat' dir='ltr'>&#39;dedit</span> <span class='ocrx_word' id='word_1_263' title='bbox 817 3185 862 3246; x_wconf 66' lang='lat' dir='ltr'>ar-</span> <span class='ocrx_word' id='word_1_264' title='bbox 897 3163 995 3218; x_wconf 86' lang='lat' dir='ltr'>indicet</span> <span class='ocrx_word' id='word_1_265' title='bbox 1012 3165 1146 3220; x_wconf 78' lang='lat' dir='ltr'>Acidaliae</span> <span class='ocrx_word' id='word_1_266' title='bbox 1165 3167 1200 3245; x_wconf 32' lang='lat' dir='ltr'>‘ob</span> <span class='ocrx_word' id='word_1_267' title='bbox 1218 3167 1261 3234; x_wconf 79' lang='lat' dir='ltr'>id,</span> <span class='ocrx_word' id='word_1_268' title='bbox 1288 3168 1321 3222; x_wconf 88' lang='lat' dir='ltr'>ef.</span> <span class='ocrx_word' id='word_1_269' title='bbox 1334 3183 1384 3247; x_wconf 61' lang='lat' dir='ltr'>av,</span> <span class='ocrx_word' id='word_1_270' title='bbox 1403 3175 1445 3224; x_wconf 76' lang='grc'>41.</span> <span class='ocrx_word' id='word_1_271' title='bbox 1462 3169 1498 3216; x_wconf 75' lang='lat'>52.</span> 
     </span>
     <span class='ocr_line' id='line_1_30' title="bbox 261 3230 1498 3382; baseline 0.004 -38"><span class='ocrx_word' id='word_1_272' title='bbox 261 3230 864 3371; x_wconf 65' lang='lat' dir='ltr'>sententemltmtlel</span> <span class='ocrx_word' id='word_1_273' title='bbox 897 3233 1498 3382; x_wconf 61' lang='lat' dir='ltr'>ttnssnnllesssrmlr</span> 
     </span>
     <span class='ocr_line' id='line_1_31' title="bbox 264 3359 1498 3440; baseline 0.01 -30"><span class='ocrx_word' id='word_1_274' title='bbox 264 3359 527 3437; x_wconf 66' lang='lat' dir='ltr'>eptaFremshemim</span> <span class='ocrx_word' id='word_1_275' title='bbox 545 3363 591 3432; x_wconf 91' lang='lat' dir='ltr'>qui</span> <span class='ocrx_word' id='word_1_276' title='bbox 608 3379 635 3416; x_wconf 90' lang='lat' dir='ltr'>se</span> <span class='ocrx_word' id='word_1_277' title='bbox 652 3381 706 3417; x_wconf 90' lang='lat' dir='ltr'>non</span> <span class='ocrx_word' id='word_1_278' title='bbox 714 3374 863 3434; x_wconf 86' lang='lat' dir='ltr'>spreturum</span> <span class='ocrx_word' id='word_1_279' title='bbox 933 3367 954 3432; x_wconf 82' lang='lat'>§-</span> <span class='ocrx_word' id='word_1_280' title='bbox 975 3373 1015 3420; x_wconf 91' lang='lat'>10.</span> <span class='ocrx_word' id='word_1_281' title='bbox 1046 3387 1127 3422; x_wconf 73' lang='lat' dir='ltr'>aalma</span> <span class='ocrx_word' id='word_1_282' title='bbox 1146 3378 1230 3422; x_wconf 83' lang='lat' dir='ltr'>autem</span> <span class='ocrx_word' id='word_1_283' title='bbox 1249 3373 1393 3440; x_wconf 63' lang='lat' dir='ltr'>aegritudo</span> <span class='ocrx_word' id='word_1_284' title='bbox 1412 3381 1498 3438; x_wconf 72' lang='lat' dir='ltr'>eorpus</span> 
     </span>
     <span class='ocr_line' id='line_1_32' title="bbox 263 3427 1497 3514; baseline 0.015 -36"><span class='ocrx_word' id='word_1_285' title='bbox 263 3433 301 3504; x_wconf 68' lang='lat' dir='ltr'>art</span> <span class='ocrx_word' id='word_1_286' title='bbox 314 3428 444 3498; x_wconf 74' lang='lat' dir='ltr'>abmmpi,</span> <span class='ocrx_word' id='word_1_287' title='bbox 465 3429 485 3482; x_wconf 88' lang='lat' dir='ltr'>si</span> <span class='ocrx_word' id='word_1_288' title='bbox 503 3427 610 3484; x_wconf 85' lang='lat' dir='ltr'>alieuius</span> <span class='ocrx_word' id='word_1_289' title='bbox 628 3429 688 3484; x_wconf 92' lang='lat' dir='ltr'>libri</span> <span class='ocrx_word' id='word_1_290' title='bbox 706 3432 863 3488; x_wconf 80' lang='lat' dir='ltr'>auctoritate</span> <span class='ocrx_word' id='word_1_291' title='bbox 897 3435 1017 3504; x_wconf 71' lang='lat' dir='ltr'>arcebat]</span> <span class='ocrx_word' id='word_1_292' title='bbox 1057 3435 1089 3488; x_wconf 90' lang='lat' dir='ltr'>In</span> <span class='ocrx_word' id='word_1_293' title='bbox 1115 3435 1290 3491; x_wconf 85' lang='lat' dir='ltr'>deterioribus</span> <span class='ocrx_word' id='word_1_294' title='bbox 1317 3441 1398 3494; x_wconf 79' lang='lat' dir='ltr'>codd</span> <span class='ocrx_word' id='word_1_295' title='bbox 1424 3447 1497 3514; x_wconf 64' lang='lat' dir='ltr'>etque</span> 
     </span>
     <span class='ocr_line' id='line_1_33' title="bbox 263 3488 1497 3576; baseline 0.011 -30"><span class='ocrx_word' id='word_1_296' title='bbox 263 3501 401 3548; x_wconf 76' lang='lat' dir='ltr'>niteretur.</span> <span class='ocrx_word' id='word_1_297' title='bbox 419 3495 526 3550; x_wconf 84' lang='lat' dir='ltr'>Scilicet</span> <span class='ocrx_word' id='word_1_298' title='bbox 538 3495 566 3550; x_wconf 91' lang='lat' dir='ltr'>id</span> <span class='ocrx_word' id='word_1_299' title='bbox 582 3514 689 3572; x_wconf 83' lang='lat' dir='ltr'>operam</span> <span class='ocrx_word' id='word_1_300' title='bbox 706 3500 815 3554; x_wconf 87' lang='lat' dir='ltr'>dederat</span> <span class='ocrx_word' id='word_1_301' title='bbox 831 3509 863 3554; x_wconf 87' lang='lat' dir='ltr'>ut</span> <span class='ocrx_word' id='word_1_302' title='bbox 896 3488 958 3554; x_wconf 88' lang='lat' dir='ltr'>inde</span> <span class='ocrx_word' id='word_1_303' title='bbox 980 3503 1065 3555; x_wconf 87' lang='lat' dir='ltr'>ductis</span> <span class='ocrx_word' id='word_1_304' title='bbox 1086 3503 1244 3558; x_wconf 84' lang='lat' dir='ltr'>editionibus</span> <span class='ocrx_word' id='word_1_305' title='bbox 1266 3516 1378 3576; x_wconf 79' lang='lat' dir='ltr'>praeter</span> <span class='ocrx_word' id='word_1_306' title='bbox 1400 3505 1497 3561; x_wconf 78' lang='lat' dir='ltr'>Modu-</span> 
     </span>
     <span class='ocr_line' id='line_1_34' title="bbox 264 3570 1498 3639; baseline 0.012 -28"><span class='ocrx_word' id='word_1_307' title='bbox 264 3570 409 3631; x_wconf 83' lang='lat' dir='ltr'>quaereret.</span> <span class='ocrx_word' id='word_1_308' title='bbox 896 3585 958 3620; x_wconf 88' lang='lat' dir='ltr'>nam</span> <span class='ocrx_word' id='word_1_309' title='bbox 980 3571 1115 3639; x_wconf 87' lang='lat' dir='ltr'>omnibus,</span> <span class='ocrx_word' id='word_1_310' title='bbox 1142 3572 1274 3628; x_wconf 84' lang='lat' dir='ltr'>sententis</span> <span class='ocrx_word' id='word_1_311' title='bbox 1296 3575 1498 3632; x_wconf 63' lang='lat' dir='ltr'>conmanentes</span> 
     </span>
     <span class='ocr_line' id='line_1_35' title="bbox 282 3627 1497 3710; baseline 0.016 -30"><span class='ocrx_word' id='word_1_312' title='bbox 282 3627 863 3708; x_wconf 77' lang='lat' dir='ltr'>Cap13‚§.9.allevabotqnereaocalos]Snak.</span> <span class='ocrx_word' id='word_1_313' title='bbox 897 3643 987 3692; x_wconf 85' lang='lat' dir='ltr'>tumen</span> <span class='ocrx_word' id='word_1_314' title='bbox 1003 3637 1159 3706; x_wconf 75' lang='lat' dir='ltr'>damnanda,</span> <span class='ocrx_word' id='word_1_315' title='bbox 1179 3640 1306 3710; x_wconf 88' lang='lat' dir='ltr'>seriptum</span> <span class='ocrx_word' id='word_1_316' title='bbox 1325 3652 1368 3698; x_wconf 86' lang='lat' dir='ltr'>est</span> <span class='ocrx_word' id='word_1_317' title='bbox 1388 3644 1497 3698; x_wconf 73' lang='lat' dir='ltr'>annua</span> 
     </span>
     <span class='ocr_line' id='line_1_36' title="bbox 264 3694 1497 3780; baseline 0.012 -32"><span class='ocrx_word' id='word_1_318' title='bbox 264 3694 383 3748; x_wconf 78' lang='lat' dir='ltr'>Freinsb.</span> <span class='ocrx_word' id='word_1_319' title='bbox 396 3705 429 3777; x_wconf 34' lang='lat' dir='ltr'>‘et</span> <span class='ocrx_word' id='word_1_320' title='bbox 446 3705 519 3752; x_wconf 88' lang='lat' dir='ltr'>retro</span> <span class='ocrx_word' id='word_1_321' title='bbox 535 3716 617 3770; x_wconf 87' lang='lat' dir='ltr'>usque</span> <span class='ocrx_word' id='word_1_322' title='bbox 634 3702 800 3758; x_wconf 84' lang='lat' dir='ltr'>adAldinsm</span> <span class='ocrx_word' id='word_1_323' title='bbox 814 3708 862 3759; x_wconf 87' lang='lat' dir='ltr'>od·</span> <span class='ocrx_word' id='word_1_324' title='bbox 898 3713 982 3756; x_wconf 86' lang='lat' dir='ltr'>autem</span> <span class='ocrx_word' id='word_1_325' title='bbox 1001 3707 1136 3774; x_wconf 76' lang='lat' dir='ltr'>aspritudo</span> <span class='ocrx_word' id='word_1_326' title='bbox 1154 3711 1271 3778; x_wconf 85' lang='lat' dir='ltr'>corporis</span> <span class='ocrx_word' id='word_1_327' title='bbox 1289 3713 1411 3780; x_wconf 67' lang='lat' dir='ltr'>serpebat.</span> <span class='ocrx_word' id='word_1_328' title='bbox 1448 3703 1497 3762; x_wconf 82' lang='lat' dir='ltr'>Sed</span> 
     </span>
     <span class='ocr_line' id='line_1_37' title="bbox 264 3764 1496 3846; baseline 0.018 -32"><span class='ocrx_word' id='word_1_329' title='bbox 264 3764 365 3841; x_wconf 68' lang='lat' dir='ltr'>terrebat</span> <span class='ocrx_word' id='word_1_330' title='bbox 382 3783 436 3818; x_wconf 79' lang='lat' dir='ltr'>sive</span> <span class='ocrx_word' id='word_1_331' title='bbox 453 3767 583 3821; x_wconf 78' lang='lat' dir='ltr'>allevabat</span> <span class='ocrx_word' id='word_1_332' title='bbox 600 3768 655 3823; x_wconf 89' lang='lat' dir='ltr'>sine</span> <span class='ocrx_word' id='word_1_333' title='bbox 673 3771 863 3826; x_wconf 86' lang='lat' dir='ltr'>coniunctione.</span> <span class='ocrx_word' id='word_1_334' title='bbox 916 3780 1081 3842; x_wconf 72' lang='lat' dir='ltr'>rseterquam</span> <span class='ocrx_word' id='word_1_335' title='bbox 1091 3775 1330 3846; x_wconf 87' lang='lat' dir='ltr'>quodoptimorurn</span> <span class='ocrx_word' id='word_1_336' title='bbox 1340 3775 1496 3836; x_wconf 59' lang='lat' dir='ltr'>coddlaeide</span> 
     </span>
     <span class='ocr_line' id='line_1_38' title="bbox 263 3789 1497 3919; baseline 0.019 -37"><span class='ocrx_word' id='word_1_337' title='bbox 263 3829 354 3882; x_wconf 81' lang='lat' dir='ltr'>Edmo</span> <span class='ocrx_word' id='word_1_338' title='bbox 372 3850 410 3902; x_wconf 89' lang='lat' dir='ltr'>pr.</span> <span class='ocrx_word' id='word_1_339' title='bbox 429 3841 457 3887; x_wconf 89' lang='lat' dir='ltr'>et</span> <span class='ocrx_word' id='word_1_340' title='bbox 466 3834 591 3914; x_wconf 71' lang='lat' dir='ltr'>Modiana</span> <span class='ocrx_word' id='word_1_341' title='bbox 599 3845 636 3916; x_wconf 39' lang='lat' dir='ltr'>&#39;et</span> <span class='ocrx_word' id='word_1_342' title='bbox 653 3839 727 3892; x_wconf 87' lang='lat' dir='ltr'>codd.</span> <span class='ocrx_word' id='word_1_343' title='bbox 745 3839 862 3919; x_wconf 87' lang='lat' dir='ltr'>plerique</span> <span class='ocrx_word' id='word_1_344' title='bbox 896 3789 977 3916; x_wconf 54' lang='lat' dir='ltr'>geru.</span> <span class='ocrx_word' id='word_1_345' title='bbox 994 3840 1020 3895; x_wconf 87' lang='lat' dir='ltr'>A</span> <span class='ocrx_word' id='word_1_346' title='bbox 1038 3839 1149 3896; x_wconf 67' lang='lat' dir='ltr'>Fronte</span> <span class='ocrx_word' id='word_1_347' title='bbox 1172 3841 1290 3914; x_wconf 86' lang='lat' dir='ltr'>itemque</span> <span class='ocrx_word' id='word_1_348' title='bbox 1307 3845 1335 3902; x_wconf 90' lang='lat' dir='ltr'>G</span> <span class='ocrx_word' id='word_1_349' title='bbox 1357 3845 1497 3903; x_wconf 69' lang='lat' dir='ltr'>sustentas</span> 
     </span>
     <span class='ocr_line' id='line_1_39' title="bbox 265 3897 1497 3982; baseline 0.018 -34"><span class='ocrx_word' id='word_1_350' title='bbox 265 3897 443 3969; x_wconf 77' lang='lat' dir='ltr'>alteruterque</span> <span class='ocrx_word' id='word_1_351' title='bbox 470 3909 562 3972; x_wconf 80' lang='lat' dir='ltr'>optrmr</span> <span class='ocrx_word' id='word_1_352' title='bbox 580 3904 730 3959; x_wconf 78' lang='lat' dir='ltr'>ducordant</span> <span class='ocrx_word' id='word_1_353' title='bbox 747 3915 816 3960; x_wconf 87' lang='lat' dir='ltr'>mter</span> <span class='ocrx_word' id='word_1_354' title='bbox 825 3925 861 3974; x_wconf 84' lang='lat' dir='ltr'>se,</span> <span class='ocrx_word' id='word_1_355' title='bbox 896 3905 957 3959; x_wconf 87' lang='lat' dir='ltr'>hurc</span> <span class='ocrx_word' id='word_1_356' title='bbox 975 3907 1119 3977; x_wconf 77' lang='lat' dir='ltr'>scripturae</span> <span class='ocrx_word' id='word_1_357' title='bbox 1136 3909 1292 3966; x_wconf 81' lang='lat' dir='ltr'>adversatur</span> <span class='ocrx_word' id='word_1_358' title='bbox 1320 3931 1355 3969; x_wconf 90' lang='lat' dir='ltr'>ne</span> <span class='ocrx_word' id='word_1_359' title='bbox 1374 3909 1497 3982; x_wconf 78' lang='lat' dir='ltr'>ususqui·</span> 
     </span>
     <span class='ocr_line' id='line_1_40' title="bbox 265 3941 1495 4055; baseline 0.024 -39"><span class='ocrx_word' id='word_1_360' title='bbox 265 3981 314 4032; x_wconf 81' lang='lat' dir='ltr'>quc</span> <span class='ocrx_word' id='word_1_361' title='bbox 331 3965 411 4020; x_wconf 86' lang='lat' dir='ltr'>habet</span> <span class='ocrx_word' id='word_1_362' title='bbox 427 3941 549 4049; x_wconf 45' lang='lat' dir='ltr'>llor.·B‚</span> <span class='ocrx_word' id='word_1_363' title='bbox 567 3971 667 4026; x_wconf 88' lang='lat' dir='ltr'>omittit</span> <span class='ocrx_word' id='word_1_364' title='bbox 683 3973 763 4053; x_wconf 79' lang='lat' dir='ltr'>Bern.</span> <span class='ocrx_word' id='word_1_365' title='bbox 781 3977 861 4054; x_wconf 55' lang='lat' dir='ltr'>Aflt·</span> <span class='ocrx_word' id='word_1_366' title='bbox 897 3973 958 4026; x_wconf 87' lang='lat' dir='ltr'>dem</span> <span class='ocrx_word' id='word_1_367' title='bbox 974 3976 1099 4055; x_wconf 86' lang='lat' dir='ltr'>sermonis</span> <span class='ocrx_word' id='word_1_368' title='bbox 1116 3977 1205 4032; x_wconf 85' lang='lat' dir='ltr'>Latini</span> <span class='ocrx_word' id='word_1_369' title='bbox 1228 3953 1368 4052; x_wconf 59' lang='lat' dir='ltr'>pati&#39;eam</span> <span class='ocrx_word' id='word_1_370' title='bbox 1388 3983 1495 4044; x_wconf 66' lang='lat' dir='ltr'>videtur,</span> 
     </span>
     <span class='ocr_line' id='line_1_41' title="bbox 265 4039 1496 4158; baseline 0.022 -76"><span class='ocrx_word' id='word_1_371' title='bbox 265 4039 296 4152; x_wconf 61' lang='lat' dir='ltr'>gt</span> <span class='ocrx_word' id='word_1_372' title='bbox 339 4053 360 4151; x_wconf 76' lang='lat' dir='ltr'>er</span> <span class='ocrx_word' id='word_1_373' title='bbox 373 4042 418 4153; x_wconf 63' lang='lat' dir='ltr'>kpst</span> <span class='ocrx_word' id='word_1_374' title='bbox 435 4046 714 4158; x_wconf 43' lang='lat' dir='ltr'>enrsltpemfvpropter</span> <span class='ocrx_word' id='word_1_375' title='bbox 730 4041 863 4096; x_wconf 78' lang='lat' dir='ltr'>silentium</span> <span class='ocrx_word' id='word_1_376' title='bbox 897 4041 1107 4124; x_wconf 78' lang='lat' dir='ltr'>quandoquidem</span> <span class='ocrx_word' id='word_1_377' title='bbox 1145 4049 1344 4131; x_wconf 44' lang='lat' dir='ltr'>aspritudinem·</span> <span class='ocrx_word' id='word_1_378' title='bbox 1384 4071 1415 4107; x_wconf 88' lang='lat' dir='ltr'>co</span> <span class='ocrx_word' id='word_1_379' title='bbox 1475 4047 1496 4124; x_wconf 68' lang='lat'>{⁸</span> 
     </span>
     <span class='ocr_line' id='line_1_42' title="bbox 299 4111 1496 4254; baseline 0.013 -34"><span class='ocrx_word' id='word_1_380' title='bbox 299 4167 329 4246; x_wconf 69' lang='lat' dir='ltr'>ob</span> <span class='ocrx_word' id='word_1_381' title='bbox 347 4119 499 4252; x_wconf 53' lang='grc' dir='ltr'>ΙιῃοςῌέξῗιῖηιΙ</span> <span class='ocrx_word' id='word_1_382' title='bbox 519 4114 811 4252; x_wconf 59' lang='lat' dir='ltr'>ddiditol&#39;sreinsbcmius</span> <span class='ocrx_word' id='word_1_383' title='bbox 829 4178 862 4230; x_wconf 90' lang='lat' dir='ltr'>de</span> <span class='ocrx_word' id='word_1_384' title='bbox 896 4111 1496 4254; x_wconf 45' lang='lat' dir='ltr'>gffiuptppillpprrgpppesnpmpmbpppffigmmatd</span> 
     </span>
     <span class='ocr_line' id='line_1_43' title="bbox 264 4242 1496 4328; baseline 0.016 -42"><span class='ocrx_word' id='word_1_385' title='bbox 264 4242 414 4313; x_wconf 77' lang='lat' dir='ltr'>coniectum</span> <span class='ocrx_word' id='word_1_386' title='bbox 430 4255 517 4318; x_wconf 71' lang='lat' dir='ltr'>nescio</span> <span class='ocrx_word' id='word_1_387' title='bbox 534 4257 605 4294; x_wconf 80' lang='lat' dir='ltr'>eurus</span> <span class='ocrx_word' id='word_1_388' title='bbox 619 4242 860 4325; x_wconf 41' lang='lat' dir='ltr'>&#39;seddudumnota</span> <span class='ocrx_word' id='word_1_389' title='bbox 896 4263 991 4318; x_wconf 87' lang='lat' dir='ltr'>corpus</span> <span class='ocrx_word' id='word_1_390' title='bbox 1002 4247 1224 4328; x_wconf 68' lang='lat' dir='ltr'>aegrotationem.</span> <span class='ocrx_word' id='word_1_391' title='bbox 1281 4255 1347 4309; x_wconf 86' lang='lat' dir='ltr'>erba</span> <span class='ocrx_word' id='word_1_392' title='bbox 1362 4257 1431 4312; x_wconf 83' lang='lat' dir='ltr'>haee</span> <span class='ocrx_word' id='word_1_393' title='bbox 1446 4253 1496 4306; x_wconf 76' lang='lat' dir='ltr'>fere</span> 
     </span>
     <span class='ocr_line' id='line_1_44' title="bbox 264 4303 1494 4464; baseline 0.015 -40"><span class='ocrx_word' id='word_1_394' title='bbox 264 4303 562 4428; x_wconf 48' lang='lat' dir='ltr'>ggqroggffiffi</span> <span class='ocrx_word' id='word_1_395' title='bbox 576 4307 861 4442; x_wconf 46' lang='lat' dir='ltr'>lbtffinlsmeimilill</span> <span class='ocrx_word' id='word_1_396' title='bbox 896 4321 959 4433; x_wconf 59' lang='grc' dir='ltr'>Ἢ</span> <span class='ocrx_word' id='word_1_397' title='bbox 977 4313 1346 4464; x_wconf 53' lang='grc' dir='ltr'>ἓέἳῗαῖ“ἳῶῗ]Τῗ3ἲὲὸῗξ</span> <span class='ocrx_word' id='word_1_398' title='bbox 1365 4333 1494 4448; x_wconf 54' lang='lat' dir='ltr'>been</span> 
     </span>
    </p>
   </div>
   <div class='ocr_carea' id='block_1_5' title="bbox 266 4439 1494 4529">
    <p class='ocr_par' dir='ltr' id='par_1_6' title="bbox 266 4439 1494 4529">
     <span class='ocr_line' id='line_1_45' title="bbox 266 4439 1494 4529; baseline 0.015 -35"><span class='ocrx_word' id='word_1_399' title='bbox 266 4439 344 4494; x_wconf 73' lang='lat' dir='ltr'>Cael</span> <span class='ocrx_word' id='word_1_400' title='bbox 360 4443 434 4510; x_wconf 84' lang='lat' dir='ltr'>laec)</span> <span class='ocrx_word' id='word_1_401' title='bbox 453 4445 544 4496; x_wconf 84' lang='lat' dir='ltr'>solum.</span> <span class='ocrx_word' id='word_1_402' title='bbox 561 4442 636 4498; x_wconf 82' lang='lat' dir='ltr'>Nihil</span> <span class='ocrx_word' id='word_1_403' title='bbox 653 4444 698 4498; x_wconf 88' lang='lat' dir='ltr'>ills</span> <span class='ocrx_word' id='word_1_404' title='bbox 715 4445 864 4502; x_wconf 78' lang='lat' dir='ltr'>coniectum</span> <span class='ocrx_word' id='word_1_405' title='bbox 897 4449 968 4521; x_wconf 89' lang='lat' dir='ltr'>quod</span> <span class='ocrx_word' id='word_1_406' title='bbox 986 4448 1115 4520; x_wconf 79' lang='lat' dir='ltr'>alioquin,</span> <span class='ocrx_word' id='word_1_407' title='bbox 1142 4469 1164 4506; x_wconf 78' lang='lat' dir='ltr'>st</span> <span class='ocrx_word' id='word_1_408' title='bbox 1186 4455 1261 4508; x_wconf 88' lang='lat' dir='ltr'>codd.</span> <span class='ocrx_word' id='word_1_409' title='bbox 1279 4455 1421 4529; x_wconf 85' lang='lat' dir='ltr'>iuberent,</span> <span class='ocrx_word' id='word_1_410' title='bbox 1446 4472 1494 4512; x_wconf 84' lang='lat' dir='ltr'>nou</span> 
     </span>
    </p>
   </div>
   <div class='ocr_carea' id='block_1_6' title="bbox 0 0 1612 5288">
    <p class='ocr_par' dir='ltr' id='par_1_7' title="bbox 0 0 1612 5288">
     <span class='ocr_line' id='line_1_46' title="bbox 0 0 1612 5288; baseline 0 0"><span class='ocrx_word' id='word_1_411' title='bbox 0 0 1612 5288; x_wconf 95' lang='lat' dir='ltr'> </span> 
     </span>
    </p>
   </div>
  </div>
 </body>
</html>
