3270 5290
209 351 280 421 172
683 371 717 432 o.
745 368 869 422 curru
894 368 979 421 aun

208 558 342 646 sanant,
370 553 417 628 ad
443 555 608 628 ultimum
634 554 764 654 (honos
791 553 937 627 auribus
963 553 1107 628 habitus
1135 550 1196 653 sit)
1228 552 1300 626 ima
1326 577 1450 652 corpo·

207 693 287 740 rum
320 668 524 741 velamenta
554 666 754 766 proiiciunt.
816 663 891 739 Nec
924 667 1151 741 meretricum
1184 667 1253 739 hoc
1291 662 1449 738 dedecus

208 791 282 871 est,
309 779 374 852 sed
400 789 646 852 matroneum]
671 777 937 876 virginumque,
973 776 1070 875 apud
1096 803 1185 875 quas
1212 776 1360 850 comitas
1386 776 1448 848 ha

208 891 314 964 betur
339 890 477 988 vulgati
503 890 661 988 corporis
689 889 817 962 vilitas.
870 888 968 962 Inter
992 889 1081 962 haec
1107 888 1242 988 flagitia
1268 888 1499 962 exercitasse

206 1004 265 1077 ille
300 1001 457 1076 domitor
481 1000 591 1075 Asiae
625 1026 690 1100 per
716 1001 837 1074 xxxiv
869 1001 945 1075 dies
979 1001 1180 1100 saginatae,
1212 999 1260 1072 ad
1286 1012 1447 1096 eaquae

208 1116 450 1213 sequebantur
475 1113 679 1187 discrimina
703 1112 802 1186 haud
828 1111 936 1186 dubie
962 1111 1112 1187 debilior
1137 1112 1280 1185 iuturus
1305 1111 1389 1204 suit,
1416 1111 1447 1184 si

207 1229 348 1301 hostem
374 1227 569 1300 habuisset.

310 1335 496 1428 Ceterum,
532 1337 746 1433 quominus
774 1335 945 1410 damnum
972 1336 1138 1428 sentiret,
1174 1334 1370 1408 identidem
1394 1335 1446 1407 iu·

207 1460 388 1524 cremento
422 1448 675 1522 renovabatur.
735 1445 899 1546 Namque
931 1447 1110 1548 Amyntas
1145 1446 1367 1522 Andromeni
1399 1446 1445 1519 ab
1465 1465 1499 1514 so

207 1562 400 1660 Antipatro
426 1557 665 1634 Macedonum
690 1559 852 1659 peditum
879 1584 945 1632 sex
970 1558 1067 1632 milia
1093 1557 1261 1650 adduxit,
1292 1581 1318 1632 n
1344 1585 1445 1659 prae·

206 1685 305 1746 terea
331 1672 491 1746 eiusdem
516 1673 657 1770 generis
684 1673 837 1770 equites:
863 1696 944 1744 oum
969 1671 1025 1744 his
1051 1693 1101 1746 nc
1128 1669 1296 1762 Thracas,
1322 1671 1445 1744 adiun·
1463 1690 1496 1737 ιι

207 1785 273 1857 ctis
309 1782 489 1881 peditibus
523 1809 609 1858 suae
643 1785 760 1884 gentis
791 1806 834 1856 111
866 1783 1009 1856 milibus
1045 1783 1257 1882 quingentis.
1315 1781 1364 1856 Et
1399 1809 1445 1856 ex

205 1896 455 1996 Peloponneso
482 1898 721 1971 mercenarius
747 1896 848 1970 miles
875 1893 922 1968 ad
941 1915 982 1967 ιν
1007 1895 1103 1968 milia
1129 1894 1337 1986 advenerat,
1364 1920 1447 1969 cum

207 2029 382 2081 ccccxxx
409 2008 597 2105 equitibus.
636 2008 736 2083 Idem
762 2007 941 2107 Amyntas
969 2005 1172 2090 adduxerat
1196 2029 1220 2078 L
1244 2007 1445 2106 principum
1463 2027 1497 2076 sa

206 2119 436 2195 Macedoniae
470 2121 601 2194 liberos
629 2120 771 2194 adultos
798 2119 846 2193 ad
871 2117 1071 2192 custodiam
1097 2118 1273 2216 corporis:
1294 2119 1445 2218 ,quippe

206 2233 300 2306 inter
325 2233 449 2330 epulas
474 2231 512 2303 hi
538 2243 623 2305 sunt
648 2233 742 2331 regis
767 2231 928 2323 ministri,
955 2229 1131 2328 iidemque
1158 2255 1268 2328 equos
1295 2231 1444 2304 ineunti·

208 2345 275 2416 bus
301 2344 476 2441 proelium
503 2343 715 2435 admovent,
750 2353 995 2440 venantesque
1029 2343 1259 2433 comitantur,
1295 2353 1332 2416 et
1357 2343 1445 2442 vigi·

239 2567 264 2629 s.
282 2567 325 2618 38.
349 2565 430 2618 bonos
448 2563 557 2616 cambus
575 2563 679 2616 habitus
697 2563 743 2633 sit]
763 2560 808 2616 Sic
842 2567 919 2616 vetus
935 2561 1060 2615 mendum
1077 2561 1223 2628 insederat,
1250 2569 1281 2616 ut
1298 2561 1332 2633 ‚in
1353 2561 1445 2616 iisdem

204 2631 264 2686 libri
282 2650 341 2685 mss.
360 2631 409 2685 uisi
452 2631 504 2685 uod
522 2649 587 2686 onus
605 2631 679 2685 Leid.
697 2631 773 2685 Voss.
794 2639 804 2682 l
843 2629 974 2684 codicibus
996 2629 1076 2684 etiam
1099 2649 1162 2702 quos
1188 2629 1243 2684 sine
1265 2631 1385 2686 umente
1402 2631 1444 2702 ‚lc-

203 2700 275 2755 Flor.
294 2702 318 2754 A
337 2648 461 2754 Bern.A
489 2700 528 2766 (iu
554 2708 647 2768 textu,
675 2699 807 2780 inomarg.
843 2699 931 2753 ctione
949 2707 1025 2753 osset.

203 2771 305 2838 hortos).
340 2769 394 2824 Sed
410 2769 478 2822 msle
495 2769 601 2824 Medius
618 2770 808 2824 receutrorrbus
877 2771 900 2837 ᾖ.
919 2775 961 2824 89.
997 2771 1153 2823 inmerente
1170 2770 1355 2841 renovabatur]
1383 2769 1446 2823 Ple·

203 2839 348 2893 editoribus
374 2837 505 2910 persuasit
526 2839 692 2893 utbreviter
708 2837 808 2890 vellent
841 2837 918 2908 rique
944 2839 1018 2892 codd.
1042 2838 1166 2891 mendose
1189 2837 1268 2909 paulo
1285 2845 1348 2891 anta
1365 2839 1445 2892 senti-

204 2907 317 2962 scribere
334 2910 420 2988 bonos·
431 2908 541 2961 cambas
558 2910 607 2975 sit,
620 2908 662 2989 ‘in
684 2925 736 2978 quc
753 2924 808 2960 ma-
842 2915 907 2986 ζθιιι,
926 2907 1096 2987 quamobrem
1113 2906 1228 2987 editores
1246 2906 1367 2976 antiqui,
1385 2925 1446 2961 cum

203 2976 805 3116 sansanctissimae
839 2973 1446 3125 damnassemus

203 3114 261 3168 Nec
278 3115 324 3168 ills
332 3116 473 3168 decurtata
484 3113 608 3184 loquendi
616 3115 685 3169 ratio
693 3131 805 3174 usquam
838 3113 897 3166 dem
906 3121 968 3167 mstr
982 3112 1102 3167 meliores
1113 3114 1293 3178 renovatorum
1303 3113 1447 3167 deteriores

111 3229 115 3236 .
203 3183 348 3249 iuvenitur,
374 3200 432 3236 cum
450 3182 485 3235 sit
502 3184 572 3252 apud
589 3183 715 3237 Senecam
734 3181 805 3236 Con·
838 3184 997 3236 necabatur:
1014 3181 1080 3235 illud
1097 3181 1202 3251 elegans
1220 3189 1270 3248 cst,
1289 3181 1339 3235 hoo
1352 3180 1445 3236 abusu

204 3259 271 3304 tror.
289 3265 315 3317 1,
344 3258 405 3320 2p.
425 3257 457 3304 95
476 3251 607 3303 Honorem
624 3253 738 3305 habitum
756 3268 805 3303 au·
838 3267 931 3321 prosse
949 3250 1076 3305 orationis
1093 3248 1215 3303 alienum
1244 3248 1336 3303 Livius
1353 3257 1444 3303 tamen

203 3321 276 3371 ribus
302 3320 483 3386 maiestatique
500 3319 575 3371 velim
592 3329 710 3384 cestrae,
737 3319 807 3387 qnod
838 3333 925 3386 xm,
951 3326 982 3374 19
1006 3336 1100 3388 magno
1119 3321 1235 3388 datoque
1253 3319 1341 3372 animo
1359 3321 1444 3373 disse·

202 3403 307 3440 necesse
324 3395 362 3438 est
379 3388 407 3438 in
429 3389 478 3439 hac
503 3403 584 3440 cansa
607 3389 741 3466 nominare
765 3388 805 3438 la·
839 3390 907 3468 ruit,
932 3397 960 3440 ut
985 3391 1106 3440 ardorem
1130 3405 1200 3454 enm,
1228 3389 1274 3456 qai
1299 3389 1443 3456 resederat,

197 3453 805 3602 dlldlssrllr'blelmpddllncleddisllldhlostlitnhtddde
839 3465 963 3592 eoeglulrtll
976 3467 1305 3596 ἵηςκαςᾝᾱὶῑιιιιᾳεὲἧ
1325 3523 1443 3578 Genitivi

203 3591 377 3644 sanctissimis
401 3591 518 3644 nuribus.
563 3589 605 3645 Cf.
631 3591 748 3644 Bussoa
771 3592 804 3644 dc
838 3592 907 3646 hanc
923 3592 1061 3663 antiquam
1078 3593 1188 3646 formam
1206 3593 1330 3648 Ciceroni
1353 3593 1443 3664 impri-

204 3658 322 3712 t'ormulis
340 3659 384 3714 lib.
405 3673 467 3726 vm,
487 3665 529 3726 56,
547 3677 706 3731 quamquam
723 3659 745 3714 is
756 3659 804 3714 Se·
837 3661 886 3715 mis
903 3661 1027 3715 usitatam
1044 3661 1153 3732 agnovit
1170 3662 1192 3715 l.
1209 3661 1240 3715 F.
1258 3659 1445 3735 Gronoviusiu

203 3743 285 3781 nacae
312 3727 398 3782 locum
426 3729 550 3783 mendose
581 3728 691 3800 scripsit.
737 3729 804 3782 Mox
839 3729 992 3784 Observatt.
1006 3737 1035 3784 et
1052 3731 1123 3801 apud
1137 3729 1375 3802 snakenburgium
1393 3747 1444 3798 ego

203 3813 257 3849 nno
281 3814 295 3849 c
345 3837 351 3850 .
373 3795 514 3852 commento
538 3797 598 3852 libri
619 3797 681 3852 msti
704 3813 802 3866 omncs,
840 3798 959 3853 codicum
976 3815 1131 3853 consensum
1147 3807 1254 3852 secutus
1267 3799 1379 3853 restitui.
1397 3797 1444 3854 Sic

203 3871 311 3934 praeter
351 3864 566 3921 lor.GBem.B
586 3867 710 3938 quicum
727 3867 805 3920 editis
839 3867 1017 3922 lib.vnextr.
1025 3869 1148 3921 Arimazi
1161 3869 1298 3937 superbias
1316 3869 1443 3938 isy‘snsm.

203 3933 396 4004 exemplaribus
412 3935 512 3990 habent
530 3937 594 4004 ima,
620 3937 691 4006 quod
713 3934 805 3988 melius
839 3937 916 3991 Unus
932 3937 1010 3990 Voss.
1028 3943 1043 3991 2
1067 3935 1183 3990 traditur
1201 3937 1379 3990 Andromonis
1396 3937 1443 3990 ba·

204 4001 327 4056 convenit
344 4003 378 4055 sd
395 4021 495 4056 somma
513 4006 627 4058 amicula
646 4021 714 4076 quae
726 4019 806 4086 prse-
839 4005 919 4072 bere,
946 4005 1035 4059 nescio
1054 4022 1132 4076 quam
1149 4020 1226 4071 vere,
1248 4021 1310 4058 nam
1326 4004 1398 4059 llos.
1417 4005 1444 4059 H

205 4078 347 4124 cesserunt
377 4071 445 4126 Silet
463 4071 543 4126 saar
562 4073 595 4126 de
612 4073 756 4138 Vossiams,
774 4081 806 4125 ut
839 4073 955 4128 ch.B
991 4073 1017 4128 ui
1035 4075 1089 4128 sere
1107 4089 1168 4126 cum
1185 4072 1231 4128 illo
1248 4073 1316 4127 libro
1333 4091 1443 4128 consen-

204 4139 284 4193 etiarn
301 4139 329 4192 in
346 4139 386 4192 his
402 4140 588 4194 videaturesse
598 4144 651 4196 imo
661 4141 805 4194 inventurn.
840 4142 911 4196 tiunt
928 4092 1093 4196 Andromeni
1110 4141 1244 4195 exhibent.

238 4218 416 4261 matronarum
438 4211 567 4279 oirqinnm
586 4212 626 4279 ue]
668 4211 806 4279 Viryinam
874 4214 898 4280 5.
916 4219 957 4266 41.
991 4227 1028 4264 111
1044 4211 1149 4264 milibus
1167 4211 1327 4282 quingentis]
1354 4211 1443 4280 Vulgo

203 4277 560 4357 cxernendatiqnccsspnris
569 4227 673 4331 barthii
684 4279 805 4357 (Adyers.
840 4290 864 4332 et
882 4283 1043 4360 petracensis,
1067 4279 1113 4332 scd
1135 4289 1158 4332 ct
1181 4279 1257 4332 abest
1274 4296 1290 4332 a
1307 4278 1442 4333 codicibus

204 4351 251 4413 52,
272 4347 317 4414 16)
340 4344 468 4415 legimus,
486 4346 636 4412 verissima,
654 4354 686 4399 ut
703 4364 805 4416 opinor,
839 4364 904 4401 mars
921 4348 1049 4403 omuibus.

204 4421 233 4466 et
269 4431 357 4468 rorsus
383 4412 545 4483 indubitata,
571 4415 689 4487 quamvis
715 4432 805 4470 omnes
875 4419 898 4485 ξ.
924 4424 966 4471 42.
1010 4415 1158 4470 ineuntibus
1189 4445 1226 4460 -
1257 4418 1441 4489 remotaque]

204 4500 218 4536 c
254 4483 280 4536 d.
299 4484 412 4537 viromsm
429 4484 579 4539 exhibeant.
607 4484 662 4538 Sed
679 4491 734 4538 tam
752 4483 806 4538 alte
839 4484 903 4540 Non
920 4485 999 4540 debui
1016 4486 1085 4538 hanc
1101 4483 1315 4556 praetermittere
1323 4484 1444 4540 wdimm
