3270 5290
564 392 614 442 nn
641 391 768 444 enarre
794 391 903 442 anax.
930 389 981 456 iu,
1007 383 1032 432 t.
1344 365 1417 436 233

182 575 276 673 oepit
293 574 331 647 in
350 574 535 649 cohortem
553 577 758 666 amicorum,
786 575 882 650 omni
902 580 1067 648 veteratae
1089 569 1261 643 claritatis
1283 568 1418 643 honore

181 697 336 760 servato.

128 818 161 866 12
282 797 426 872 Hincin
439 795 656 873 Parthienen
681 809 895 898 perventum
922 805 987 887 est,
1005 805 1092 868 tunc
1117 791 1310 891 ignobilem
1336 816 1420 890 gen·
1449 792 1469 864 6

180 919 253 984 tem
260 965 269 1000 ,
304 935 400 983 nunc
434 919 543 1009 caput
575 911 748 1001 omnium,
784 910 844 1007 qui
878 920 961 1008 post
986 906 1196 1006 Euphraten
1223 912 1260 976 et
1286 901 1420 1000 Tigrim

127 1043 160 1090 ra
181 1046 302 1096 amnes
330 1022 397 1112 siti,
424 1023 533 1096 rubro
559 1025 650 1110 mari
676 1023 922 1096 terminantur.
963 1015 1120 1119 Scythae
1133 1016 1315 1114 regionem
1328 1040 1420 1088 earn·

179 1143 336 1231 pestrem
366 1157 409 1206 ac
444 1133 596 1208 fertilem
631 1143 913 1233 occupaverunt,
948 1155 1077 1230 graves
1119 1127 1235 1202 adhuc
1268 1127 1419 1200 accolae.

180 1243 291 1318 Sedes
317 1246 452 1320 habent
481 1257 519 1320 et
543 1247 581 1319 in
607 1245 767 1344 Europa,
795 1256 833 1318 et
858 1245 895 1318 in
920 1243 1027 1316 Asia:
1065 1241 1125 1338 qui
1151 1263 1259 1337 super
1285 1237 1418 1337 Bospo-

179 1382 259 1430 rum
284 1357 421 1448 colunt,
455 1355 706 1430 adscribuntur
731 1357 855 1449 Asi'ae3
891 1365 929 1430 at
955 1354 1015 1452 qui
1041 1353 1078 1425 in
1104 1351 1249 1448 Europa
1276 1361 1370 1441 aimt,
1396 1376 1419 1424 a

179 1468 281 1541 laevo
309 1467 481 1543 Thraciae
516 1470 627 1542 latere
654 1467 702 1542 ad
725 1467 1004 1568 Borysthenem,
1038 1475 1144 1561 atque
1170 1461 1253 1536 inde
1280 1461 1328 1536 ad
1353 1461 1419 1536 Ta·

126 1598 159 1645 1⁴
178 1579 283 1670 naim,
310 1581 419 1653 alium
444 1605 594 1671 amnem,
621 1592 720 1654 recta
744 1581 851 1680 plaga
877 1579 1040 1652 attinent
1079 1576 1209 1649 Tanais
1236 1574 1419 1673 Europam

178 1701 215 1764 et
240 1691 365 1765 Asiam
396 1691 534 1766 medius
560 1692 741 1765 interfluit.
794 1690 869 1766 Nec
902 1688 1103 1779 dubitatur,
1140 1688 1225 1784 quin
1252 1684 1418 1786 Scythae,

179 1804 239 1900 qui
264 1801 418 1877 Parthos
445 1802 646 1894 condidere,
672 1828 747 1878 non
773 1828 795 1875 a
820 1801 993 1902 Bosporo,
1021 1799 1085 1873 aed
1111 1824 1157 1873 ex
1171 1797 1338 1896 Europae
1364 1823 1417 1871 re-

177 1916 283 2016 gione
307 1915 586 2014 penetraverint.
808 1901 813 1912 ’
1069 1917 1071 1920 ’
1184 1925 1190 1934 ’

124 2047 159 2095 rs
279 2025 375 2102 Urbs
403 2038 481 2101 erat
506 2053 549 2101 ea
574 2037 789 2127 tempestate
822 2026 919 2099 clara
943 2021 1240 2122 Hecatompylos,
1273 2019 1417 2095 condita

176 2165 199 2213 a
225 2135 385 2215 Graecis:
409 2140 459 2214 ihi
486 2140 619 2216 stativa
644 2165 710 2214 rex
735 2138 872 2229 habuit,
898 2135 1154 2210 commeatibus
1181 2131 1338 2232 undique
1356 2131 1416 2206 ad·

176 2253 299 2326 vectis.
360 2251 485 2351 Itaque
520 2277 657 2344 rumor,
693 2252 798 2324 otiosi
831 2249 952 2323 militis
984 2248 1127 2340 vitium,
1162 2247 1237 2321 sine
1271 2256 1417 2320 auctore

211 2453 276 2526 Cap.
295 2462 324 2522 t,
343 2457 365 2523 ξ.
386 2461 425 2508 12.
461 2456 490 2506 in
511 2454 684 2525 Parthienen]
720 2453 779 2506 Pri·
814 2451 975 2508 Graecorum
993 2451 1137 2506 auotoritas
1160 2449 1325 2504 librarionrm
1341 2448 1416 2504 Lati·

175 2539 233 2576 mae
255 2522 435 2576 declinationis
463 2522 677 2576 terminationem
700 2523 779 2576 codd.
813 2539 906 2578 norum
931 2520 1097 2592 ignorantiae
1114 2518 1285 2592 praeferenda
1303 2517 1415 2571 videtur.

175 2591 247 2646 Flor.
273 2590 390 2646 DEFHI
415 2591 531 2658 habent,
558 2591 641 2646 ceteri
657 2591 779 2646 Parthie·
848 2610 865 2644 α
883 2594 956 2646 laevo
976 2591 1106 2644 thraciae
1124 2589 1217 2670 iacere]
1244 2587 1361 2642 Laevum
1378 2586 1416 2640 la-

175 2677 246 2726 nera,
269 2661 317 2714 sed
333 2677 375 2714 res
393 2677 446 2713 non
462 2668 504 2713 est
521 2659 615 2728 dubia,
635 2677 715 2731 quum
732 2678 779 2713 no·
813 2667 856 2712 tus
874 2659 937 2714 dicit
954 2660 989 2712 ad
1005 2663 1112 2727 Istrum,
1131 2676 1181 2713 nec
1198 2658 1330 2712 immerito
1341 2655 1416 2726 quasi

174 2727 314 2784 minativus
331 2727 365 2782 sit
382 2729 530 2782 Parthicae.
564 2728 631 2782 Mox
656 2729 700 2781 Eu
719 2731 779 2782 tra·
815 2727 929 2782 Thracia
946 2727 1004 2798 ipss
1022 2727 1138 2781 Pontum
1154 2732 1264 2798 spectet

176 2807 218 2851 terr
242 2797 323 2850 Bern.
347 2799 373 2852 A
398 2795 472 2850 Flor.
491 2795 604 2863 ADEG,
623 2798 669 2850 sed
707 2799 779 2868 iqrin
848 2800 871 2865 ξ.
891 2805 932 2851 14.
967 2815 1019 2850 non
1037 2814 1054 2848 a
1072 2797 1153 2876 Bosp.
1171 2797 1220 2850 aad
1242 2813 1273 2848 ea
1290 2796 1415 2864 Europae

174 2883 224 2936 pro
246 2883 277 2920 eo
299 2867 370 2938 quod
391 2873 432 2918 cat
452 2867 555 2934 Elysiis
572 2883 639 2918 unus
658 2864 729 2918 Flor.
747 2869 777 2918 F.
812 2867 926 2933 reptans]
971 2865 1010 2918 At
1040 2864 1090 2919 hoc
1120 2883 1208 2935 ipsum
1237 2862 1310 2918 nullo
1336 2863 1415 2918 modo

209 2939 234 3000 5.
254 2941 294 2989 18.
318 2936 430 3003 Scythae
447 2965 482 2974 —-
499 2944 701 3003 occupauerunt,
720 2933 737 2987 i.
755 2951 778 2986 c.
813 2933 939 2988 credibile
965 2942 1024 3000 est,
1048 2940 1135 2986 ortum
1157 2941 1247 2986 autem
1272 2939 1364 2985 estex
1382 2947 1414 2986 eo

175 3001 269 3057 Parthi
293 3003 340 3074 qui
363 3019 434 3057 nunc
450 3019 508 3055 eam
531 3011 630 3055 terram
648 3001 777 3069 incolunt,
814 3001 885 3071 quod
916 3000 1030 3071 Scythas
1064 3001 1119 3054 sive
1153 2999 1267 3054 Parthos
1302 2999 1414 3053 Tanaim

175 3070 283 3141 Scythia
305 3069 410 3124 oriundi
433 3079 496 3124 sunt
518 3079 546 3124 et
563 3070 680 3123 eiusdem
697 3087 778 3141 gene·
812 3082 989 3140 transgressos
1015 3069 1042 3122 in
1067 3070 1134 3122 haec
1161 3069 1218 3123 loca
1234 3067 1335 3121 venisse
1352 3086 1414 3122 eon-

174 3139 219 3193 ris.
255 3139 296 3194 Os.
315 3155 395 3211 supra
413 3153 452 3205 ru,
471 3145 513 3202 45,
532 3146 571 3191 ll.
813 3137 891 3204 stitit,
910 3137 1032 3192 nimirum
1049 3153 1108 3190 eum
1127 3137 1239 3190 Tanaim
1257 3153 1336 3207 quem
1351 3137 1414 3190 Ale-

209 3210 254 3277 qui
275 3225 355 3277 saper
376 3208 525 3288 Bosporum
543 3210 641 3275 colunt]
678 3207 780 3278 Bospo-
814 3206 908 3260 xandri
923 3206 1032 3260 comites
1045 3205 1232 3276 opinabantur,
1246 3223 1305 3260 cum
1324 3206 1413 3259 Iaxar-

174 3293 232 3329 rum
250 3275 418 3330 Cimmerium
433 3275 516 3329 intelli
537 3274 693 3346 ‘patetqui
706 3291 780 3328 mare
814 3283 855 3328 tes
872 3284 956 3341 esset,
983 3276 1056 3330 cuius
1073 3275 1168 3329 erroris
1186 3278 1220 3328 ab
1237 3273 1352 3329 Aniano
1369 3289 1413 3342 111,

174 3343 308 3398 Euxinum
326 3359 387 3397 cum
424 3343 502 3397 aludc
550 3343 654 3398 aeotide
671 3344 778 3398 coniun-
812 3351 847 3398 30
866 3343 980 3398 convicti
998 3343 1078 3397 etiam
1089 3343 1196 3398 Curtius
1209 3351 1301 3397 noster
1311 3341 1415 3397 Graeco

174 3413 222 3486 git
240 3413 278 3466 Et
295 3429 375 3482 super
420 3413 466 3477 eit,
485 3413 557 3483 quod
574 3412 778 3467 terraadiacens
812 3411 920 3467 auctore
937 3430 984 3467 suo
1002 3414 1128 3484 deceptus
1145 3411 1280 3483 particeps
1297 3419 1356 3481 est,
1374 3412 1414 3466 uti

173 3480 778 3620 tttlthmnt'dffidgltffllttttlt
835 3481 1318 3621 ..enituerunt
1325 3481 1416 3604 altl

173 3635 234 3672 rum
250 3635 323 3670 more
345 3590 479 3688 superidra
504 3617 690 3688 intelliguntur
708 3635 776 3689 qaae
809 3618 910 3673 minare
927 3613 1055 3686 sciebant,
1074 3635 1120 3673 eos
1138 3619 1183 3690 qui
1197 3617 1310 3673 Tanaim
1328 3627 1414 3673 trans-

175 3685 210 3738 ad
228 3685 417 3754 septentriones
429 3703 506 3740 versa
522 3696 592 3740 sunt.
612 3687 669 3742 Hoc
686 3696 775 3742 autem
809 3685 892 3741 issent
915 3704 948 3741 ex
972 3689 1082 3759 Europa
1105 3687 1207 3742 venisse
1229 3687 1413 3758 opinabantur.

173 3754 235 3806 loeo
253 3759 351 3806 terram
368 3762 471 3808 comtat
488 3755 544 3808 inte
566 3755 573 3767 '
594 3753 777 3826 'quaeeriem
813 3755 938 3809 Ceterum
965 3775 996 3810 er
1018 3757 1119 3826 Europ.
1137 3775 1191 3826 rep.
1218 3772 1308 3810 omnes
1331 3755 1415 3810 nostri

172 3829 230 3876 tem
252 3835 342 3874 versos
367 3831 408 3874 est
437 3841 453 3876 a
476 3823 611 3877 Maeotia
636 3833 665 3877 et
691 3824 776 3878 Tanai
813 3839 872 3876 cunr
890 3825 966 3878 Voss.
987 3834 1008 3876 l.
1027 3833 1052 3878 ⁸2.
1084 3824 1173 3895 Vulgo
1190 3842 1222 3877 er
1240 3843 1269 3876 re
1288 3865 1294 3877 .
1311 3825 1379 3879 Eur.

172 3890 323 4012 Euffaeo.
357 3890 451 3956 Mare,
480 3892 551 3973 quod
577 3893 612 3946 ad
628 3893 776 3962 Bosporum
845 3895 869 3961 ᾖ.
889 3899 929 3946 15.
948 3895 1052 3947 condita
1071 3909 1087 3946 u
1109 3894 1232 3964 Graccis]
1295 3909 1415 3964 enugae

170 3959 199 4014 in
251 3959 277 4012 d.
294 3966 361 4012 vett.
385 3967 413 4013 et
448 3960 562 4032 iensque
580 3959 713 4015 codicibus
730 3962 777 4014 de·
810 3969 880 4014 sunt
916 3961 987 4016 Urbs
1014 3960 1123 4032 antiqua
1153 3961 1206 4015 suit
1232 3962 1303 4014 haud
1324 3962 1413 4028 dubie,

171 4025 275 4083 terioris
292 4027 391 4082 ordinis
445 4028 539 4097 'icitnn
554 4029 674 4084 aModio
707 4029 774 4084 rimo
812 4029 855 4082 cui
882 4047 977 4083 nomen
995 4028 1125 4084 Graecum
1149 4029 1301 4102 imposuisse
1328 4031 1413 4085 fertur

171 4096 306 4151 sublatum
322 4105 364 4150 est
378 4097 537 4152 auctoritate
545 4098 684 4152 meliorum
706 4097 775 4152 bro·
810 4097 934 4152 Seleucus
954 4098 1066 4152 Nicator
1088 4098 1180 4168 Syriae
1201 4115 1249 4153 rex
1270 4100 1340 4169 apud
1357 4101 1414 4170 Ap-

172 4183 249 4231 rum,
273 4165 363 4236 quales
389 4173 452 4218 sunt
477 4166 558 4220 Bern.
583 4167 607 4220 Α
631 4165 702 4220 Flor.
724 4167 774 4220 AB
829 4165 915 4220 lanum
934 4166 1046 4238 Syriacis
1064 4185 1122 4239 eap.
1141 4172 1182 4222 t'l.
1210 4167 1349 4232 Quaerunt
1366 4169 1414 4223 ho·

173 4235 231 4297 (sed
249 4234 299 4287 hac
316 4233 423 4305 quidem
440 4233 468 4287 in
485 4251 515 4288 re
532 4235 613 4289 etiarn
622 4235 644 4287 F
646 4234 692 4289 lor.
704 4233 775 4301 OD).
810 4185 904 4288 dicad
921 4235 1077 4318 Damayhan
1096 4237 1167 4307 quod
1184 4244 1233 4289 eat.

172 4301 303 4356 Scribitur
320 4311 411 4356 autem
430 4302 458 4356 in
476 4303 596 4357 omnibus
613 4321 672 4356 msa.
692 4319 775 4372 quan·
844 4306 922 4358 otiosi
936 4306 1141 4376 militrsuitium]
1159 4305 1228 4358 Edd.
1246 4311 1312 4358 vett
1332 4304 1412 4360 Vind.

171 4379 229 4424 tum
246 4370 324 4426 video
340 4371 368 4425 in
385 4370 537 4426 melioribus
553 4374 598 4442 ph,
616 4371 644 4426 in
661 4371 775 4425 deterio-
809 4371 877 4426 Mer.
905 4371 966 4429 Ald.
1001 4372 1112 4426 Iuniana
1146 4374 1244 4427 uiritim
1276 4371 1429 4439 exhibent„

172 4437 244 4492 ribus
260 4440 295 4509 f,
322 4439 350 4493 in
373 4439 447 4494 nullo
469 4455 518 4494 nec
543 4438 571 4494 in
594 4439 674 4512 vulgo
697 4439 775 4493 editis
809 4441 917 4495 sustulit
942 4443 1065 4496 mendum
1087 4441 1286 4512 sigebergensis
1314 4440 1412 4494 codicis

172 4507 315 4578 Bospoms.
359 4508 461 4564 Verum
484 4509 534 4564 hae
559 4525 665 4582 quoque
692 4508 721 4563 in
746 4525 776 4564 re
809 4510 970 4566 auctoritate
987 4510 1101 4566 Medius.
1125 4511 1249 4582 Apparet
1266 4525 1300 4563 ax
1318 4507 1413 4579 quibus
