3214 5288
216 352 266 462 52¹
422 371 424 376 ¹
681 406 715 469 o.
744 405 868 458 cuarn
893 405 978 458 auru
1016 359 1018 364 ⁵

212 619 304 692 quos
338 593 456 683 vellet,
489 591 607 690 patrio
641 613 741 663 more
775 589 950 688 sepeliret
1003 587 1068 662 Illa
1102 612 1236 686 paucos
1263 599 1343 662 arta
1368 614 1508 688 pro-14¹

213 706 411 805 pinquitate
437 702 646 776 coniunctos
672 725 739 800 pro
765 701 892 774 habitu
916 699 1115 799 praesentis
1135 701 1301 773 fortunae
1315 700 1458 774 humari

212 816 327 905 iussit,
353 823 567 913 apparatum
592 813 768 904 funerum,
801 836 872 909 quo
898 809 1031 884 Persae
1059 835 1226 908 suprema
1259 811 1376 886 officia
1401 838 1456 887 ce·

212 928 403 1016 lebrarent,
435 922 651 998 invidiosum
681 924 758 996 fore
790 922 1011 1013 existimans,
1047 946 1129 995 cum
1168 922 1323 996 victores
1358 923 1458 997 haud

212 1040 369 1137 pretiose
397 1044 649 1109 cremarentur.

316 1148 463 1243 lamque
489 1146 592 1219 iustis
619 1144 870 1221 defunctorum
896 1145 1105 1242 corporibus
1128 1145 1264 1236 solutis,
1289 1146 1456 1243 praemit
1477 1164 1513 1212 ιι

213 1262 259 1333 tit
284 1259 331 1332 ad
357 1259 529 1356 captivas,
565 1257 625 1354 qui
656 1257 873 1347 nuntiarent,
908 1257 1027 1353 ipsum
1060 1257 1199 1330 venire:
1237 1256 1457 1355 inhibitaque

213 1370 461 1445 comitantium
486 1368 604 1459 turba,
638 1367 910 1441 tabernaculum
936 1392 1018 1439 cum
1043 1366 1310 1465 Hephaestione
1336 1368 1456 1441 intrat

213 1482 249 1556 Is
275 1483 382 1580 longe
409 1480 569 1556 omnium
596 1467 792 1551 amicorum
817 1478 1019 1551 carissimus
1046 1488 1125 1553 erat
1148 1479 1235 1576 regi,
1271 1504 1352 1552 cum
1377 1480 1457 1578 ipso
1478 1501 1513 1550 re

213 1593 347 1692 pariter
374 1592 534 1682 eductus,
562 1600 783 1663 secretorum
809 1591 969 1664 omnium
994 1589 1143 1662 arbiter:
1169 1591 1347 1664 libertatis
1372 1616 1458 1688 quo-

213 1704 346 1801 quein
372 1699 599 1776 admonendo
627 1726 770 1774 eonon
802 1701 893 1774 alius
924 1703 979 1773 ius
1005 1701 1173 1793 habebat,
1206 1701 1304 1799 quod
1336 1713 1459 1776 tamen

212 1816 264 1887 ita
289 1814 497 1912 usurpabat,
537 1823 579 1886 ut
604 1812 717 1909 magis
744 1838 767 1885 a
791 1836 876 1910 rege
903 1812 1123 1910 permissum,
1159 1837 1268 1911 quam
1304 1812 1457 1888 vindica-

213 1935 292 1998 tum
318 1926 364 1998 ab
392 1951 434 1998 eo
461 1922 661 2015 videretur3
689 1933 727 1997 et
752 1924 845 1997 sicut
870 1932 989 1996 aetate
1015 1949 1081 2021 par
1101 1933 1180 1997 erat
1197 1925 1283 2022 regi,
1308 1925 1360 1997 ita
1382 1949 1457 1998 cor-

212 2037 309 2134 poris
344 2037 471 2109 habitu
502 2037 720 2134 praestabat.
772 2031 870 2132 Ergo
903 2034 1048 2132 reginae
1081 2036 1182 2108 illum
1221 2059 1301 2110 esse
1334 2059 1458 2134 regem
1478 2051 1512 2097 1⁷

212 2149 323 2234 ratae,
351 2171 416 2217 suo
443 2171 543 2219 more
569 2157 762 2221 veneratae
794 2155 887 2218 sunt.
940 2144 1029 2218 lnde
1065 2170 1112 2219 ex
1147 2147 1297 2244 captivis
1329 2145 1458 2245 spado·

212 2254 318 2326 nibus
346 2255 425 2351 quis
452 2254 661 2329 Alexander
687 2267 783 2329 esset
808 2256 1101 2347 monstrantibus,
1142 2254 1363 2355 Sisygambis
1396 2256 1458 2330 ad·

213 2366 338 2438 voluta
364 2374 420 2438 est
445 2364 596 2463 pedibus
623 2368 708 2457 eius,
747 2367 1009 2464 ignorationem
1042 2393 1226 2465 nunquam
1258 2379 1365 2442 antea
1389 2370 1459 2442 visi

121 2523 124 2528 ·
212 2475 306 2572 regis
334 2501 520 2550 excusans.
575 2473 691 2565 Quam
716 2502 826 2549 manu
852 2477 1010 2551 allevans
1045 2504 1121 2570 rex,
1153 2505 1221 2554 non
1246 2480 1374 2572 errasti,
1406 2481 1458 2552 in·

214 2586 300 2682 quit,
326 2601 440 2678 mater,
466 2613 548 2662 raam
573 2600 603 2660 et
627 2589 680 2661 bic
705 2577 901 2661 Aleaaader
926 2601 981 2662 est.

121 2695 124 2700 ’
162 2679 211 2765 32
317 2695 493 2793 Equidem
524 2699 593 2771 hac
625 2698 843 2773 continentia
874 2700 983 2772 animi
1018 2701 1048 2773 si
1082 2701 1129 2774 ad
1161 2703 1327 2775 ultimum
1361 2702 1513 2776 vitae18

212 2831 445 2905 perseverare
470 2810 657 2908 potuisset,
690 2809 882 2882 feliciorem
908 2797 1017 2882 fuisse
1044 2810 1237 2904 crederem,
1273 2838 1380 2909 quam
1406 2815 1458 2886 vi·

213 2943 275 2992 sus
302 2930 358 2992 est
384 2945 472 3012 esse,
500 2946 581 2993 cum
607 2920 726 2993 Liberi
759 2920 871 3019 patris
903 2919 1103 2994 imitaretur
1134 2925 1364 3022 triumphum,
1399 2949 1459 2997 us-

248 3131 272 3197 §-
292 3135 331 3182 16.
345 3130 451 3198 pariter
468 3132 588 3200 ednotus]
614 3131 704 3212 Vulgo
722 3134 817 3185 educa·
852 3133 1010 3202 excerpendi
1027 3133 1070 3186 vel
1087 3131 1231 3186 annotandi
1253 3131 1392 3203 diligentia
1409 3135 1459 3188 du·

214 3206 299 3262 cotue,
326 3197 372 3248 sed
393 3214 454 3249 cum
470 3196 589 3268 plerique
612 3200 675 3253 bom
693 3199 753 3252 libri
771 3200 817 3252 ha·
851 3200 974 3254 bibemus.
1003 3200 1128 3256 Ceterum
1145 3217 1180 3253 ex
1196 3217 1229 3253 ea
1246 3200 1379 3256 locutione
1396 3203 1460 3256 sub·

214 3265 298 3316 beant
314 3266 429 3329 edoctae,
448 3273 476 3316 et
493 3266 619 3318 educatus
637 3285 692 3320 non
716 3266 818 3319 sitnisi
852 3267 950 3321 iectum
976 3268 1136 3338 intelligitur
1157 3272 1302 3336 nonnullis,
1330 3269 1400 3324 sieut
1417 3279 1461 3324 et-

213 3330 242 3384 in
260 3329 435 3383 deteiioribus
452 3331 524 3384 Flor.
543 3331 631 3386 crat
649 3343 678 3387 ct
695 3333 818 3387 correcti-
852 3335 905 3388 iam
930 3335 993 3391 alibi
1011 3337 1119 3392 Curtius
1146 3337 1228 3391 dixit:
1256 3351 1310 3404 vn,
1340 3346 1364 3406 1,
1388 3346 1402 3393 9
1427 3357 1460 3392 ex

213 3414 293 3452 onem
310 3396 373 3451 olim
390 3398 473 3468 passis
489 3399 561 3453 Flor.
573 3399 659 3467 BDn,
678 3401 818 3454 camitem
854 3406 895 3458 lia
914 3407 960 3472 qui
976 3408 1094 3475 proximi
1115 3408 1255 3459 astiterant
1277 3437 1312 3446 -
1337 3410 1460 3476 confode-

214 3475 295 3520 antea
320 3465 412 3519 uisset
443 3470 555 3533 edoctus,
579 3469 659 3522 malui
683 3469 819 3523 Leidensis
853 3471 924 3538 runt,
952 3481 981 3526 et
1006 3473 1165 3544 singularem
1196 3491 1336 3528 numerum
1360 3475 1461 3528 intelli-

213 3535 292 3588 fidem
310 3533 385 3603 sequi
403 3542 431 3586 et
449 3537 652 3603 eductaaedem,
671 3539 743 3607 quod
757 3555 820 3591 ean-
855 3557 920 3610 gens
937 3555 979 3607 1x,
1000 3550 1024 3608 6,
1043 3549 1077 3597 34
1095 3553 1148 3596 lum
1166 3560 1197 3595 ea
1214 3544 1256 3596 bia
1275 3545 1321 3613 qui
1337 3561 1460 3598 assueve-

214 3604 275 3656 dem
297 3601 515 3672 significationem
541 3605 623 3658 habet
649 3622 681 3659 aa
708 3624 786 3678 saepe
803 3626 820 3661 a
854 3620 916 3662 rant
934 3612 1031 3664 talibus
1048 3613 1204 3664 ministeriis
1222 3615 1344 3680 -ferro
1365 3629 1461 3682 ampu-

213 3669 327 3725 librariis
344 3671 535 3742 interpolatum
552 3683 607 3754 esa
625 3673 666 3729 cf.
684 3673 767 3729 Drulr.
785 3677 820 3729 ad
854 3687 911 3731 tare
928 3681 1019 3748 coepit.

213 3739 272 3793 Liv.
290 3753 353 3805 m,
371 3748 414 3794 43.
449 3740 545 3812 Neque
566 3759 636 3796 enim
696 3754 819 3814 ipetuum
889 3745 929 3800 Ca
949 3787 955 3799 .
973 3753 1017 3814 ³2,
1036 3752 1061 3814 s.
1081 3753 1121 3802 18.
1157 3750 1183 3801 si
1199 3750 1238 3802 ad
1254 3751 1373 3802 ultimum
1390 3751 1462 3805 vitae

214 3807 280 3862 illud
298 3807 446 3875 discrimen,
466 3828 519 3880 quo
533 3814 640 3866 educere
658 3760 695 3865 dd
710 3829 819 3894 oerpore
854 3815 917 3884 oet]
981 3814 1118 3869 eratione
1134 3815 1286 3870 coniunctio
1303 3819 1329 3872 si
1345 3817 1461 3872 colloca-

215 3876 320 3956 alendo²
346 3879 458 3931 educare
481 3880 514 3931 de
537 3881 682 3933 formandis
703 3883 819 3936 monbus
854 3891 899 3935 tur
924 3882 953 3936 in
974 3883 1095 3938 omnibus
1118 3885 1195 3938 codd.
1223 3884 1320 3938 nostris
1346 3904 1408 3940 mas.
1431 3895 1461 3940 et

215 3945 271 3998 fere
294 3943 419 3999 dicimus:
441 3945 473 4000 ef.
496 3947 530 4000 ad
548 3963 612 4014 vm,
632 3957 657 4002 3.
684 3950 822 4005 Hellanice
857 3949 921 4004 edit.
939 3950 1031 4017 Medii,
1055 3969 1116 4005 cum
1137 3952 1166 4005 in
1187 3953 1306 4024 principa
1327 3962 1356 4007 et
1378 3973 1414 4007 vu

219 4029 286 4083 qnae
304 4015 485 4067 Alexandrum
504 4018 666 4070 educaverat.
856 4017 934 4072 editis
952 4029 1013 4090 post
1030 4024 1147 4090 equidem
1165 4021 1190 4074 le
1225 4029 1271 4075 tur
1287 4022 1433 4076 etSnaken
1453 4065 1461 4078 .

250 4084 273 4150 ξ.
294 4089 334 4134 17.
353 4083 430 4135 illum
448 4101 504 4136 esee
521 4085 619 4156 reyem]
639 4085 730 4154 Vulgo
747 4089 821 4138 illum
855 4097 972 4142 nostram
989 4091 1129 4143 verborum
1146 4107 1179 4144 eo
1199 4090 1345 4144 orationem
1364 4107 1461 4147 exuno

215 4167 391 4271 litter*
410 4158 530 4273 ”illl
548 4153 820 4276 lii’dmdllffii‘
854 4158 1192 4280 tt⁴¹t¹l3tt⁰¹mtl
1215 4158 1300 4280 Pa‘il'
1386 4159 1460 4282 {lt

286 4236 303 4270 n
359 4237 414 4272 ern.
526 4239 547 4272 ι.
649 4240 655 4252 ·
704 4241 720 4274 ιι
757 4263 764 4275 .
805 4239 820 4275 e
1036 4267 1042 4278 .
1129 4267 1135 4278 .
1453 4269 1460 4282 .

217 4285 270 4340 suis
287 4285 361 4340 libris
378 4287 446 4342 silet.
464 4238 550 4342 Padlo
615 4263 682 4344 t’ea
709 4293 819 4360 captivis
854 4243 939 4374 ecqud
953 4297 987 4348 ab
1006 4245 1239 4364 llelledbddnlocdd¹
1248 4246 1393 4362 Ocendauid,
1412 4249 1460 4349 db-

217 4357 379 4424 spadonibus
405 4365 510 4409 mutata
534 4356 705 4412 relocatione
726 4376 820 4414 omnes
854 4365 1459 4434 terroresabllell.usqueadOc.;exBe1-n.

215 4422 283 4545 ἑξεῖ,
310 4422 749 4550 Sffidfflffiinuiivffi
772 4445 818 4550 ap·
852 4432 881 4483 A
897 4430 963 4483 nihil
979 4430 1051 4485 eliud
1067 4439 1175 4488 notatur
1192 4432 1462 4489 nieiomittiverbum

261 4509 316 4545 rem
410 4533 417 4560 ,
577 4513 595 4547 u
629 4513 657 4549 ιιι
718 4515 763 4552 um
803 4515 819 4551 e
853 4515 942 4568 usque.
