3214 5288
518 380 566 430 ns
594 378 720 432 ousrrs
747 377 857 433 Anax,
884 379 935 446 111,
970 376 1012 424 eo.
1337 361 1385 432 43

111 561 342 640 sSubductis
376 559 506 636 deinde
537 585 585 635 ex
616 562 691 636 acie
722 560 902 636 Thessalis
938 561 1133 658 equitibus,
1166 562 1387 661 praelectum

145 698 272 750 eorum
297 673 436 748 occulte
461 673 646 747 circumire
670 682 813 770 tergum
838 695 985 745 suorum
1010 671 1119 763 iubet,
1147 670 1387 747 Parmenioni·

111 805 219 883 sque
245 783 421 882 coniungi,
449 794 487 857 et
512 782 608 881 quod
633 784 664 857 is
689 784 910 880 imperasset,
934 782 1084 880 impigre
1110 784 1248 880 exequi.
1297 783 1387 857 Iam·

152 919 223 994 quc
246 895 315 994 ipsi
345 895 384 968 in
416 891 574 968 medium
598 892 791 968 Persarum
821 891 978 991 undique
1010 893 1211 966 circumfusi
1247 896 1387 992 egregie

146 1006 362 1094 tuebantur3
399 1003 463 1078 sed
489 1005 655 1095 conferti,
682 1014 719 1078 et
744 1004 846 1100 quasi
871 1004 1120 1094 cohaerentes,
1146 1005 1220 1079 tela
1245 1005 1388 1079 vibrare

146 1143 224 1190 non
247 1126 433 1214 poterantr
468 1115 573 1188 simul
598 1124 701 1190 erant
726 1115 874 1205 emissa,
905 1114 943 1187 in
970 1113 1117 1189 eosdem
1142 1116 1390 1190 concurrentia

147 1225 430 1324 implicabantur,
456 1225 596 1322 levique
623 1235 661 1300 et
684 1249 780 1300 vano
805 1226 881 1298 ictu
904 1249 1019 1324 pauca
1044 1225 1082 1298 in
1108 1225 1259 1316 hostem,
1285 1227 1390 1325 plura

147 1339 184 1411 in
210 1338 360 1411 humum
385 1335 532 1409 innoxia
557 1334 743 1410 cadebant.
802 1334 899 1434 Ergo
925 1336 1121 1410 comminus
1148 1359 1307 1435 pugnam
1333 1362 1388 1410 co·

110 1447 219 1521 sacti
244 1471 446 1537 conserere,
478 1443 615 1544 gladios
649 1445 798 1544 impigre
825 1447 1014 1544 stringunt
1067 1445 1158 1520 Tum
1185 1473 1273 1522 vero
1299 1449 1387 1520 mul·

146 1568 227 1632 tum
250 1557 434 1655 sanguinis
458 1558 579 1630 fissum
605 1565 670 1632 est
739 1555 842 1632 Duae
867 1558 999 1656 quippe
1025 1559 1119 1632 acies
1144 1559 1196 1632 ita
1221 1561 1389 1634 cohaere-

149 1667 248 1758 bant,
272 1676 317 1742 ut
340 1667 449 1742 arnus
475 1691 575 1740 arma
599 1667 793 1765 pulsarent,
819 1693 1008 1743 mucrones
1029 1673 1065 1742 in
1093 1695 1157 1744 ora
1182 1669 1387 1768 dirigerent

148 1776 231 1852 Non
256 1776 403 1868 timido,
436 1803 511 1850 non
544 1778 674 1876 ignavo
709 1802 849 1853 cessare
874 1790 953 1852 tum
979 1779 1094 1853 licuit:
1131 1781 1259 1853 collato
1286 1778 1389 1877 pede,

150 1889 253 1986 quasi
277 1889 407 1987 singuli
431 1889 525 1962 inter
550 1913 589 1963 se
615 1887 835 1980 dimicarent,
859 1892 898 1962 in
919 1889 1047 1965 eodem
1063 1889 1214 1986 vestigio
1235 1879 1390 1982 stabant,

114 1997 266 2074 edonec
296 1999 473 2074 vincendo
505 2000 624 2073 locum
656 2000 723 2074 sibi
756 2002 924 2073 facerent.
1003 1999 1097 2072 'l'um
1128 1998 1272 2074 demum
1303 2025 1390 2100 ergo

149 2111 415 2208 promovebant
439 2108 600 2209 gradum,
627 2135 710 2183 cum
735 2111 877 2183 hostem
901 2119 1181 2208 prostraverant
1234 2110 1286 2184 At
1310 2111 1392 2185 illos

149 2246 271 2294 novus
296 2221 496 2318 excipiebat
526 2219 753 2295 adversarius
785 2222 969 2318 fatigatam
1010 2245 1077 2296 nec
1114 2221 1310 2311 vulnerati,
1350 2233 1392 2296 ut

153 2331 243 2404 alias
269 2333 401 2422 solent,
427 2331 502 2404 acie
527 2340 696 2430 poterant
722 2330 914 2421 excedere,
947 2355 1030 2404 cum
1055 2331 1169 2406 hostis
1194 2333 1345 2406 instaret
1371 2360 1393 2406 a

151 2442 287 2532 fronte,
313 2467 335 2515 a
360 2453 463 2540 tergo
490 2443 545 2515 sui
569 2449 748 2538 urgerent.

116 2572 131 2618 ⁷
257 2552 466 2626 Alexander
489 2579 563 2627 non
590 2551 689 2626 ducis
715 2552 844 2652 magis,
876 2577 983 2649 quam
1013 2551 1133 2624 militis
1164 2551 1285 2624 munia
1311 2545 1442 2628 exe-27

151 2751 230 2818 ditia,
249 2755 314 2817 m
351 2751 449 2806 Arbela
472 2753 521 2805 diti
543 2770 615 2822 yazo
641 2753 754 2822 repleta;
824 2752 903 2805 amul
920 2761 994 2806 erant
1012 2753 1119 2820 emisso]
1138 2749 1182 2806 Sic
1190 2751 1304 2806 Bernd
1321 2750 1392 2805 Flor.

152 2827 248 2874 canna
265 2818 317 2872 rid.
335 2820 370 2872 ad
387 2833 429 2886 lv,
447 2825 472 2887 4,
492 2826 533 2873 24.
790 2822 816 2872 A
834 2819 857 2872 Β
876 2819 968 2886 Leid,
1004 2819 1186 2890 gloriatruque
1212 2819 1319 2872 Modius
1345 2821 1395 2874 hee

187 2887 308 2958 Capta,
324 2890 383 2955 §.a
402 2888 510 2956 Ianique
528 2889 581 2957 ipati
599 2889 627 2941 ia
644 2889 756 2944 medium
790 2887 992 2966 emendatione,
1019 2903 1068 2940 nec
1091 2895 1180 2940 tamen
1197 2887 1274 2940 rideo
1293 2903 1346 2956 qua
1362 2903 1393 2940 re

152 2955 311 3024 Personam]
347 2955 406 3024 Ipsi
423 2955 580 3009 Macedones
598 2964 668 3025 sunt,
693 2955 757 3010 Ale·
790 2971 949 3026 magnopere
966 2954 1070 3008 differat
1088 2953 1150 3007 olim
1176 2953 1286 3024 vulgata
1310 2956 1391 3008 simul

153 3024 257 3076 xunder
274 3041 334 3077 cum
353 3023 414 3090 suis,
432 3025 479 3076 sed
497 3041 564 3103 quae
582 3023 756 3096 sequiturpu·
790 3033 818 3076 ut
836 3023 1042 3088 monteniaco,
1069 3037 1118 3074 nec
1135 3021 1211 3075 Voss.
1232 3029 1245 3074 1
1265 3023 1393 3090 simulque

155 3109 225 3160 gnae
241 3091 384 3162 descriptio
406 3109 460 3146 non
477 3109 562 3146 minus
579 3093 612 3146 ad
630 3092 698 3146 alum
715 3109 757 3146 re-
791 3101 866 3144 eraat
885 3092 980 3143 emissa
998 3106 1053 3142 rem
1071 3097 1165 3143 mutat.
1183 3089 1229 3142 An
1245 3087 1330 3142 Modii
1348 3105 1393 3142 ee·

155 3157 236 3229 giam
254 3177 333 3230 qnam
352 3159 386 3212 ed
402 3159 558 3230 phalangem
575 3160 699 3232 pertinet.
722 3161 756 3213 Iu
792 3165 849 3212 tate
867 3156 980 3211 dubitari
999 3164 1105 3237 poterat
1132 3156 1165 3209 de
1188 3155 1298 3228 simplici
1315 3157 1394 3210 simul

155 3229 268 3280 medium
300 3229 417 3297 nactique
443 3229 596 3298 circumfusi
621 3231 759 3283 tuebantur
811 3244 841 3281 ro
876 3226 1058 3280 coniunctione
1093 3227 1249 3304 simulatque
1288 3225 1393 3296 posito?

154 3294 307 3350 milituiter
333 3295 583 3367 nasidictumpnto:
602 3299 630 3349 tn
646 3299 759 3352 medium
820 3293 866 3348 icit
880 3294 988 3348 Curtius
1004 3292 1033 3348 in
1050 3293 1271 3348 tantavicimtate
1279 3294 1394 3348 telorum

153 3361 280 3418 nimirum
296 3313 375 3431 uinci,
402 3363 507 3432 invecti,
531 3364 567 3418 im
586 3363 670 3432 licati3
706 3375 759 3419 tue·
793 3362 987 3434 iaorrlorumque
1003 3380 1080 3416 usum
1102 3380 1155 3416 non
1171 3361 1263 3428 fluisse,
1290 3379 1349 3416 cum
1367 3361 1395 3415 in

153 3433 253 3484 bantur
270 3431 327 3485 sine
345 3431 466 3499 obiecto,
503 3383 585 3514 quodJ
598 3439 688 3486 tamen
710 3431 760 3503 ipsi
793 3449 821 3486 se
838 3431 895 3503 ipsa
911 3430 1057 3510 inciderent
1075 3437 1103 3484 et
1120 3429 1394 3501 asoopodeclinnren-

153 3499 652 3568 essent,Germnniceteuetuus1n.
688 3500 760 3554 Nam
793 3509 845 3554 tur.
865 3499 944 3563 Quod
961 3509 1083 3570 sequrtur
1099 3499 1179 3568 vulgo
1189 3500 1314 3566 caninus,
1332 3498 1394 3552 scri·

154 3567 245 3620 nullm
263 3567 332 3622 liber
339 3567 539 3638 manuscriptus,
558 3569 758 3639 quantumscio,
793 3567 833 3639 psi
851 3568 991 3621 conminus
1010 3575 1038 3620 et
1054 3565 1158 3620 ratione
1174 3574 1274 3632 motus,
1297 3566 1395 3639 quippe

156 3652 186 3686 se
205 3637 344 3690 tuebantur
361 3637 449 3700 habet,
466 3636 578 3690 Aldinus
595 3636 682 3691 editor
698 3655 760 3708 pro-
795 3637 866 3706 quod
884 3635 1039 3689 vocabulum
1056 3652 1073 3688 a
1089 3653 1169 3688 mauu
1186 3635 1339 3701 deducatur,
1367 3643 1396 3688 et

158 3717 258 3755 nomen
274 3703 369 3758 adiecit
385 3713 414 3758 et
427 3703 520 3776 reliqui
529 3714 675 3772 servarunt,
695 3722 760 3775 quos
794 3703 926 3758 constanti
943 3703 1101 3782 optimorum
1118 3703 1236 3757 codicum
1254 3702 1395 3756 Curtiano·

158 3785 234 3822 nnnc
249 3786 303 3823 non
321 3771 423 3840 imitor,
449 3789 485 3825 ne
512 3772 575 3842 quid
592 3771 760 3845 proprietatis
794 3791 853 3826 rum
869 3779 1035 3825 auctoritate.
1054 3771 1096 3826 cf.
1107 3771 1228 3825 Cortium
1244 3771 1278 3825 ad
1286 3771 1394 3832 Sallust.

157 3839 300 3908 detergam
317 3855 416 3894 verens.
438 3840 505 3894 Mox
514 3859 561 3894 con
574 3844 624 3895 erti
633 3841 760 3895 cumMo·
795 3839 855 3894 Cat
873 3857 895 3892 c.
914 3846 956 3905 60,
974 3846 1000 3893 a.

155 3904 203 3959 dio
222 3906 284 3960 dedi
301 3924 334 3960 ex
351 3907 424 3962 libris
442 3907 515 3969 Leid.
565 3909 678 3976 onAB,
695 3909 761 3963 item
829 3911 852 3988 fi.
872 3915 895 3961 o.
932 3907 1101 3961 advesarius
1132 3909 1258 3978 eupator]
1295 3907 1395 3962 Omnes

154 3974 229 4029 Flor.
248 3973 309 4030 GH
326 3975 407 4030 Bern.
424 3977 457 4029 B.
492 3975 576 4032 Miror
592 3977 620 4030 in
636 3978 717 4030 Bern.
734 3981 761 4032 A
795 3993 847 4029 mer
870 3984 899 4029 et
916 3973 1049 4029 Snalrenb.
1118 3975 1168 4030 'ces
1194 3979 1320 4030 adversm
1338 3979 1395 4048 sot.

155 4051 187 4095 ct
203 4042 306 4097 Vossl
327 4060 383 4098 esse
400 4043 537 4114 vulgatum
555 4048 683 4100 comati:
700 4063 762 4098 nam
795 4051 900 4116 praeter
917 4043 988 4098 Flor.
1005 4046 1040 4097 h
1062 4043 1116 4097 Sed
1133 4061 1187 4097 non
1204 4061 1270 4114 opus
1287 4044 1337 4097 fuit
1354 4061 1396 4097 re·

155 4127 209 4180 ego
234 4110 344 4182 quidem
369 4111 474 4166 minime
500 4113 592 4167 dubito
619 4113 682 4184 quin
699 4114 724 4166 h.
734 4113 762 4181 l.,
795 4112 906 4167 stituere
922 4113 993 4182 quod
1010 4111 1121 4166 aldinus
1139 4111 1225 4165 editor
1241 4131 1289 4167 suo
1306 4113 1395 4166 Marte

155 4179 287 4248 quoniam
310 4179 431 4249 sequitur
454 4191 478 4234 et
495 4183 572 4249 quasi
589 4184 761 4248 cohaerentes,
795 4181 931 4234 inventum
948 4179 1056 4251 reliquis
1073 4189 1245 4250 persuaserat

154 4263 298 4301 commune
315 4255 345 4300 et
363 4247 489 4301 usitatum
498 4251 605 4303 verbum
616 4265 762 4321 praeoesse·
831 4249 897 4319 (lap.
916 4253 958 4315 27,
978 4251 1001 4317 ξ.
1021 4256 1043 4300 t.
1080 4266 1157 4318 quom
1183 4251 1275 4302 militis
1293 4252 1395 4317 munia]

153 4313 202 4381 rit,
223 4315 304 4386 quale
321 4323 364 4368 est
381 4318 491 4386 conferti
499 4319 620 4388 qrtuiuqt,
640 4335 762 4372 noncorr-
795 4316 885 4387 Vulgo
902 4315 990 4370 oditur
1006 4334 1123 4378 maruan,
1143 4316 1214 4386 quod
1231 4334 1265 4370 ox
1283 4317 1396 4371 deterio-

154 4385 237 4504 ffi'
256 4383 341 4506 tquod
367 4391 395 4437 et
412 4383 496 4454 ipsum
513 4384 708 4440 similitudinem
724 4385 762 4440 rei
795 4385 868 4508 qiibqq
886 4384 1071 4506 codphqqqiletsi
1087 4393 1149 4437 suut
1174 4385 1296 4465 liernss
1323 4385 1395 4464 Flor.

225 4467 255 4504 re
868 4471 917 4507 oss.
961 4471 988 4506 m
1040 4471 1049 4505 1
1072 4469 1134 4506 ones
1151 4470 1282 4525 principes
1299 4469 1395 4522 migra-
