3254 5292
249 381 320 451 112
715 387 752 454 o.
781 389 905 442 suasu
929 391 1013 442 surr
1075 453 1079 460 Ι

248 582 367 654 omnia
392 580 667 676 longinquarum
698 573 858 672 gentium
892 571 1024 644 auxilia
1048 569 1286 668 Babyloniam
1320 570 1484 644 contrahi

246 691 358 765 iussit.
405 687 585 762 Bactriani
613 683 839 784 Scythaeque
872 691 908 754 et
941 679 1021 754 Indi
1047 686 1309 753 convenerantz
1336 691 1484 754 namet

246 812 446 876 ceterarum
465 799 625 897 gentium
645 796 768 893 copiae
785 791 949 891 partibus
972 791 1078 864 simul
1099 790 1288 864 affuerunt.
1316 788 1484 864 Ceterum
1501 810 1516 858 s

247 937 328 985 cum
354 909 501 984 dimidio
526 910 638 981 ferme
663 907 778 978 maior
802 913 899 978 esset
923 902 1122 992 exercitus,
1159 924 1266 997 quam
1297 900 1336 974 in
1363 899 1484 974 Cilicia

246 1025 383 1111 fuerat,
418 1019 539 1092 multis
565 1041 667 1090 arma
692 1015 858 1105 deerant,
894 1031 985 1111 quae
1018 1034 1158 1086 summa
1191 1037 1277 1084 curs.
1302 1037 1483 1110 compara-

245 1133 386 1206 bantur.
440 1128 628 1226 Equitibus
655 1128 825 1224 equisque
850 1134 1059 1223 tegumenta
1084 1133 1187 1196 erant
1213 1148 1260 1195 ex
1284 1122 1408 1196 ferreis
1433 1123 1482 1195 la·

244 1243 349 1314 minis
377 1241 468 1313 serie
493 1240 587 1312 inter
613 1263 652 1313 se
678 1238 867 1311 connexisz
896 1237 974 1333 quis
1001 1243 1107 1308 antea
1131 1243 1275 1331 praeter
1296 1233 1414 1321 iaculav
1432 1233 1482 1305 ni·

245 1354 296 1426 hil
340 1350 508 1439 dederat,
552 1359 654 1422 scuta
696 1348 875 1447 gladiique
919 1345 1195 1420 adiiciebantur:
1241 1362 1516 1441 equorumques

245 1460 416 1535 domandi
440 1483 568 1556 greges
594 1459 774 1556 peditibus
800 1457 982 1530 distributi
1008 1464 1101 1546 sunt,
1127 1464 1170 1527 ut
1194 1454 1307 1526 maior
1331 1456 1482 1552 pristino

246 1581 341 1646 esset
366 1572 563 1666 equitatus:
597 1571 811 1667 ingensque,
839 1578 880 1641 ut
914 1562 1132 1655 crediderat,
1167 1565 1325 1638 hostium
1355 1575 1481 1655 terror,

249 1680 426 1753 ducentae
450 1681 601 1753 falcatae
629 1679 836 1777 quadrigae,
862 1678 1007 1750 unicum
1031 1677 1173 1749 illarum
1198 1678 1358 1774 gentium
1383 1676 1482 1748 auxi·

245 1793 346 1882 lium,
382 1801 526 1864 secutae
561 1799 656 1863 sunt.
707 1788 765 1862 Ex
796 1813 936 1862 summo
967 1797 1111 1860 temone
1140 1788 1267 1861 hastae
1301 1787 1515 1885 praefixaes

242 1903 337 1976 ferro
364 1900 586 1992 eminebant,
612 1900 792 1997 utrimque
818 1924 841 1972 a
865 1901 949 1996 iugo
976 1909 1098 1971 ternos
1126 1897 1308 1972 direxerat
1332 1897 1481 1996 gladios,

242 2014 336 2086 inter
361 2012 481 2086 radios
507 2021 669 2084 rotarum
694 2013 799 2110 plura
825 2011 961 2109 spicula
986 2009 1191 2082 eminebant
1215 2010 1253 2082 in
1278 2008 1481 2098 adversum,

242 2123 332 2196 aliae
366 2121 494 2196 deinde
520 2124 627 2195 falces
661 2122 807 2195 summis
839 2130 1001 2194 rotarum
1031 2118 1177 2192 orbibus
1204 2120 1418 2210 haerebant,
1444 2129 1483 2192 et

242 2233 331 2305 aliae
356 2234 393 2305 in
419 2243 553 2305 terram
579 2231 769 2323 demissas,
801 2229 967 2329 quicquid
994 2229 1141 2303 obvium
1167 2230 1352 2304 concitatis
1380 2231 1480 2328 equis

240 2343 381 2432 fuisset,
408 2352 666 2444 amputaturae.

242 2573 286 2626 slii
304 2573 384 2626 etiem
411 2573 494 2642 (Flor.
516 2573 569 2625 ΕΗ
589 2580 619 2627 ct
634 2572 715 2627 Bern.
733 2571 756 2624 Β
775 2589 792 2624 a
807 2589 842 2624 m.
877 2571 1012 2625 Snakcnb.
1029 2579 1058 2624 et
1075 2571 1171 2625 nostris
1188 2571 1476 2637 Bemnslonassc,

242 2646 365 2711 correct.)
392 2642 494 2694 addunt
518 2645 636 2694 stenuior
657 2659 700 2706 eo,
723 2639 794 2693 Flor.
819 2639 842 2693 O
877 2639 945 2694 sicut
961 2657 1041 2709 supra
1058 2647 1099 2694 est
1117 2642 1224 2692 dederm
1241 2658 1291 2710 pro
1306 2657 1338 2694 eo
1353 2641 1478 2709 quodsst

242 2720 337 2779 monto
353 2711 485 2762 suenuior
502 2727 530 2762 so
548 2719 622 2762 esset.
656 2708 785 2778 Princeps
802 2715 843 2760 ta·
877 2707 933 2761 dari
950 2707 1069 2761 imserat.
1088 2707 1158 2760 Tum
1172 2717 1195 2761 et
1209 2707 1302 2761 sustuli
1317 2709 1388 2788 quod

240 2795 301 2830 men
318 2778 405 2831 editor
426 2794 483 2830 rem
509 2775 647 2830 intellexit
684 2775 741 2830 Cic.
758 2776 842 2831 Acsd.
877 2775 974 2846 legitur
991 2783 1054 2829 ante
1072 2777 1139 2828 inter
1156 2777 1262 2842 rudior,
1282 2794 1345 2846 qun
1361 2776 1389 2828 in
1406 2792 1478 2829 nuo

238 2851 339 2967 librili
357 2847 631 2967 dit”ridietin(llrltiliiluii¹
643 2863 730 2966 idibv?
745 2845 841 2965 litandi·
875 2845 940 2965 i‘ldi
953 2844 1358 2981 mlei‘liitdliscdidisidelirldrr'
1372 2844 1478 2982 ygidii

240 2998 292 3052 que
314 2982 460 3053 particulae
482 2982 516 3034 ab
533 2981 664 3035 adisetiro
681 2997 728 3034 suo
746 2980 842 3034 duem-
876 2991 1011 3046 rotorum,
1033 2980 1104 3051 quod
1129 2981 1254 3032 mendum
1275 2980 1376 3048 effecit,
1402 2986 1478 3033 utet

238 3059 302 3122 ptus
319 3051 440 3122 exempla
457 3057 560 3117 extant,
578 3059 610 3103 ut
633 3049 702 3103 infra
720 3067 741 3104 c
757 3056 842 3115 ra,4
877 3047 1016 3102 omissione
1044 3055 1073 3100 et
1104 3046 1251 3101 adiectione
1284 3050 1426 3102 verborum
1449 3047 1478 3100 in

239 3128 291 3172 tum
309 3121 343 3172 ab
360 3123 444 3173 amico
461 3120 557 3172 animo.
876 3118 936 3170 edd.
954 3116 1087 3170 veteribus
1104 3124 1266 3185 peccaretur.

273 3187 449 3254 Babylonium
471 3187 612 3253 conualuit]
652 3185 704 3239 Hic
724 3184 842 3255 plerique
910 3186 1018 3237 smnmis
1035 3193 1153 3237 retamim
1170 3185 1291 3264 abitus]
1310 3183 1355 3239 Sic
1371 3183 1478 3238 Modius

239 3254 315 3306 codd.
332 3256 392 3306 Bob
409 3256 520 3313 uniam,
546 3253 614 3306 sieut
744 3252 841 3316 editur,
876 3251 1074 3319 emembranis,
1091 3259 1123 3304 ut
1136 3251 1182 3317 sit,
1200 3251 1314 3322 scripsit,
1328 3259 1479 3306 eumentes

260 3329 347 3373 meter
368 3272 439 3374 Flos.
457 3319 548 3373 DFGI
575 3319 620 3390 qui
646 3321 688 3373 Ba
707 3321 778 3373 ilonu
795 3327 842 3372 aut
876 3338 925 3390 pro
949 3321 1057 3373 summis
1079 3319 1213 3389 legeretur
1234 3323 1386 3374 submissae.
1426 3319 1479 3374 Est

265 3389 381 3441 abillonis
398 3389 559 3458 praefsmnt.
596 3385 663 3438 Vide
680 3388 715 3439 ud
732 3401 775 3454 111,
793 3395 818 3440 4.
876 3404 939 3440 sane
956 3390 1063 3441 suminis
1081 3386 1109 3440 in
1125 3387 1197 3442 Flor.
1207 3387 1305 3456 DFGI,
1323 3387 1351 3440 in
1367 3387 1476 3458 reliquis

274 3459 297 3523 ξ.
315 3461 340 3509 8.
374 3457 532 3524 tegumento]
550 3454 624 3506 leid.
642 3457 717 3507 Voss.
738 3462 749 3507 l
769 3455 841 3508 Flor.
875 3455 947 3509 Flor.
968 3464 997 3508 et
1018 3463 1132 3526 utroque
1157 3456 1238 3510 Bern.
1261 3465 1289 3510 et
1306 3455 1476 3510 snakenbur-

238 3526 265 3576 Α
282 3523 362 3576 Bern.
380 3524 406 3575 A
423 3524 574 3592 tegimento,
592 3521 663 3575 Flor.
681 3521 735 3575 ΕΗ
759 3523 839 3576 Bem.
875 3523 959 3594 ςὶιιιιίι
980 3531 1022 3577 ost
1043 3525 1197 3578 summissae
1219 3532 1266 3578 aut
1292 3526 1333 3594 (in
1348 3524 1421 3578 Flor.
1438 3524 1475 3604 E)

238 3591 270 3644 Β·
289 3600 426 3660 teptnenta.
472 3589 540 3644 Mox
570 3591 675 3644 conexis
709 3591 790 3643 Bern.
812 3592 842 3644 A
874 3593 1027 3646 submissos.
1049 3591 1108 3645 Nec
1124 3600 1213 3645 tamen
1230 3610 1284 3646 non
1336 3593 1375 3646 tui
1392 3591 1477 3646 Modri

238 3658 310 3712 Flor.
327 3659 386 3714 Ac.
875 3659 999 3714 iudicium
1012 3661 1133 3730 probare,
1151 3668 1180 3714 et
1193 3677 1253 3714 cuin
1311 3660 1478 3714 emsenbere

274 3731 297 3793 9
322 3734 347 3780 4.
385 3727 497 3780 hostium
524 3727 621 3798 ter-ror]
664 3726 724 3781 Hoc
749 3727 841 3780 culina
876 3730 1018 3791 demissos,
1051 3744 1209 3799 quamquem
1229 3729 1281 3784 hoc
1301 3728 1389 3783 nonl
1424 3728 1478 3782 'tur

238 3810 329 3850 omncs
356 3793 441 3848 nostri
471 3806 500 3847 et
525 3793 598 3849 Mod.
624 3793 714 3848 editio.
752 3795 842 3866 Vulgo
874 3795 926 3849 nisi
942 3795 969 3849 in
986 3795 1058 3849 Flor.
1074 3795 1101 3848 D
1120 3805 1148 3850 et
1165 3813 1199 3850 ex
1216 3813 1281 3852 corr.
1299 3797 1327 3851 in
1345 3797 1377 3850 Ε.
1427 3797 1478 3852 liae

238 3872 324 3916 terror
340 3865 459 3917 bostium.
875 3863 955 3918 fuloes
972 3881 1006 3918 ex
1023 3863 1130 3918 orbibus
1147 3873 1265 3919 rotarum
1286 3867 1427 3933 extabant,
1446 3873 1478 3919 ut

273 3934 297 3998 ξ,
318 3937 342 3984 5.
355 3932 494 4012 praefisus
502 3933 594 4002 ferro]
614 3930 700 3985 codd.
713 3939 742 3984 et
756 3931 838 3987 Snuk.
875 3932 951 3985 simul
969 3950 1028 3986 cum
1045 3932 1149 4003 spinalis
1162 3933 1234 3988 inter
1245 3941 1318 3988 rotas
1331 3935 1478 3987 lacerarent

237 4005 267 4052 ct
284 4007 368 4052 nostri
385 4016 475 4052 omues
493 4007 598 4069 practer
614 3998 638 4052 F
639 3998 686 4053 lor.
706 3997 746 4053 GI
757 4017 841 4069 prus·
876 3999 1001 4072 quioquid
1017 4019 1034 4054 a
1050 4000 1134 4055 latere
1151 4010 1231 4069 esset3
1249 4002 1316 4056 uliae
1332 4001 1401 4056 infra
1418 4019 1478 4056 cur·

227 4068 289 4135 fixo
305 4070 399 4136 sciro,
428 4075 457 4120 et
487 4067 644 4138 recepissem
673 4067 841 4122 auctoritatis
875 4085 933 4122 rum
958 4069 1081 4124 deorsum
1158 4071 1267 4124 ctubsnt
1300 4076 1358 4136 (ese
1387 4079 1478 4124 sutem

238 4152 316 4189 causa
339 4136 367 4188 ni
389 4136 422 4188 de
444 4151 493 4188 usu
516 4134 651 4207 scriptoris
671 4135 757 4190 nostri
777 4153 838 4192 oon-
874 4139 981 4192 suntin
999 4148 1093 4191 tetrum
1130 4140 1240 4192 emisscoe
1256 4155 1310 4192 non
1327 4139 1476 4218 dimissae),

237 4211 323 4256 staret
340 4203 405 4257 loeis
423 4202 549 4257 similibus
566 4219 610 4271 111,
628 4211 654 4270 4,
675 4211 688 4256 7
706 4213 736 4258 et
753 4210 778 4272 8,
797 4211 839 4260 20.
874 4213 906 4260 ut
922 4205 945 4260 si
961 4205 1007 4278 qui
1024 4221 1081 4260 sese
1097 4205 1168 4260 inter
1183 4215 1256 4261 rotas
1273 4207 1381 4260 humum
1395 4205 1477 4260 conri-

237 4271 373 4351 Et'quarn
390 4271 465 4326 faule
482 4272 544 4352 luit,
557 4291 626 4352 ‘cum
649 4271 704 4352 fere
719 4275 840 4342 praefixe
874 4281 965 4328 oerent
981 4274 1171 4328 scinderentur.
1196 4275 1238 4330 Ut
1253 4275 1294 4328 his
1311 4290 1476 4397 opponeren-

238 4340 377 4406 scnbatur,
395 4357 409 4392 a
426 4349 538 4394 transire
555 4359 583 4394 ιιι
601 4341 664 4393 oud
676 4342 839 4412 insequentis
873 4349 927 4410 tur,
945 4359 1003 4396 eum
1020 4341 1055 4396 ob
1072 4359 1175 4396 causan
1192 4343 1296 4398 orbium
1313 4345 1340 4398 fa
1351 4359 1392 4398 css
1406 4341 1476 4395 dixit

237 4408 357 4461 vocabuli
381 4407 594 4462 similitudinem?
630 4407 685 4462 Sed
706 4412 839 4464 braeost
873 4410 900 4464 in
917 4411 1025 4465 summis
1042 4410 1149 4464 orbibus
1167 4411 1393 4484 haesisse,*quod
1410 4409 1476 4464 alio·

237 4477 326 4546 recepi
350 4493 400 4546 pro
427 4476 499 4547 vulg.
521 4480 673 4532 direxerant
699 4493 733 4532 ex
762 4477 838 4534 codd.
874 4478 938 4550 quin
963 4496 1017 4534 non
1045 4479 1219 4535 nemausum
1244 4479 1337 4536 fuisset
1368 4481 1474 4546 addere,
