3254 5292
529 407 578 456 ns
605 403 733 456 onsrrs
760 404 869 454 Anax.
897 403 946 470 rv,
974 399 1017 447 rs.
1341 381 1388 452 93

147 591 254 663 niden
285 600 323 662 et
356 587 466 661 duces
501 589 653 661 militum
686 598 767 660 orta
799 587 927 661 seditio
954 584 1175 684 irrumpendi
1201 585 1238 657 in
1264 584 1392 658 urbem

95 720 127 768 ιτ
148 701 371 775 occasionem
403 697 511 772 dedit.
565 697 727 796 Cumque
758 711 865 798 porta
897 701 1046 772 effracta
1071 698 1200 770 cohors
1226 695 1391 769 Macedo·

145 838 234 886 num
268 810 454 901 intrasset,
487 809 673 908 oppidani,
706 811 791 898 olim
823 810 970 883 consilio
1002 808 1216 909 proditionis
1244 807 1391 904 agitato,

147 931 346 1022 aggregant
371 945 411 994 se
436 919 661 1019 Amphotero
688 931 726 994 et
750 919 975 1019 Hegelocho:
1003 919 1267 1016 Persarumque
1292 941 1393 1014 prae·

146 1033 238 1106 sidio
278 1057 398 1121 caeso,
433 1029 690 1106 Pharnabazus
727 1057 810 1105 cum
840 1030 1057 1131 Apollonide
1088 1040 1126 1104 et
1157 1028 1392 1128 Athenagora

93 1162 128 1211 1s
146 1144 258 1216 vincti
284 1140 492 1232 traduntur,
525 1142 713 1217 duodecim
739 1145 902 1216 triremes
930 1169 1012 1215 cum
1038 1167 1104 1215 suo
1130 1141 1243 1214 milite
1269 1164 1311 1212 ac
1337 1163 1390 1210 re·

147 1256 260 1354 mige,
291 1262 521 1351 praetereas
548 1255 696 1352 triginta
720 1255 860 1345 inanes,
896 1264 933 1328 et
959 1254 1099 1351 piratici
1123 1251 1248 1342 lembi,
1284 1247 1392 1324 Grae-

147 1389 343 1461 corumque
375 1363 444 1436 tria
474 1365 572 1438 milia
603 1391 625 1437 a
655 1363 776 1438 Persis
810 1364 976 1438 mercede
1009 1364 1197 1438 conducta.
1257 1359 1325 1433 His
1356 1361 1395 1432 in

149 1477 438 1574 supplementum
464 1476 648 1574 copiarum
674 1501 820 1550 suarum
847 1475 1063 1564 distributis,
1090 1475 1286 1573 piratisque
1312 1495 1393 1569 sup-

147 1589 254 1686 plicio
282 1586 429 1678 affectis,
456 1588 619 1686 captivos
645 1587 799 1686 remiges
826 1587 988 1661 adiecere
1015 1586 1120 1659 classi
1147 1610 1243 1658 suae.

95 1727 128 1774 rc
252 1695 361 1769 Forte
386 1696 630 1790 Aristonicus,
656 1696 993 1797 Methymnaeorum
1018 1709 1210 1797 tyrannus,
1238 1719 1320 1766 cum
1345 1693 1448 1791 psat

147 1809 269 1883 ratiois
301 1807 474 1899 navibus,
511 1811 659 1908 ignarus
695 1811 854 1883 omnium
893 1833 986 1907 quae
1019 1807 1116 1907 apud
1152 1803 1281 1878 Chium
1316 1814 1398 1877 acta

148 1929 264 2009 erant,
290 1917 405 2016 prima
430 1921 551 2018 vigilia
577 1918 777 2019 adportas
804 1921 962 1992 claustra
988 1918 1173 2007 successit,
1200 1917 1396 2011 interroga·

148 2043 281 2127 tuaque
307 2053 330 2101 a
355 2031 563 2104 custodibus
590 2033 669 2130 quis
696 2029 817 2104 esset?
848 2028 1092 2102 Aristonicum
1119 2027 1166 2100 ad
1191 2024 1397 2097 Pharnaba-

92 2163 130 2210 20
150 2165 235 2214 zum
260 2140 383 2212 venire
406 2142 593 2241 respondit
650 2141 704 2213 Illi
731 2138 1006 2213 Pharnabazum
1032 2137 1177 2238 quidem
1203 2136 1275 2208 iam
1301 2136 1398 2232 quie·

151 2275 263 2340 scere,
289 2260 327 2322 et
351 2278 425 2324 non
450 2245 557 2352 posse
582 2263 661 2326 tum
687 2251 796 2343 adiri,
823 2261 983 2324 ceterum
1007 2262 1134 2350 patere
1161 2246 1258 2321 socio
1287 2256 1396 2343 atque

150 2360 288 2458 hospiti
323 2372 483 2460 portum,
519 2375 555 2438 et
594 2375 741 2464 postera
782 2363 839 2437 die
874 2362 1100 2435 Pharnabazi
1136 2359 1276 2458 copiam
1310 2357 1398 2448 fore,
1491 2405 1493 2415 ,

94 2495 129 2542 21
151 2471 344 2545 affirmant.
395 2471 470 2546 Nec
496 2475 676 2550 dubitavit
701 2475 926 2549 Aristonicus
953 2473 1089 2572 primus
1115 2473 1259 2558 intrare,
1287 2467 1401 2542 secuti

151 2592 240 2656 sunt
267 2582 396 2654 ducem
419 2585 558 2681 piratici
583 2585 701 2676 lembi,
728 2611 770 2658 ac
799 2585 885 2657 dum
912 2585 1095 2681 applicant
1118 2581 1264 2679 navigia
1290 2579 1400 2678 erepi-

151 2695 229 2767 dini
256 2703 393 2792 portus,
419 2694 583 2768 obiicitur
610 2722 632 2768 a
657 2696 824 2795 vigilibus
846 2697 1058 2787 claustrum,
1093 2706 1131 2768 et
1157 2695 1218 2790 qui
1243 2691 1399 2791 proximi

151 2803 394 2894 excubabant,
422 2805 466 2877 ab
493 2806 618 2879 iisdem
645 2808 868 2880 excitantur:
902 2807 1001 2880 nullo
1028 2831 1075 2877 ex
1100 2805 1156 2877 his
1183 2827 1272 2875 auso
1299 2827 1402 2899 repu-

152 2941 286 3016 gnare,
322 2915 484 2987 omnibus
520 2927 667 2990 catenae
701 2917 852 2990 iniectae
887 2929 991 3005 sunt,
1018 2914 1241 3012 Amphotero
1274 2910 1404 2983 deinde

96 3047 132 3095 22
151 3023 435 3123 Hegelochoque
465 3026 667 3100 traduntur.
721 3025 815 3100 Hinc
840 3025 1056 3100 Macedones
1089 3021 1264 3096 transiere
1294 3020 1400 3120 Mity-

153 3140 280 3224 lenen,
316 3159 421 3228 quam
448 3135 580 3210 Chares
607 3139 837 3211 Atheniensis
870 3161 985 3236 nuper
1011 3143 1224 3230 occupatam
1251 3131 1404 3204 duorum

154 3245 297 3319 milium
322 3243 511 3319 Persarum
546 3247 725 3345 praesidio
759 3249 923 3320 tenebat:
963 3244 1028 3318 sed
1062 3270 1144 3317 oum
1179 3242 1403 3316 obsidionem

153 3357 317 3432 tolerare
343 3380 415 3430 non
440 3372 572 3457 posset,
599 3360 688 3432 urbe
715 3358 859 3448 tradita,
885 3368 1013 3456 pactus
1040 3365 1082 3428 ut
1107 3354 1276 3426 ineolumi
1302 3353 1401 3426 abire

155 3471 296 3558 liceret,
323 3468 479 3542 Imbrum
505 3471 604 3567 petit.
656 3466 796 3542 Deditis
823 3467 1037 3542 Macedones
1065 3474 1312 3566 pepercerunt.

97 3599 145 3649 vr.
266 3578 405 3652 Dareus
437 3581 626 3678 desperata
660 3607 763 3679 pace,
796 3606 903 3676 quam
935 3605 999 3677 per
1031 3578 1169 3650 litteras
1195 3577 1455 3674 legatosque25

196 3805 222 3870 ξ.
248 3807 289 3854 18.
320 3813 425 3871 macter
451 3823 495 3858 aas
525 3807 635 3874 triptota
663 3808 765 3868 inanes,
835 3809 859 3872 ξ.
877 3811 919 3857 20.
981 3811 1067 3855 catera
1100 3803 1142 3854 dia
1172 3809 1285 3870 uterquc
1315 3801 1407 3865 Bana,

156 3869 260 3992 isiupple
278 3869 406 3950 triremes,
424 3881 455 3924 ut
472 3882 641 3952 opponantur
657 3873 766 3927 illiemi-
801 3871 940 3952 Flor3AB
967 3869 1020 3924 ΕΗ
1043 3877 1072 3922 et
1094 3879 1150 3922 tres
1171 3885 1188 3920 a
1205 3867 1408 3948 S·nalrenhurgio

157 3941 767 4086 ὥοὲθξιῗιΐέῖέξτῗὲωὲῦῖωυῶἓαῧξῗ
801 3937 1028 4075 {illailgmgo
1045 3948 1159 4085 postero.
1194 3936 1330 4083 Vrdacd
1361 3950 1408 4004 nr,

157 4083 218 4129 lac
236 4073 467 4154 Mpdramsfllrbflns.
485 4076 574 4155 Vulgo
587 4079 768 4156 qcres,quod,
839 4081 863 4156 §3
880 4083 922 4129 21.
948 4077 1025 4153 nullo.
1038 4091 1069 4154 qr
1086 4075 1128 4126 los
1146 4075 1222 4139 caso]
1256 4071 1301 4125 Sic
1318 4087 1408 4124 omnes

159 4160 287 4214 quamius
305 4142 432 4222 explicari
448 4153 544 4212 possit,
571 4163 656 4198 mmus
679 4153 769 4206 tamen
803 4145 864 4197 lihn
882 4161 956 4207 msa,
984 4143 1050 4195 edrtr
1067 4150 1173 4212 praeter
1188 4140 1261 4221 Mod.
1279 4143 1408 4220 zadoqqe.

157 4213 195 4264 ad
215 4227 277 4264 rem
293 4211 402 4262 videtur
419 4221 509 4280 aptum
527 4228 591 4265 esse.
645 4282 650 4294 ι
804 4213 931 4292 Ceterum
948 4212 1031 4291 habet
1048 4210 1165 4289 BernA
1183 4227 1217 4289 ts,
1236 4207 1307 4261 Flor.
1320 4213 1344 4260 A
1363 4225 1408 4288 as,

195 4280 265 4350 Cap.
294 4285 343 4342 24,
361 4280 391 4358 ¹§.
420 4285 459 4332 19.
498 4283 572 4359 opud
594 4280 693 4359 'Utrum
719 4299 769 4360 prq
803 4281 886 4334 Butr
904 4279 973 4333 solet
990 4281 1054 4344 hirs,
1079 4286 1160 4330 oeten
1183 4279 1233 4330 tra
1270 4276 1335 4356 Mox
1353 4277 1409 4328 Mt-

157 4348 234 4416 vulg.
254 4349 294 4399 ad
314 4347 409 4398 Claram
431 4363 520 4399 omnes
542 4347 602 4402 lrbrr
623 4365 697 4414 msa,
719 4367 769 4401 run
804 4351 904 4417 tylenen
926 4347 1042 4400 BernA
1058 4345 1129 4399 Flor.
1144 4344 1230 4410 ABD,
1249 4345 1410 4397 deterrorunr

178 4415 234 4468 uod
258 4417 336 4535 qpud
359 4414 457 4480 Tynna
478 4415 600 4469 Bernss
627 4416 698 4470 Flor.
716 4415 769 4470 ΕΗ
803 4417 884 4537 purbta
900 4415 1166 4537 silwiffln'qui
1192 4429 1332 4484 perperam
1349 4412 1411 4464 ede-

189 4499 241 4544 oss.
280 4523 286 4534 .
824 4499 857 4538 aa
888 4501 922 4536 an
1043 4497 1077 4535 en
1096 4499 1209 4552 orgium.
