3214 5288
248 343 295 415 36
712 356 746 420 a.
775 357 1009 409 curruum

244 556 344 619 retur
379 552 557 617 eventum.
610 533 761 614 Rursus
775 534 1001 631 occurrebat,
1028 542 1165 614 maiora
1190 541 1356 639 periculis
1383 538 1486 638 prae-
1506 556 1538 604 ²1

244 657 331 744 mia,
371 663 407 728 et
434 645 529 726 sicut
554 651 703 725 dubium
729 661 840 741 esset,
875 676 921 725 an
947 651 1122 743 vinceret,
1158 652 1209 725 ita
1240 650 1329 724 illud
1361 651 1488 750 utique

244 775 381 839 certum
407 787 495 855 esse,
522 756 673 838 honeste
699 773 844 837 etcum
868 787 1000 861 magna
1025 762 1132 836 laude
1158 763 1381 836 moriturum.
1415 761 1488 836 Ita·
1507 789 1539 836 22

246 900 316 973 que
350 900 502 972 corpora
535 873 664 948 milites
700 899 824 948 curare
858 873 979 965 iussit,
1005 897 1048 946 ac
1074 872 1203 948 deinde
1230 873 1339 948 tertia
1363 873 1489 972 viff'lia

243 987 438 1060 instructos
476 994 514 1058 et
546 995 704 1059 armatos
743 1009 831 1058 esse.
890 981 971 1082 Ipse
1002 985 1040 1056 in
1071 985 1196 1083 iugum
1233 983 1320 1058 editi
1351 985 1488 1058 montis

244 1095 415 1186 ascendit,
441 1094 633 1192 multisque
660 1087 916 1170 collucentibus
941 1096 1078 1169 facibus
1104 1094 1223 1193 patrio
1248 1119 1349 1168 more
1375 1095 1484 1168 sacri·

242 1207 361 1280 ficium
394 1199 460 1280 diis
499 1199 721 1304 praesidibus
753 1207 823 1280 loci
860 1205 953 1279 fecit.
1014 1203 1160 1303 Iamque
1193 1207 1355 1296 tertium,
1392 1205 1488 1278 sicut
1505 1231 1537 1280 as

241 1329 473 1416 praeceptum
506 1311 600 1410 erat,
632 1319 773 1416 signum
804 1316 893 1391 tuba
924 1317 1025 1391 miles
1058 1327 1259 1414 acceperat,
1294 1317 1413 1389 itineri
1442 1317 1487 1389 si·

241 1429 316 1500 mul
341 1436 488 1525 paratus
515 1453 557 1500 ac
582 1429 734 1527 proelio:
760 1427 1088 1527 strenuequeiussi
1114 1427 1318 1526 procedere,
1345 1428 1487 1502 amente

240 1538 320 1610 luce
345 1549 588 1636 pervenerunt
613 1539 660 1612 ad
687 1540 886 1638 angustias,
920 1563 1008 1636 quas
1035 1563 1209 1636 occupare
1237 1537 1486 1614 decreverant.

243 1645 402 1722 Dareum
434 1649 582 1746 triginta
615 1648 698 1723 inde
734 1646 852 1723 stadia
882 1650 1008 1723 abesse
1039 1649 1225 1748 praemissi
1261 1648 1482 1722 indicabant.
1502 1667 1534 1716 ιι

240 1756 342 1832 Tunc
368 1761 562 1834 consistere
588 1783 717 1857 agmen
741 1761 857 1853 iubet,
884 1760 1062 1857 armisque
1087 1762 1164 1859 ipse
1191 1760 1342 1859 sumptis
1370 1760 1487 1834 aciem
1547 1791 1552 1801 ¹

242 1868 394 1944 ordinat.

191 1975 238 2046 22
341 1980 461 2056 Dareo
481 1981 678 2056 adventum
697 1981 855 2055 hostium
873 1981 994 2080 pavidi
1027 1991 1187 2079 agrestes
1211 1981 1485 2072 nuntiaverunt,

239 2093 303 2165 vix
329 2082 488 2166 credenti
515 2118 700 2168 occurrere
727 2094 845 2184 etiam,
864 2118 953 2191 quos
981 2103 1022 2166 ut
1047 2093 1224 2189 fugientes
1251 2094 1484 2189 sequebatur.

239 2200 337 2298 Ergo
368 2228 442 2275 non
476 2201 663 2277 mediocris
699 2203 857 2276 omnium
892 2204 1029 2278 animos
1055 2201 1212 2275 formido
1236 2201 1483 2303 [incesseratz]
1502 2231 1531 2280 ιι

239 2312 370 2410 quippe
396 2313 513 2386 itineri
533 2338 640 2409 quam
665 2316 800 2412 proelio
827 2315 982 2412 aptiores
1010 2324 1127 2388 erant:
1152 2315 1355 2412 raptimque
1382 2339 1486 2389 arma

272 2531 295 2596 ᾖ.
306 2535 348 2584 21.
368 2529 691 2598 occurretatmaioraper.
704 2531 840 2600 praemia]
877 2532 903 2582 Α
919 2528 994 2583 Leid.
1009 2530 1085 2584 Voss.
1096 2537 1118 2594 1,
1137 2531 1183 2584 sed
1201 2530 1336 2584 omittitur
1352 2531 1404 2584 hoc
1422 2549 1485 2586 ver-

241 2597 842 2668 OccnrrebatimpersonaliterrestituitFreins-
876 2599 940 2651 bum
956 2597 1064 2653 inFlor.
1075 2599 1216 2653 CDEFHI
1233 2600 1348 2652 Bern.B
1367 2604 1445 2654 Voss.
1456 2608 1482 2655 2.

239 2664 340 2717 hemius
366 2681 382 2717 e
409 2665 500 2720 codice
526 2665 675 2721 Pithceano
701 2674 730 2719 et
756 2665 841 2720 altero
877 2665 954 2720 Solus
971 2666 1042 2720 Flor.
1061 2667 1085 2720 B
1104 2667 1286 2722 collucentibus
1299 2671 1392 2737 patrio
1410 2687 1484 2723 more

239 2731 436 2802 Bongarsisno:
458 2735 529 2787 hunc
547 2751 603 2788 esse
641 2743 689 2788 uto
706 2735 787 2788 Bern.
806 2735 840 2800 Α,
867 2736 987 2804 facibus.

258 2817 354 2854 uocum
372 2803 542 2856 consentiunt
558 2803 606 2856 Lei
627 2804 719 2857 .Voss.
738 2811 750 2856 1
769 2801 840 2856 Flor.
929 2844 935 2856 .
954 2809 995 2857 23.
1019 2805 1109 2857 itinera¹
1126 2804 1206 2858 simut
1217 2813 1334 2874 paratos
1353 2823 1386 2858 ac
1398 2823 1482 2874 proe-

238 2817 307 2924 bD:
326 2868 423 2940 reliqui
440 2879 469 2924 et
486 2871 545 2925 edd.
560 2872 736 2926 vett.habent
753 2888 841 2924 occur-
877 2872 912 2923 lio
959 2870 1014 2926 Pro
1031 2873 1102 2951 vulg.
1122 2882 1145 2926 et
1162 2872 1256 2952 scripsi
1273 2889 1321 2940 ac,
1344 2880 1376 2926 ut
1394 2882 1436 2927 est
1455 2875 1484 2928 in

238 2939 344 3005 rebant,
373 2955 440 3008 quse
463 2940 626 2994 constmctio
646 2957 706 2993 cum
723 2939 754 2992 iis
773 2955 842 3009 quae
877 2939 997 2992 omnibus
1030 2939 1102 2993 libras
1135 2949 1231 2994 nostra
1282 2949 1372 2994 raeter
1398 2961 1484 2996 unum

237 3004 412 3076 insequuntur
428 3026 483 3062 non
501 3008 633 3063 convenit.
876 3006 989 3061 Flor.B.
1007 3007 1082 3061 Nihil
1091 3008 1209 3062 interest.
1300 3011 1393 3064 itinere
1407 3027 1484 3064 men·

281 3077 348 3129 sient
372 3078 478 3130 dubium
496 3088 562 3131 esset
581 3095 616 3130 cn
634 3081 746 3130 vinceret
772 3077 842 3129 idem
876 3075 939 3128 dose
956 3076 1036 3129 Bern.
1055 3076 1081 3129 Α
1098 3076 1173 3130 Leid.
1191 3077 1268 3130 Voss.
1289 3084 1311 3130 1.

240 3143 324 3196 ferme
350 3144 422 3196 valet
444 3161 476 3198 ac
498 3149 565 3198 sicat
583 3161 692 3224 sperare
703 3154 795 3214 posset
813 3161 842 3198 se
910 3147 985 3263 Ψ.
1010 3146 1092 3198 aciem
1110 3146 1229 3266 udinnq
1247 3145 1292 3198 Sic
1309 3145 1382 3199 haud
1399 3149 1483 3216 paulo

238 3213 397 3277 stapenorem
405 3214 478 3280 sore.
496 3211 621 3265 Nolohrc
633 3221 755 3282 repetere
773 3227 841 3281 quae
875 3228 917 3264 me
930 3211 968 3264 'us
993 3229 1072 3282 quam
1089 3213 1160 3293 vulg.
1179 3231 1209 3265 or
1229 3215 1320 3266 instat
1336 3211 1409 3268 Flor.
1419 3217 1445 3268 B
1456 3215 1484 3270 G

238 3275 267 3327 in
284 3277 533 3345 grammaticarum
551 3281 635 3344 §.854
653 3279 754 3358 scripsi.
875 3279 955 3332 Bern
974 3281 999 3333 A
1018 3297 1078 3333 cum
1095 3280 1169 3334 Lerd.
1187 3280 1264 3334 Voss.
1285 3290 1307 3334 1.

273 3345 297 3410 ς.
315 3349 357 3396 22.
375 3348 452 3398 tertia
470 3347 562 3414 cipitia
580 3345 597 3398 i.
607 3361 629 3398 e.
647 3347 734 3399 media
751 3354 839 3415 nocte,
910 3346 977 3417 Cap.
995 3355 1036 3401 22.
1055 3351 1078 3416 §-
1097 3354 1138 3402 25.
1172 3349 1284 3402 omnium
1302 3352 1406 3404 animos
1415 3353 1482 3422 sor-

239 3412 453 3492 quandoquidem
486 3421 582 3483 quarta
611 3414 724 3483 primam
754 3413 841 3468 lucem
876 3417 945 3468 mido
963 3417 1117 3487 incesserat]
1136 3417 1196 3470 Hoc
1214 3417 1273 3471 loco
1291 3416 1344 3470 vim
1362 3419 1482 3474 affenmt

240 3480 387 3546 antecedit,
414 3481 467 3534 rid
485 3495 538 3549 vn,
557 3487 581 3536 8.
617 3481 672 3536 Sed
697 3484 841 3536 secundum
876 3482 1010 3538 codicibus
1028 3485 1141 3539 editores
1150 3485 1388 3540 sedneccssariam.
1406 3487 1481 3543 Flor.

239 3545 382 3600 Arrinnu'm
401 3553 444 3616 (11,
451 3553 479 3616 8)
497 3565 607 3621 vespere
626 3567 686 3604 cum
703 3552 841 3622 profectus
875 3551 945 3604 enim
963 3553 1039 3606 codd.
1059 3551 1480 3611 camBern.itI.eid.Voss1.2

240 3621 310 3667 esset
337 3614 408 3668 circa
434 3617 679 3679 mediamnoctem
706 3619 840 3700 angustias
875 3621 975 3674 habent
992 3623 1105 3674 omnium
1123 3624 1211 3675 anima
1219 3624 1352 3691 formido,
1379 3623 1407 3676 in
1424 3641 1482 3680 uno

239 3681 361 3762 pylcrurn
379 3686 529 3756 occupavit,
546 3687 840 3758 reliquamnoctrspar·
875 3687 1227 3771 Flor.sssuperse1·iptum
1244 3699 1295 3770 est,
1314 3700 1343 3744 et
1359 3691 1481 3747 inBern.

238 3759 294 3801 tem
303 3767 437 3819 qmescere
447 3755 601 3824 exercitum,
616 3755 730 3836 denique
738 3757 840 3809 oriente
875 3756 899 3809 B
918 3764 1027 3810 notatur
1043 3773 1100 3810 esse
1117 3761 1228 3812 animis:
1251 3759 1347 3812 danda
1365 3763 1481 3816 incesse-

238 3816 299 3896 luce
316 3819 450 3890 explicare
468 3839 525 3876 sese
543 3840 578 3877 ex
596 3824 723 3894 angustus
737 3825 795 3878 viae
812 3833 841 3878 et
875 3834 918 3876 rat
936 3824 963 3876 in
981 3823 1053 3878 nullo
1072 3825 1163 3879 codice
1180 3825 1318 3880 inventum
1335 3836 1386 3882 est.
1424 3829 1480 3884 Ta-

239 3903 267 3937 m
284 3886 367 3939 scicm
385 3891 527 3944 consistere
544 3891 627 3945 iussit.
874 3907 935 3945 men
952 3892 1039 3945 facere
1056 3911 1110 3948 non
1127 3911 1233 3964 possum
1255 3896 1320 3965 quin
1342 3905 1418 3951 recte
1444 3901 1480 3952 ab

273 3957 302 4004 in
320 3959 331 4006 ι·
383 3975 408 4008 m
426 3989 460 3999 —
477 3961 606 4030 oscordlt]
631 3959 707 4012 Haec
726 3967 767 4013 est
784 3961 839 4013 edi-
874 3977 905 4014 eo
924 3959 1125 4031 quiprincipem
1133 3963 1398 4030 editionemcuravit‚
1418 3969 1481 4020 ani-

239 4027 327 4073 tcrum
356 4023 471 4078 'brorum
494 4027 573 4080 lectio
592 4045 606 4079 a
624 4027 742 4096 plurimis
761 4028 838 4081 codd.
873 4046 928 4081 mos
946 4030 1088 4083 incesserat
1107 4041 1256 4085 correctum
1280 4041 1388 4102 putem,
1416 4051 1481 4088 narn

240 4089 330 4158 ducta,
358 4093 404 4144 sed
423 4097 510 4163 tapam
528 4127 563 4136 -
580 4097 697 4148 ascendit
714 4096 794 4148 Bem.
813 4096 837 4148 Β
873 4096 958 4175 ipsum
976 4098 1086 4151 verbum
1107 4099 1129 4151 si
1151 4099 1234 4153 ullum
1253 4101 1399 4154 Curtianae
1418 4121 1479 4156 ors-

238 4154 310 4235 Flor.
328 4159 357 4211 H
374 4159 449 4214 Voss.
469 4169 493 4230 2,
518 4166 546 4214 in
564 4163 653 4232 layum
670 4193 705 4203 -
723 4165 837 4216 escendit
872 4163 938 4217 troni
957 4166 1081 4219 convenit
1098 4175 1127 4220 ct
1144 4170 1245 4222 animos
1263 4169 1374 4239 propius
1401 4187 1418 4223 a
1445 4171 1479 4223 li·

239 4222 313 4305 Lerd:
340 4227 421 4281 Bern.
444 4230 483 4298 A,
510 4247 579 4299 quae
603 4229 750 4300 probabilia
775 4240 838 4284 sunt
871 4233 980 4286 bronun
997 4233 1304 4306 scriptmaabestqunm
1317 4239 1425 4304 animis,
1444 4239 1480 4292 dc

240 4308 335 4413 ‹51:11th
353 4297 497 4376 sedtarnen
510 4300 663 4351 recondendi
678 4299 758 4352 verbo
776 4297 837 4352 alibi
873 4319 926 4371 qua
944 4301 1148 4356 constructionis
1165 4303 1296 4358 varietste
1317 4305 1378 4358 vide
1396 4323 1479 4376 supra

309 4379 348 4414 urs
366 4381 419 4418 non
435 4372 528 4418 utitur.
873 4386 896 4423 c.
915 4377 939 4424 2.

240 4493 241 4498 ἵ
275 4430 327 4483 diis
340 4434 511 4500 praesidibus
529 4435 591 4506 loct]
610 4436 662 4490 Dis
680 4438 705 4492 h.
721 4437 738 4492 l.
756 4437 836 4492 Bern.
923 4457 1001 4508 quom
1031 4443 1145 4513 proelio]
1216 4441 1360 4499 Omittitur
1395 4461 1477 4514 qnam
