3270 5290
530 408 580 459 nr
608 407 735 460 ossrrs
762 407 871 460 Anax.
897 407 947 478 vr,
976 405 1018 458 ιι.
1314 387 1389 458 245

149 590 218 665 teri
243 590 383 664 remissi
409 589 573 682 domum,
608 599 752 688 praeter
777 588 1090 681 Lacedaemonios,
1117 613 1207 685 quos
1234 587 1330 662 tradi
1354 589 1391 662 in
1465 629 1468 634 ·

151 699 352 776 custodiam
376 699 490 774 iussit

99 830 130 879 11
253 808 464 884 Mardomm
495 821 573 884 erat
607 835 697 910 gens
729 809 877 884 confinis
911 807 1130 910 Hyrcaniae,
1166 810 1263 884 cultu
1293 810 1440 885 vitac16

150 945 280 1020 aspera
306 931 343 996 ct
365 921 563 1002 latrociniis
590 931 743 994 assueta.
795 918 896 994 Haec
930 922 1007 995 sola
1032 945 1099 994 nec
1123 921 1262 1018 legatos
1288 921 1390 995 mise·

149 1042 222 1123 rat,
258 1025 339 1105 necx
359 1029 550 1105 videbatur
581 1032 758 1130 imperata
788 1031 936 1105 factura
989 1029 1115 1128 Itaque
1141 1055 1208 1104 rex
1232 1029 1392 1128 indigna·

148 1151 218 1232 tus,
246 1143 276 1215 si
302 1166 375 1214 una
399 1165 488 1239 gens
515 1153 640 1240 posset
665 1141 824 1232 efficere,
850 1165 896 1214 ne
921 1141 1076 1216 invictus
1103 1149 1213 1231 esset,
1246 1140 1393 1239 impedi·

148 1252 281 1324 mentis
308 1275 390 1324 cum
415 1253 593 1349 praesidio
619 1252 770 1343 relictis,
796 1251 932 1326 invicta
955 1276 1065 1325 manu
1091 1251 1285 1325 comitante
1310 1276 1392 1349 pro·

82 1381 131 1429 *rs
150 1360 254 1435 cedit
294 1359 413 1434 Noctu
438 1362 507 1436 iter
531 1363 675 1453 fecerat,
689 1373 727 1436 et
751 1362 867 1460 prima
890 1363 970 1436 luce
995 1361 1110 1435 hostis
1130 1362 1173 1433 'in
1199 1371 1394 1459 conspectu

150 1481 244 1544 erat:
279 1471 455 1546 turnultus
490 1473 603 1571 magis
635 1497 743 1570 quam
777 1473 952 1571 proelium
986 1472 1063 1545 fuit
1123 1470 1315 1545 Deturbati
1347 1497 1394 1544 ex

150 1582 310 1673 collibus,
345 1607 435 1678 quos
462 1596 744 1681 occupaverant,
774 1582 918 1656 barbari
943 1583 1194 1681 profirgeruntz
1228 1583 1396 1681 proximi·

99 1709 130 1757 rs
149 1715 220 1786 que
251 1692 321 1766 vici
356 1692 402 1765 ab
433 1693 559 1766 incolis
594 1692 727 1767 deserti
765 1694 962 1791 capiuntur.
1028 1691 1205 1766 Interiora
1238 1693 1394 1792 regionis

150 1801 226 1873 eius
251 1801 350 1876 haud
376 1827 463 1877 sane
490 1803 580 1878 adiri
605 1804 682 1877 sine
706 1827 839 1902 magna
865 1804 1059 1878 vexatione
1086 1803 1265 1876 exercitus
1292 1813 1391 1901 pote·

149 1919 240 1983 rant.
293 1910 383 2011 Iuga
408 1915 585 1987 montium
610 1915 794 2012 praealtae
830 1914 941 1988 silvae
967 1938 1146 2012 rupesque
1172 1914 1289 1987 inviae
1317 1938 1392 1988 sae-

152 2020 273 2116 piunt3
309 2047 362 2114 ea,
389 2049 481 2121 quae
507 2026 616 2123 plana
641 2035 740 2115 sunt,
767 2049 864 2098 novo
889 2024 1100 2098 munimenti
1125 2047 1256 2120 genere
1283 2022 1391 2121 impe·
1501 2115 1506 2124 Ι

99 2147 133 2195 14
151 2128 293 2205 dierant
324 2135 476 2208 barbari.
528 2134 689 2208 Arbores
725 2133 858 2210 densae
893 2146 979 2208 sunt
1005 2133 1051 2207 de
1075 2132 1253 2206 industria
1280 2134 1393 2206 consi·
1452 2126 1455 2132 ⁴

151 2249 226 2332 tae,
253 2267 405 2339 quarum
429 2255 573 2319 teneros
599 2244 717 2319 adhuc
743 2269 861 2319 ramos
893 2269 1003 2318 manu
1028 2243 1195 2334 flectunt,
1227 2267 1316 2340 quos
1342 2244 1393 2315 in·

150 2359 269 2425 tortos
300 2377 424 2428 rursus
457 2357 622 2429 insenmt
658 2364 793 2428 terrae:
834 2354 919 2428 inde
953 2355 1054 2428 velut
1088 2379 1135 2427 ex
1169 2353 1239 2426 alia
1272 2352 1392 2427 radice

99 2477 132 2526 1⁵
150 2461 317 2536 laetiores
352 2463 469 2538 virent
500 2467 626 2538 trunci.
678 2464 776 2555 Hos,
812 2491 884 2562 qua
908 2475 1041 2538 natura
1064 2463 1154 2556 fert,
1186 2462 1392 2538 adolescere

140 2595 223 2644 non
254 2575 392 2646 sinunt:
425 2575 558 2673 quippe
590 2576 699 2649 alium
731 2576 790 2649 alii
821 2577 923 2673 quasi
957 2601 1057 2649 nexu
1082 2584 1294 2665 conserunt3
1329 2574 1408 2671 qui.

148 2681 349 2756 ubimulta
374 2683 502 2758 fronde
527 2686 650 2759 vestiti
677 2696 772 2776 sunt,
799 2687 966 2784 operiunt
991 2697 1135 2759 terram.
1182 2683 1308 2781 ltaque
1334 2708 1392 2756 oc·

150 2791 236 2864 culti
268 2818 452 2866 ramorum
486 2795 588 2869 velut
618 2796 736 2893 laquei
774 2805 950 2894 perpetua
985 2819 1092 2892 saepe
1125 2795 1196 2867 iter
1230 2792 1389 2866 cludunt.

185 2965 752 3108 Gap.lt,§.11.invictcmonn]Importu-
822 2997 845 3062 ξ.
865 3000 906 3048 12.
943 2993 1052 3047 barbari
1059 3061 1065 3071 .
1071 2991 1257 3072 psofayemml]
1292 2990 1393 3059 Prosu-

149 3073 214 3109 num

149 3140 210 3178 cum
237 3123 307 3178 idem
334 3127 415 3197 paulo
447 3137 508 3182 ante
539 3131 626 3201 aptius
663 3129 752 3184 suerit
788 3129 883 3200 aliique
905 3135 1038 3199 quotquot
1060 3127 1146 3182 solent
1173 3134 1248 3180 crtan
1260 3126 1390 3195 profuge-

149 3191 333 3272 Emendsrunt
349 3193 753 3277 igiturFrcinsliemiusreliquo²
787 3207 856 3251 rant.
875 3195 927 3250 Sue
980 3211 1071 3250 umero
1085 3213 1102 3249 a
1115 3191 1302 3248 Praesentibus
1320 3209 1388 3263 quae

149 3259 275 3340 Heinsius
293 3263 393 3331 instra,
417 3262 564 3319 Schellerus
582 3268 700 3334 indicto,
726 3265 754 3318 hl
788 3264 911 3318 dicuntur
947 3263 1058 3318 'storiois
1082 3264 1116 3316 sd
1133 3261 1258 3316 Perfecta
1283 3261 1388 3314 transiri

150 3327 256 3447 quidem
288 3330 361 3400 peius
390 3347 405 3384 e
432 3333 502 3386 malo
533 3333 678 3401 facientes,
706 3349 755 3386 nec
787 3341 816 3386 et
832 3332 889 3387 vioe
906 3349 982 3386 versa
998 3331 1124 3399 vidimus,
1152 3330 1186 3384 cf.
1204 3344 1263 3396 ιιι,
1290 3335 1337 3396 88,
1355 3335 1389 3383 22

150 3413 219 3472 ‚an
237 3396 326 3452 Faber
348 3398 448 3453 felicius
470 3403 605 3470 expedita,
632 3400 754 3472 quoniam
788 3402 881 3470 Itaque
899 3403 988 3471 copias
1007 3401 1110 3468 dividit,
1128 3400 1221 3470 usique
1239 3414 1318 3466 apros
1337 3400 1391 3451 ias-

148 3462 215 3516 1llud
241 3465 347 3535 quidem
373 3467 471 3521 addere
493 3485 683 3540 supervacuum
705 3475 753 3522 est.
788 3471 838 3536 εἰη
862 3483 930 3537 vm,
950 3476 996 3536 12,
1025 3475 1055 3522 1s
1083 3468 1250 3521 tcbemoculo
1272 3467 1391 3533 excessit,

149 3529 210 3601 Ego
218 3533 307 3586 malim
324 3537 422 3588 delecto
439 3553 527 3590 manu.
557 3535 611 3590 Sed
623 3537 755 3591 librimsti
782 3547 1001 3607 percontatusque
1019 3538 1085 3608 quid
1100 3537 1141 3589 rei
1158 3537 1194 3589 sit
1210 3536 1392 3603 -coqnoscit

150 3615 211 3652 cum
226 3599 298 3679 ,nihss
314 3610 431 3671 mutent,
458 3619 500 3657 res
525 3603 607 3658 dubia
628 3604 754 3658 manebit.
789 3605 831 3659 Cf.
849 3607 883 3659 sd
900 3619 965 3673 vm,
986 3609 1026 3672 16,
1045 3611 1086 3658 27.

153 3665 340 3732 (Gomecturae
363 3685 436 3724 meae
453 3671 576 3742 opposuit
592 3672 754 3741 Miitzellius,
823 3676 846 3742 ς.
872 3680 913 3727 18.
949 3673 1023 3726 odiri
1048 3703 1082 3713 -
1139 3673 1236 3743 soant]
1276 3673 1322 3728 Sic
1347 3673 1391 3726 vel

152 3733 225 3812 quod
242 3737 385 3789 secundum
393 3738 533 3792 Arrianum
542 3754 586 3808 ιιι,
605 3747 639 3795 24
651 3740 752 3810 copiae,
787 3739 846 3794 sine
863 3741 936 3794 libris
954 3747 1097 3794 erstemen
1117 3739 1223 3806 andum,
1242 3758 1304 3795 nam
1320 3741 1390 3811 regis

153 3803 309 3883 quibuscum
318 3804 540 3886 Alexandeream
557 3808 754 3889 erpeditionem
787 3825 883 3889 nomen
909 3808 936 3862 lo
1013 3814 1152 3887 remotum.
1181 3807 1275 3888 ‘Nunc
1301 3825 1391 3864 omnes

152 3879 275 4024 ttttt’
292 3878 754 4030 ttffltttt‘n‘tfflqtttttt
786 3884 872 4016 {tlt
891 3874 1203 4014 dstdllirnll‘d‘llo
1216 3878 1392 4016 'titttt

151 4025 218 4062 τους
234 4025 266 4060 τι
284 4015 460 4066 υπασπίσται
483 4017 530 4064 καὶ
552 4033 619 4068 τους
635 4011 756 4073 τοξότας
785 4021 899 4083 poterat.

153 4080 200 4126 καὶ
221 4073 290 4130 τούς
315 4075 459 4150 Ἀγριάνας
493 4084 539 4131 καὶ
570 4079 624 4146 τὴν
645 4086 755 4133 Κοίνου
823 4085 847 4148 s.
868 4087 908 4135 14.
932 4083 963 4134 dc
980 4080 1114 4133 industrio
1131 4079 1193 4133 msti
1211 4096 1310 4148 omnes,
1327 4081 1391 4134 editi

152 4147 200 4226 spol
219 4140 367 4212 Ἀμύντου
384 4145 468 4207 τάξιν
487 4153 533 4199 καὶ
553 4153 614 4202 τῶν
634 4147 756 4222 ἑταίρων
806 4156 896 4203 taeter
912 4148 985 4203 Mod.
1010 4164 1041 4200 ea·
1063 4149 1204 4202 industria.
1239 4147 1392 4220 Utrumque

154 4213 266 4262 ιππέων
280 4211 347 4268 τοὺς
355 4209 471 4294 ἡμισέας
481 4221 527 4268 καὶ
535 4216 603 4272 τοὺς
613 4215 754 4269 ἱππακον-
788 4167 912 4271 latinum
929 4233 995 4284 esse,
1013 4215 1244 4286 utrimqueetiam
1252 4216 1392 4270 Livianum

153 4277 271 4358 caqrdc).
292 4279 354 4351 Ipse
366 4281 547 4352 igiturvoliclo
556 4301 636 4338 manu
645 4282 756 4339 coniecit
789 4301 846 4340 esse
872 4293 991 4354 constat,
1019 4284 1066 4338 sed
1095 4287 1126 4356 dc
1155 4285 1287 4338 industria
1309 4293 1338 4338 et
1363 4284 1392 4338 in

154 4345 388 4402 sorbendumesse.
406 4349 597 4422 Nondisplicet
607 4352 757 4406 coniectura
787 4353 938 4408 universum
955 4352 1118 4424 frequentius
1135 4359 1163 4406 et
1180 4354 1251 4424 apud
1269 4352 1392 4407 Curtium

156 4429 315 4484 quamquam
339 4416 401 4472 illae
419 4419 523 4489 copiae,
544 4437 608 4490 quas
628 4419 755 4474 Arrianus
789 4422 920 4476 salumin
937 4439 986 4474 usu
1004 4428 1053 4474 est.

154 4491 327 4552 recensetus
341 4503 435 4542 manas
445 4487 552 4559 quidem
565 4487 615 4543 dici
623 4491 754 4559 possunt).
825 4493 848 4559 ξ.
868 4496 909 4545 15.
944 4491 1038 4545 occulti
1062 4505 1195 4542 ramorum
1220 4490 1289 4543 velut
1306 4489 1393 4556 laquei

243 3056 272 3110 .l.
282 3059 331 3112 hoc
336 3059 588 3130 epithetonvidetur,
598 3063 754 3133 praesertim
783 3063 860 3133 piant
872 3061 947 3127 editi,
959 3062 1005 3114 sed
1014 3067 1106 3130 scrrptr
1124 3058 1177 3112 mei
1186 3057 1292 3138 quidem
1300 3075 1390 3111 omnes
