3072 5300
577 381 773 432 Arruuorx.
1213 353 1284 424 561

142 569 169 644 S.
189 569 219 627 9.
254 569 409 643 delicatam]
428 557 554 626 dedicata
570 565 657 624 Bam.
674 565 706 624 A
723 564 803 624 Flos.
819 563 878 622 AB
895 563 994 635 Leia,
1017 563 1170 621 minatam
1187 559 1288 635 reliqui

42 655 135 713 Flor.
154 662 184 712 et
200 654 288 712 Bern.
306 655 332 713 B
350 655 439 713 Voss.
459 654 488 727 2,
506 654 623 711 delicata
639 651 728 710 Voss.
749 653 776 707 1.
809 650 955 724 veientem]
976 646 1025 707 Sia
1042 648 1122 720 ΑΒ,
1140 665 1204 705 oum
1222 647 1287 704 odit.

43 741 145 817 princ.
163 741 267 798 hebeat
282 741 455 800 vehementer.
486 737 590 797 Nostri
613 745 642 796 st
657 734 749 796 Susk.
776 753 847 794 mss.
867 753 965 794 omnes
982 735 1158 793 uelernentem
1175 741 1287 810 praeter
1360 771 1363 776 ,

43 828 144 886 Bern.
164 825 195 884 A
213 826 243 884 iu
261 845 319 901 quo
336 835 381 886 est
395 826 539 886 veientem.

144 913 170 987 s.
192 911 240 970 13.
275 915 357 987 reqiss
373 912 480 987 piterii]
503 911 576 985 repis
591 910 686 984 pueris
708 908 788 966 Flos.
807 905 832 965 O
851 905 941 965 Voss.
961 907 997 981 2,
1021 907 1084 966 odd.
1108 913 1180 966 vett.
1198 921 1290 977 usque

50 999 95 1058 ad
113 997 277 1071 Iunianum,
291 1001 387 1074 pueris
404 999 487 1072 reqiis
503 996 583 1054 Flor.
600 995 633 1054 Η
650 995 737 1052 Bern.
753 993 790 1051 B.

144 1085 170 1157 S.
192 1085 242 1141 14.
278 1085 327 1159 qui
341 1085 433 1141 Darei
442 1083 551 1160 sumat]
569 1081 657 1138 Darii
674 1080 759 1154 (nihil
775 1077 868 1158 aliud)
891 1078 978 1138 Bam.
995 1077 1022 1137 B
1046 1078 1125 1137 Flos.
1146 1077 1290 1136 DEFHI.

50 1169 254 1246 conspersis]
273 1172 445 1246 conperisset
460 1167 548 1226 Bern.
566 1167 603 1225 Β.

162 1270 237 1348 Cap.
267 1271 303 1344 9,
332 1271 358 1345 s.
390 1271 439 1329 16.
490 1267 545 1328 III
568 1269 684 1344 mitium]
709 1267 762 1326 III
786 1269 862 1330 natm
886 1267 973 1327 Bern.
996 1266 1028 1325 A
1055 1268 1136 1326 Flor.
1155 1267 1187 1325 A
1208 1265 1290 1325 Leid.

52 1393 149 1452 voss.
169 1392 197 1466 1,
215 1354 258 1456 ll
274 1391 355 1450 tuor.
373 1387 441 1450 so.

144 1480 172 1553 ς.
193 1478 243 1534 17.
278 1478 421 1553 satrapea]
442 1474 490 1535 Sic
508 1475 590 1551 plens
606 1473 688 1532 Leid.
706 1473 796 1534 Voss.
817 1477 832 1533 l
853 1473 939 1533 Bam.
958 1467 991 1532 A
1008 1472 1088 1531 Flor.
1107 1473 1175 1547 AB,
1192 1470 1294 1548 reliqui

5 1629 6 1636 ¹
54 1563 153 1623 nostri
172 1572 301 1638 satrapae
319 1563 367 1622 vel
384 1571 504 1638 satrape,
521 1580 597 1620 unus
614 1560 693 1619 Flor.
713 1559 743 1620 G
760 1563 895 1636 satrapia.

147 1667 174 1741 ς.
200 1665 250 1724 19.
285 1667 491 1742 admonerique]
508 1666 651 1723 admoneri
665 1663 753 1721 Bern.
771 1663 798 1722 B
816 1663 896 1722 Flos.
916 1659 952 1736 C,
969 1664 1113 1720 admonere
1130 1662 1208 1721 Flor.
1226 1661 1294 1718 ΒΗ.

55 1753 154 1828 vestis]
174 1749 275 1810 Omitt.
292 1751 378 1810 Born.
393 1751 430 1826 B,
446 1761 531 1810 vesus
548 1759 635 1807 essent
652 1749 732 1808 Flor.
751 1747 785 1807 Ο.
820 1751 1012 1824 assiusaaeret]
1031 1749 1137 1824 sames.
1158 1748 1244 1807 Bern.
1262 1741 1295 1805 A

57 1839 142 1897 Flor.
161 1833 202 1897 A.
237 1839 265 1894 in
283 1839 412 1914 contum]
439 1838 474 1895 In
491 1836 629 1896 omittunt
651 1834 738 1893 Bern.
755 1835 782 1893 B
806 1835 886 1893 Flor.
907 1831 1007 1891 CDFI
1031 1833 1096 1890 Pal.
1116 1836 1131 1891 1
1157 1833 1246 1892 Voss.
1266 1833 1295 1905 2,

57 1943 148 2002 super
163 1923 268 1982 lineum
286 1923 456 1982 adscribitur
471 1924 502 1981 in
518 1922 598 1980 Flos.
617 1921 655 1993 Β,
675 1922 715 1979 aa
731 1922 792 1980 aad.
811 1922 894 1979 modo
913 1920 943 1977 in
959 1921 1039 1978 Flos.
1056 1920 1098 1976 H.

147 2012 173 2084 S.
192 2010 244 2067 20.
281 2009 366 2084 dana]
385 2010 486 2066 donum
502 2007 626 2065 BemB
643 2005 724 2065 Flos.
742 2007 829 2080 FHI,
846 2008 954 2064 domum
971 2006 1051 2064 Flor.
1070 2005 1138 2063 ΒΕ.
1164 2003 1295 2078 tiderant]

5 2153 6 2156 ,
58 2099 181 2154 tulerunt
202 2095 289 2152 Born.
307 2094 344 2151 B.
380 2097 467 2152 nostri
489 2095 580 2168 decep.
598 2093 652 2168 me]
677 2096 761 2152 vestri
783 2092 863 2152 Flor.
881 2092 910 2150 D
928 2091 959 2150 in
983 2099 1080 2166 textu,
1104 2093 1188 2150 vestri
1211 2091 1298 2147 nostri

5 2197 7 2206 ’
59 2182 142 2240 Flor.
161 2181 198 2254 F,
215 2189 240 2238 te
257 2179 337 2238 Flor.
355 2179 387 2236 H
405 2179 491 2238 Born.
508 2179 546 2238 B.

79 2315 81 2320 ·
150 2285 175 2356 ς.
195 2283 246 2339 22.
283 2282 523 2358 quotiensmmque]
543 2278 592 2339 Sic
608 2281 689 2339 Flos.
708 2279 779 2339 ΕΒΙ
794 2281 882 2339 Bern.
899 2281 937 2356 B,
959 2283 1194 2356 quotienscumque
1211 2278 1297 2335 Bern.

5 2377 6 2420 ἒ
61 2365 96 2429 Α
113 2369 193 2427 Flos.
211 2365 345 2440 ABGR,
363 2369 579 2444 quotiescumque
596 2367 699 2442 reliqui
714 2366 795 2425 Flor.
830 2366 978 2444 annueres]
997 2367 1132 2424 adnueres
1151 2365 1237 2422 Bam.
1255 2360 1298 2435 Α,

5 2463 6 2466 ’
60 2457 246 2512 annunciaret
262 2453 349 2510 Bam.
367 2453 404 2511 B.
441 2455 524 2510 matri
542 2453 710 2529 Olympiadi]
730 2455 825 2511 matris
846 2452 1009 2528 olimpiadis
1024 2452 1088 2510 odd.
1107 2451 1215 2528 primae
1232 2457 1298 2507 ants

5 2607 6 2618 ¹
61 2537 175 2600 Aldum
193 2549 222 2598 et
239 2539 320 2598 codd.
338 2539 399 2598 noti
416 2557 514 2598 omnes
531 2547 644 2615 prostes
661 2539 741 2598 Flor.
759 2539 818 2599 AB
835 2539 866 2596 in
884 2538 988 2614 quilius
1004 2539 1088 2596 matri
1107 2537 1281 2612 olimpiadis.

150 2640 224 2718 Cap.
245 2643 295 2716 10,
313 2644 337 2717 s.
358 2644 385 2700 l.
413 2642 579 2700 silvestribus
590 2644 673 2719 mpii]
692 2644 822 2700 alvestris
838 2641 959 2716 (omisso
970 2642 1054 2718 ripis)
1070 2641 1150 2698 Flos.
1166 2637 1299 2696 DEFHI

62 2730 151 2786 Bern.
168 2729 195 2787 B
214 2727 305 2787 Voss.
325 2728 354 2786 2.
388 2729 550 2804 devolvitur]
574 2729 719 2786 divolvitur
743 2728 822 2787 Flor.
841 2720 874 2785 A
898 2727 986 2785 Bam.
1004 2721 1037 2785 A
1062 2745 1140 2802 apr.
1157 2745 1198 2783 m.
1216 2724 1298 2784 Leia.

63 2815 229 2976 Voss-§.La
265 2901 321 2957 iam
343 2900 467 2975 narium]
493 2896 542 2957 sie
566 2897 676 2973 primus
693 2893 797 2956 Iunius
822 2916 859 2955 ex
883 2897 945 2955 cod.
972 2896 1065 2973 qualis
1088 2902 1134 2954 est
1154 2894 1235 2953 Flon
1260 2891 1300 2966 G,

62 2986 167 3062 reliqui
192 3004 291 3045 omnes
313 3003 378 3043 nam
401 2987 529 3058 nauium,
557 2984 615 3043 nisi
639 2985 715 3060 quod
731 2983 761 3042 in
786 2983 911 3042 Frons
939 2985 994 3040 iam
1020 3001 1107 3059 super
1131 2981 1183 3038 lin.
1209 2999 1301 3038 sorre-

68 3081 232 3233 mumssisi.
272 3175 333 3216 aum
357 3157 412 3215 IX
433 3156 540 3213 milibus
561 3157 697 3231 peditum]
722 3175 782 3213 eum
806 3153 900 3216 VIIII
919 3153 948 3212 B
970 3155 1035 3228 ped.
1060 3153 1147 3210 Born.
1165 3145 1199 3211 A
1220 3151 1301 3210 Flor.

65 3243 123 3304 AO
141 3243 231 3302 Voss
250 3245 265 3302 l
288 3243 332 3320 (in
349 3262 407 3318 que
424 3242 565 3319 smiptum
581 3243 611 3300 B
628 3242 742 3300 videtur
758 3259 822 3300 esso
838 3260 890 3318 pro
907 3240 970 3317 M),
988 3259 1048 3298 mem
1072 3238 1165 3300 VIIII
1179 3240 1207 3296 sl.
1222 3239 1303 3314 pecli·

66 3375 122 3423 tum
138 3365 218 3424 Flor.
236 3362 352 3438 DEFI,
368 3382 429 3422 uum
453 3361 530 3422 VIII
544 3361 572 3419 ci.
587 3363 711 3437 peditum
728 3361 808 3420 Flos.
827 3361 859 3420 H
876 3359 964 3418 Bern.
980 3359 1017 3433 B,
1035 3379 1096 3418 sum
1119 3321 1211 3428 Viirr
1223 3359 1304 3434 psat-

66 3462 122 3509 tum
138 3460 168 3509 ot
185 3469 272 3527 super
288 3451 338 3508 lin.
356 3449 509 3526 quingentis
526 3448 606 3506 Flos.
626 3445 665 3507 G.

151 3541 179 3611 s.
198 3539 228 3594 4.
264 3539 365 3611 quippe
382 3532 491 3612 mtima]
510 3537 611 3610 quippe
629 3535 678 3610 qui
693 3534 788 3591 Mna
805 3535 885 3594 Flos.
904 3530 946 3596 G.

153 3623 178 3694 s.
197 3621 225 3678 5.
260 3621 342 3692 urbe,
366 3623 393 3678 si
405 3637 509 3696 pausos
526 3620 655 3695 misisset]
673 3621 826 3679 immatura
849 3620 929 3679 Flos.
949 3615 992 3694 Ο,
1015 3618 1049 3675 ab
1067 3617 1134 3675 urbe
1151 3618 1303 3674 immisisset

69 3706 148 3763 Flos.
165 3704 299 3762 DEFHI
317 3703 403 3762 Born.
420 3705 457 3764 B.

153 3791 180 3865 ς.
201 3790 229 3848 6.
265 3791 360 3865 iidem]
379 3791 450 3848 idern
466 3789 553 3846 Born.
565 3783 598 3848 A
615 3789 695 3848 Flor.
709 3787 827 3849 ABOH
844 3787 927 3850 Laid.
945 3788 1037 3846 Voss.
1056 3787 1084 3844 1.
1104 3785 1135 3844 2.
1164 3789 1202 3845 M
1217 3796 1241 3846 et
1257 3787 1302 3861 D]

68 3878 113 3936 M.
132 3879 161 3935 d.
179 3875 259 3934 Flos.
277 3873 414 3934 EFGHI
436 3874 524 3934 Bern.
542 3873 580 3932 Β.

153 3964 179 4038 ς.
199 3963 230 4019 7.
266 3970 356 4020 turres
373 3962 555 4034 admoverent]
575 3968 666 4016 turres
683 3963 803 4036 ceperint
819 3963 960 4020 admouere
978 3961 1056 4018 Flor.
1069 3959 1144 4018 DFI
1161 3966 1191 4016 et
1206 3957 1299 4016 Poll

69 4049 139 4124 (nisi
155 4050 231 4124 quod
243 4050 402 4123 coeperint),
420 4057 510 4104 turres
527 4047 646 4122 ceperint
663 4047 805 4128 admooeqt
827 4056 856 4105 et
869 4066 934 4124 sup.
948 4047 999 4104 lin.
1018 4065 1049 4104 re
1065 4046 1137 4104 Flos
1161 4045 1196 4116 Ε,
1214 4053 1305 4100 turres
1335 4066 1339 4075 ¹

68 4139 136 4211 sepit
153 4135 297 4192 admoram
314 4133 394 4192 Flos.
412 4133 444 4192 H
462 4133 548 4191 Bern.
568 4132 605 4205 Β,
622 4139 712 4189 turres
729 4137 816 4211 eoepit
831 4134 973 4191 admotae
992 4133 1082 4190 Voss.
1102 4133 1132 4188 2.

153 4239 178 4312 s.
199 4238 229 4295 8.
265 4236 550 4312 impiissimumque
567 4233 653 4292 Rern.
670 4225 721 4310 A,
745 4235 852 4294 omittit
867 4234 949 4293 Mod.
968 4235 1035 4294 odit
1070 4233 1145 4308 erqo]
1170 4231 1306 4289 omittunt

70 4323 154 4382 Bern.
173 4322 199 4379 B
217 4322 298 4381 Flor.
317 4323 460 4382 DEFHI.

154 4423 227 4502 Cep.
247 4424 297 4499 11,
314 4427 339 4500 s.
360 4427 410 4486 10.
450 4423 576 4500 Tauron]
600 4421 695 4481 Tauro
712 4423 799 4481 Bam.
818 4423 856 4483 B.
878 4423 960 4481 Flor.
977 4419 1110 4480 DEFHI
1127 4416 1192 4475 Pal.
1212 4416 1241 4473 1.

157 4511 183 4584 S·
203 4511 253 4568 11·
288 4513 328 4571 aa
343 4511 526 4589 moriendum)
545 4509 692 4570 &modum
716 4510 804 4570 Born.
821 4509 859 4569 B.
1049 4555 1102 4634 „³⁰
