3270 5290
349 375 354 404 .
556 353 606 404 nn
634 351 759 404 sesne
786 353 895 404 Anax.
928 354 964 423 v,
994 351 1021 404 4.
1336 336 1406 409 169

168 542 314 614 altiores
348 549 441 612 sunt
494 537 619 612 Totius
652 538 770 642 operis
802 537 957 611 ambitus
985 560 1133 614 ccccxv
1167 538 1285 613 stadia
1318 567 1410 615 oom-

167 653 352 752 plectitur:
387 651 608 750 singulorum
641 648 839 723 stadiorum
866 660 1083 724 structuram
1109 653 1256 750 singulis
1284 653 1409 728 diebus

167 764 365 863 perfectam
391 787 471 836 esse
496 762 688 835 memoriae
714 761 897 860 proditum
923 771 988 835 est.
1027 763 1200 838 Aedificia
1225 790 1298 838 non
1324 777 1409 838 sunt

113 895 149 943 ar
169 874 319 950 admota
351 874 478 964 muris,
512 872 577 948 sed
608 875 682 948 fere
709 876 864 972 spatium
890 875 1003 973 iugeri
1029 876 1134 948 unius
1161 875 1302 950 absunt.
1353 877 1410 950 Ac

167 1013 216 1062 ne
241 996 357 1060 totam
383 983 527 1083 quidem
552 986 678 1060 urbem
704 987 808 1060 tectis
835 997 1117 1085 occupavenmt:
1146 1013 1210 1086 per
1222 1011 1326 1062 nm
1340 999 1409 1063 sta-

169 1098 230 1172 dia
255 1098 449 1187 habitatur,
475 1122 542 1172 nec
567 1099 687 1171 omnia
713 1099 882 1172 continua
907 1109 1010 1190 sunt,
1038 1098 1161 1189 crede,
1187 1100 1271 1196 quia
1295 1101 1407 1174 tutius

168 1211 288 1286 visum
314 1219 379 1300 est,
406 1208 568 1307 pluribus
594 1209 681 1282 locis
708 1211 838 1308 spargi.
901 1206 1030 1284 Cetera
1056 1221 1181 1286 serunt
1206 1211 1408 1309 coluntque,

168 1333 220 1412 ut,
248 1322 278 1396 si
304 1331 455 1394 externa
480 1321 535 1394 vis
562 1321 722 1420 ingruat,
757 1321 913 1396 obsessis
949 1322 1117 1397 alimenta
1142 1321 1326 1422 exipsius
1352 1350 1409 1397 ur-

113 1453 151 1502 ss
169 1434 225 1506 bis
259 1433 336 1506 solo
371 1432 694 1507 subministrentur.
747 1430 950 1532 Euphrates
976 1433 1162 1530 interfluit,
1188 1459 1411 1533 magnaeque

169 1545 273 1618 molis
300 1537 539 1643 crepidinibus
565 1555 758 1622 coercetur.
812 1541 885 1618 Sed
912 1545 1069 1618 omnium
1103 1572 1252 1645 operum
1278 1549 1412 1646 magni·

169 1655 332 1730 tudinem
365 1655 649 1730 circumveniunt
689 1680 864 1730 cavernae
898 1657 1078 1755 ingentes,
1114 1658 1151 1729 in
1186 1658 1412 1732 altitudinem

169 1792 317 1867 pressae
342 1767 400 1842 ad¹
416 1767 661 1866 accipiendum
686 1768 859 1867 impetum
884 1769 1055 1860 fluminis,
1091 1767 1188 1866 quod
1214 1769 1274 1840 ubi
1302 1793 1409 1866 appo-

173 1880 264 1953 sitae
298 1877 488 1978 crepidinis
520 1878 703 1978 fastigium
739 1881 909 1970 excessit,
944 1880 1042 1952 urbis
1075 1889 1172 1952 tecta
1206 1880 1409 1977 corriperet,

116 2011 152 2058 re
170 1991 239 2064 nisi
265 2001 387 2065 essent
418 2015 546 2089 specus
572 1991 759 2088 lacusque,
793 1992 853 2089 qui
886 1992 1101 2088 exciperent
1154 1987 1280 2064 Coctili
1305 1990 1409 2063 later-

171 2103 252 2176 culo
279 2102 406 2177 structi
432 2111 531 2174 sunt:
558 2113 676 2176 totum
701 2127 792 2199 opus
819 2102 992 2176 bitumine
1018 2100 1262 2200 adstringitur.
1311 2100 1409 2176 Pons

170 2214 343 2314 lapideus,
369 2213 506 2286 flumini
531 2214 734 2312 imposituS,
769 2213 885 2313 iungit
911 2214 1046 2287 urbem.
1098 2210 1166 2285 Hic
1193 2238 1334 2311 quoque
1360 2215 1436 2298 ire,

170 2337 226 2399 ter
251 2325 426 2399 mirabilia
453 2321 609 2398 Orientis
636 2349 746 2424 opera
771 2336 979 2400 numeratus
1006 2336 1077 2401 est:
1106 2325 1410 2425 quippeEuphra-

172 2449 228 2512 tes
254 2438 366 2512 altum
392 2437 515 2510 limum
541 2437 650 2526 vehit,
665 2462 736 2535 quo
749 2439 891 2536 penitus
919 2439 966 2512 ad
991 2436 1225 2512 fundamenta
1250 2437 1410 2511 iacienda

118 2567 154 2617 so
172 2561 307 2646 egesto,
321 2549 384 2622 vix
398 2547 607 2623 sufficiendo
633 2549 733 2648 operi
758 2549 874 2623 finno·
887 2550 1070 2649 reperiunt
1096 2552 1229 2640 solum;
1255 2550 1411 2624 harenae

172 2784 233 2822 cum
249 2774 352 2822 veteres
370 2767 560 2823 etHerodotua
577 2783 660 2838 usque
676 2767 709 2821 ad
728 2768 776 2823 du·
810 2767 879 2820 illius
902 2769 1013 2823 nominis
1034 2786 1077 2823 eas
1099 2771 1196 2823 formas
1238 2786 1288 2824 uae
1305 2771 1437 2824 tertiemae

172 2844 264 2890 centos
282 2836 419 2905 suxerint;
436 2836 535 2892 Strabo
548 2837 592 2891 lib.
602 2851 657 2890 xvr
674 2837 711 2888 τὰ
728 2858 776 2904 με·
810 2836 1012 2891 declinationem
1034 2846 1184 2908 sequantur.
1249 2857 1291 2892 am
1309 2837 1412 2892 Geniti-

173 2905 521 2978 oondpyauquinqueginte,
538 2913 625 2961 turres
639 2904 776 2974 sexaginta
810 2923 871 2958 vum
897 2905 964 2976 plur.
991 2908 1108 2976 iugerum
1131 2906 1183 2958 alia
1205 2907 1310 2968 ratione
1329 2906 1412 2976 expli·

173 2980 286 3040 πηχέων
314 2975 332 3029 i.
354 2990 377 3028 ec
401 2974 549 3030 cubitorum
574 2973 654 3028 fuisse
684 2972 774 3034 tradit.
810 2973 921 3027 eandum
939 2991 995 3026 esse
1011 2982 1094 3044 patet.
1116 2973 1175 3028 Nec
1190 2975 1330 3028 verborum
1348 2975 1413 3028 ordo

172 3043 268 3114 Itaque
320 3044 355 3098 od
372 3043 493 3114 sequitur
509 3043 580 3115 apud
597 3049 716 3096 nostrum
730 3041 775 3094 de-
810 3040 838 3094 in
854 3059 915 3094 mss.
931 3043 1058 3109 variotur,
1076 3041 1127 3094 nisi
1145 3043 1216 3124 quod
1233 3042 1306 3096 Flor.
1326 3041 1348 3097 C
1366 3043 1413 3095 ha-

173 3111 214 3166 nis
226 3061 339 3181 parilia
356 3112 462 3166 altiores
480 3112 561 3166 fuisse
577 3119 672 3177 turres,
691 3109 775 3180 negli-
809 3111 856 3164 bet
873 3111 960 3180 iuym
977 3113 1090 3192 matium
1109 3129 1203 3180 antus,
1225 3111 1307 3182 vulgo
1324 3120 1413 3166 autem

173 3181 279 3251 gentius
295 3180 412 3252 positum
429 3190 471 3235 est
488 3179 634 3251 debuitque
651 3180 753 3234 cubitis.
810 3178 875 3234 editi
893 3197 932 3248 sp.
951 3199 1028 3234 ansus
1046 3180 1154 3250 inpetis.

207 3251 616 3332 occuratodiocomplectitur]
634 3247 775 3302 Sicemcn·
842 3251 866 3369 Ξ.
885 3255 926 3300 27.
951 3265 1004 3318 per
1020 3263 1101 3301 cxxx
1118 3251 1207 3303 studio
1254 3247 1345 3320 Vulgo
1362 3263 1413 3315 xc,

174 3317 243 3384 davi,
261 3335 321 3372 oum
338 3318 413 3373 codd.
431 3327 493 3372 mstr
509 3319 581 3372 inter
597 3318 645 3372 hos
654 3333 776 3370 numeros
813 3333 841 3370 se
882 3333 932 3388 ego
955 3334 1051 3388 sequor
1067 3317 1148 3372 Bern.
1170 3319 1196 3370 A
1242 3317 1289 3372 lor.
1311 3319 1413 3373 ABCG

174 3392 235 3442 368.
261 3393 321 3441 468.
352 3393 410 3443 368.
438 3394 489 3442 sta
512 3386 628 3453 varient,
657 3385 777 3457 plerique
810 3385 884 3439 Leid.
912 3387 988 3440 Voss.
1017 3395 1040 3440 1.
1076 3385 1130 3440 Sed
1155 3385 1235 3440 iidem
1260 3388 1315 3440 fers
1336 3389 1412 3442 codd.

175 3461 265 3535 autern
275 3463 304 3511 et
310 3455 392 3536 vulgo
404 3455 470 3510 editi
478 3456 594 3510 habeant
612 3468 776 3535 cccqnynr,
810 3455 890 3535 peplo
907 3463 969 3526 post
986 3457 1161 3522 habitabatur,
1181 3457 1252 3526 quod
1264 3473 1318 3510 non
1331 3458 1414 3528 probo

174 3522 255 3605 ipsius
277 3523 378 3605 Qortir,
395 3540 464 3596 quse
475 3523 609 3605 'mutinae
631 3525 776 3589 subeatur,
812 3541 874 3594 qma
891 3523 1025 3605 praesenti
1039 3532 1160 3596 tempore
1177 3525 1257 3578 etiam
1269 3525 1336 3578 iniis
1346 3543 1414 3596 quae

174 3592 401 3716 tdttttt'
424 3600 778 3740 rdffillalffllll
811 3602 959 3714 'titur
975 3593 1414 3728 l‘ttrttr„dtttl‘t

175 3729 253 3783 Diod.
266 3745 298 3796 11,
314 3738 338 3797 7,
356 3747 410 3811 quo
427 3729 557 3801 scriptore
574 3728 677 3784 Graeco
694 3745 777 3783 omnis
811 3729 882 3782 Flor.
900 3729 933 3797 E,
951 3731 1103 3784 habitantur
1120 3729 1148 3783 in
1166 3730 1274 3785 Flor.ll
1291 3731 1372 3784 Bern.
1381 3731 1414 3786 B.

175 3797 259 3853 nostri
275 3797 386 3854 bistone
402 3798 506 3854 nititur.
534 3798 684 3852 Secundum
701 3797 778 3852 Stra·
847 3801 870 3868 ς.
892 3805 934 3852 28.
974 3800 1002 3852 in
1029 3801 1075 3852 alt.
1096 3802 1218 3868 pressos]
1264 3799 1319 3853 Cio.
1346 3799 1415 3853 dixit

175 3868 271 3922 bouem
292 3867 406 3922 ambitus
428 3867 561 3923 moenium
576 3867 627 3921 fuit
644 3873 710 3933 385,
737 3881 777 3920 se·
813 3869 951 3936 depressae
968 3867 995 3920 in
1012 3867 1090 3922 verr.
1103 3882 1133 3934 v,
1151 3873 1198 3934 2⁷3
1216 3875 1307 3924 noster
1323 3883 1352 3936 v,
1372 3877 1414 3937 13,

175 3936 296 4018 cranium¹
308 3936 407 4018 Herod.
425 3952 455 4002 1,
480 3943 538 3990 178.
549 3942 607 4016 ,480
625 3935 777 4016 stadiprum.
812 3945 936 4005 spresso
962 3937 991 3988 in
1017 3938 1100 3990 solum
1126 3938 1207 3989 alveo.
1238 3937 1279 4017 lit
1333 3955 1415 3992 emere

176 4073 193 4126 ι.
209 4005 512 4153 'battala
529 4004 779 4151 ‘iltutdtf't
803 4006 1128 4153 {ffflffmsl'ddldffiai
1144 4004 1277 4128 ἔὲἒέἕὲἑ
1294 4013 1414 4129 ..l‘ttt

176 4141 295 4196 aedificia
310 4141 430 4196 rehatem
447 4143 563 4196 umens.
594 4141 637 4196 Cf.
655 4140 778 4194 Schnerd.
813 4150 889 4214 epist.
906 4156 936 4210 x,
956 4149 998 4207 69,
1017 4149 1042 4195 4.

176 4210 228 4264 lex.
247 4209 294 4265 Gr.
311 4229 332 4264 s.
349 4229 375 4263 v.
392 4209 529 4284 πλέθρον.
566 4211 691 4266 Cetemm
709 4208 780 4262 edidi
847 4215 871 4277 s.
890 4217 931 4266 29.
963 4213 1006 4264 oia
1023 4212 1176 4282 sufficiendo
1194 4211 1356 4280 opertfirmo
1373 4229 1415 4264 re-

176 4279 248 4350 quod
264 4278 292 4333 in
310 4279 385 4334 codd.
398 4279 463 4334 meis
480 4280 601 4334 omnibus
618 4287 677 4358 erat
694 4279 780 4359 iugeri
806 4281 916 4350 pariant
936 4283 1018 4334 solum
1075 4280 1150 4335 Haeo
1170 4288 1212 4334 est
1231 4279 1288 4333 ints
1307 4279 1415 4334 errimo-

176 4366 225 4418 pro
241 4347 432 4470 milogduqen'e,
449 4356 478 4402 et
494 4348 600 4403 omnino
617 4363 780 4402 verrssrmum
812 4367 871 4402 rum
888 4348 1006 4403 codicum
1033 4348 1110 4415 ectio,
1128 4348 1247 4469 qlursss
1297 4349 1415 4403 ciendum

177 4424 219 4469 est
235 4434 270 4488 qu
323 4413 451 4473 Garaton.
471 4419 505 4471 sd
523 4417 579 4472 Cic.
597 4416 624 4470 in
642 4416 718 4472 Ver-r.
733 4429 779 4481 111,
814 4419 859 4470 sed
877 4417 955 4488 pauci
973 4421 1000 4485 (a
1017 4415 1089 4471 Flor.
1106 4435 1135 4472 so
1146 4435 1175 4472 us
1193 4415 1243 4498 G),
1266 4435 1350 4470 rmum
1368 4417 1414 4470 ha-

179 4490 211 4537 47
235 4489 375 4541 annotavit
404 4485 492 4557 poetis
517 4485 702 4558 relinquendas
728 4486 850 4540 essebent
868 4487 940 4556 quod
963 4493 1025 4557 post
1043 4485 1146 4540 Aldum
1174 4485 1272 4556 rehqui
1291 4483 1406 4538 editores
