3072 5300
205 284 279 357 534
723 299 918 355 uersuum.

201 492 260 547 mie.
271 489 352 547 Leid.
386 489 556 564 amoenitate]
574 507 633 545 ame
651 487 710 563 (ae)
730 489 852 546 niutdine
868 486 988 546 Bem.B
1000 487 1081 545 Flor.
1090 487 1194 545 EFHI
1206 487 1301 548 Voss.
1311 489 1343 562 2,
1363 509 1459 547 amoe-

201 577 350 633 nitudinem
373 575 452 632 Flor.
471 573 512 630 D.

288 662 314 735 ς.
327 662 375 718 10.
395 660 628 734 monstrabantur]
641 660 842 716 monstrabatur
849 658 938 718 Voss.
949 661 977 716 2.
993 661 1175 736 monumenta]
1183 664 1355 719 monimenta
1364 663 1459 720 Berm

203 746 229 803 B
244 747 322 803 Flor.
330 745 401 804 GH.
420 745 555 820 Lyrnessi
566 755 590 801 et
603 745 704 801 Thebes
717 745 870 821 Typhonis]
883 747 996 802 Lirnesi
1010 755 1034 802 et
1048 747 1117 802 rebec
1132 746 1263 820 torpentis
1270 747 1368 807 Bern.
1380 751 1415 806 A
1431 761 1459 806 et

202 831 280 889 Flor.
294 830 434 902 BDEFI,
452 831 565 886 Lirueei
581 839 605 886 el
627 830 729 886 Tbebeo
748 830 774 886 T
772 830 898 904 hypantie
915 831 1007 902 Len,
1025 832 1140 888 Linersi
1155 840 1180 887 el
1202 831 1319 889 Thebes.
1338 837 1458 910 tipontu

202 917 281 975 Fiur.
301 915 336 988 C,
354 918 468 975 Lis-nesi
485 925 509 971 et
532 915 663 972 Tieion:
679 918 772 989 pontis
791 915 878 974 Voss.
899 919 927 988 1,
945 917 1074 973 Lerniesi
1090 926 1115 973 et
1131 917 1228 974 celesti
1243 921 1343 992 pontt's
1363 919 1458 976 Voss.

205 1003 240 1072 2,
267 1004 424 1079 Lyn-nenti,
449 1001 585 1070 Elbebes,
609 1001 742 1076 obpiaulio
765 1001 844 1061 Flar.
865 999 904 1059 G.
955 1003 1052 1058 Veneti
1076 1001 1181 1058 Cebesti
1198 1006 1296 1076 pontis
1314 1004 1459 1061 Bermss

203 1088 281 1146 Flor.
300 1089 348 1160 Η,
381 1089 479 1144 Vrnesi
502 1095 527 1142 et
548 1085 740 1160 Cebestipoutie
768 1087 811 1143 ed.
840 1105 881 1160 pr.
916 1087 1038 1162 Lyrnesi
1061 1097 1086 1144 et
1107 1087 1226 1159 (eleon,
1255 1107 1363 1161 specus
1383 1091 1458 1147 Ald.

112 1167 118 1178 '
206 1173 386 1250 Lprneseiel
406 1172 527 1229 Cebeeli:
544 1189 641 1245 specus
658 1170 790 1228 Iuniana.
825 1172 869 1230 Ut
886 1191 962 1229 nunc
979 1173 1068 1247 vulgo
1085 1171 1229 1228 Modiana.

292 1257 364 1336 Cup.
388 1260 442 1328 11,
469 1257 493 1329 s.
514 1259 562 1314 11.
599 1276 668 1330 quae
691 1260 771 1332 pqlae
793 1259 980 1333 appellantur]
1007 1259 1067 1332 pile
1091 1255 1222 1314 BermB
1248 1257 1334 1317 Flor.
1354 1259 1457 1321 DEF.

206 1345 279 1421 quad
292 1347 350 1420 pile
366 1343 444 1401 Flor.
466 1339 501 1411 Ο,
519 1343 593 1416 quod
609 1345 681 1414 pilae
692 1340 722 1400 G
740 1362 757 1399 e
774 1363 816 1419 pr.
835 1361 873 1401 m.
892 1343 1102 1420 suprascripto
1120 1343 1169 1401 alt.
1186 1362 1223 1400 m.
1242 1362 1329 1418 quiae.
1372 1345 1459 1414 Quoi

204 1441 320 1488 notatur
337 1431 421 1487 etiam
440 1447 475 1485 ex
494 1427 574 1484 Leid.
592 1427 680 1486 Voss.
701 1430 727 1486 1.

291 1515 364 1589 Cup.
385 1515 440 1586 12,
466 1515 490 1588 s.
511 1516 537 1571 1.
573 1515 727 1589 occeperat]
747 1523 904 1588 eucoeperat
927 1515 1014 1572 Bern.
1032 1514 1063 1572 A
1087 1533 1105 1570 n
1121 1533 1164 1588 pr.
1189 1531 1267 1572 men.
1285 1525 1455 1573 conectam

205 1599 297 1659 deleto
315 1621 339 1665 ο,
359 1609 483 1674 coeperat
501 1599 586 1656 Bern.
604 1599 629 1656 Β
648 1599 727 1657 Flac.
749 1597 824 1668 CH,
841 1609 949 1672 ceperat
965 1600 1045 1657 Flar.
1064 1599 1175 1656 DEFI.

292 1687 318 1760 s.
338 1687 367 1742 2.
404 1688 537 1759 inuitauit]
557 1687 678 1742 incitavit
694 1684 781 1742 Bern.
801 1685 827 1741 B
846 1684 925 1742 Fiat.
945 1683 1030 1742 CHI.
1066 1686 1158 1761 ratus]
1177 1693 1276 1759 raptus
1294 1686 1394 1744 Bern.
1416 1691 1456 1758 A,

206 1773 255 1830 sed
272 1791 293 1846 p
311 1791 388 1829 mun.
407 1789 463 1833 rec.
481 1771 615 1828 deletum.
657 1771 790 1838 (Annoto
808 1779 842 1827 ut
864 1772 939 1828 hunc
957 1771 1060 1828 librum
1082 1771 1203 1828 eundern
1221 1789 1285 1828 esse
1305 1773 1456 1850 percipies

205 1858 301 1932 quiin
319 1859 481 1916 collectione
498 1875 560 1916 ver.
580 1857 643 1913 lect.
663 1856 793 1914 Danielis
811 1855 994 1936 appellatur.)

294 1945 319 2018 3.
340 1945 367 2001 3.
404 1944 533 2018 inpressi]
552 1945 673 2016 inqresoo
691 1942 771 2000 Laid.

292 2032 318 2104 §.
339 2032 368 2086 4.
405 2029 557 2103 ecpirantz]
599 2028 805 2086 Anuotnndum
832 2028 944 2085 videtur
968 2030 1116 2106 vulgarem
1141 2027 1282 2085 scribendi
1308 2031 1458 2090 rationem

207 2118 359 2188 auspicanti
376 2116 404 2173 h.
424 2115 444 2171 l.
473 2114 502 2170 in
521 2133 578 2172 uuo
596 2114 720 2171 Flor.B
744 2133 817 2172 esse.
853 2113 924 2171 Max
950 2115 1090 2172 solicitudo
1113 2115 1276 2189 complures
1295 2114 1386 2175 Flor.
1409 2118 1457 2176 sed

206 2218 259 2258 nec
276 2200 302 2258 B
321 2220 372 2258 nec
388 2200 476 2258 Barn.
495 2202 537 2258 A.
573 2200 735 2257 Eatlnctum
754 2204 824 2272 (non
842 2203 926 2273 ecel.)
944 2201 980 2257 ud
998 2219 1086 2257 uuum
1104 2219 1214 2258 omnes.

294 2289 319 2359 §.
340 2286 369 2343 8.
409 2304 508 2343 mineus
524 2289 552 2341 in
570 2286 673 2360 ipsum]
699 2305 809 2344 rursum
827 2285 913 2342 Bern.
937 2285 963 2342 B
982 2286 1071 2344 Voss.
1091 2287 1127 2356 2,
1151 2304 1250 2342 meretis
1273 2287 1348 2345 mint
1366 2293 1458 2364 ipsum

207 2370 329 2428 Flan'E
349 2389 418 2428 corr.
437 2389 535 2428 rursus
557 2373 646 2444 ipnun
662 2372 785 2444 mour,
803 2390 899 2428 remoue
910 2372 1002 2428 flueret
1018 2391 1036 2429 e
1055 2373 1145 2448 prima
1157 2390 1243 2428 manu
1262 2372 1292 2428 iu
1306 2373 1405 2433 Bern.
1419 2381 1457 2446 A,

209 2455 283 2531 quod
302 2457 375 2513 idem
393 2457 428 2514 de
446 2457 517 2513 libro
535 2456 611 2513 Dun.
630 2467 752 2515 notatur.
788 2477 806 2514 a
823 2458 864 2531 ee]
889 2459 923 2513 ab
941 2476 969 2514 se
986 2457 1119 2520 BermB
1144 2456 1222 2515 Flor.
1243 2455 1320 2516 GH.
1366 2465 1457 2518 imme-

208 2543 309 2618 mores]
328 2541 415 2600 Bern.
434 2543 465 2600 A
483 2541 561 2598 Flor.
580 2542 610 2598 H
629 2545 794 2600 inmemores.
836 2541 877 2599 Et
895 2543 967 2600 solet
989 2541 1047 2601 tero
1069 2543 1111 2602 sia
1127 2542 1212 2600 Bern.
1233 2545 1264 2601 A
1289 2545 1344 2619 qui
1372 2548 1457 2622 paulo

209 2636 275 2686 ante
293 2629 377 2686 etium
396 2648 497 2686 rasura
511 2628 578 2686 iecit
596 2633 775 2688 coninuilitonee
793 2647 845 2703 pro
862 2647 895 2685 co
913 2630 989 2703 quod
1006 2629 1060 2686 fuit
1076 2631 1275 2687 commilitones.

295 2712 367 2790 Cap.
395 2717 449 2785 13,
474 2716 500 2789 5.
522 2715 550 2772 9.
594 2714 792 2789 allevabatque]
817 2714 960 2772 adleualat
982 2715 1070 2773 Bern.
1089 2717 1137 2788 A,
1161 2715 1259 2772 nullus
1285 2713 1454 2775 Flamen

209 2801 368 2877 lanmaque]
389 2803 497 2875 lataque
515 2800 595 2856 Leid.
616 2799 703 2857 solus.

294 2888 321 2961 ς.
343 2888 392 2944 10.
427 2888 548 2958 celinqui
565 2885 606 2960 se]
625 2888 771 2942 entinctum
788 2884 940 2943 esseFlor.
959 2884 993 2944 C.

295 2971 322 3046 S.
343 2973 393 3029 11.
428 2971 576 3046 hostilium]
596 2971 710 3026 boetium
728 2970 807 3027 Flor.
825 2970 883 3027 DE
901 2970 966 3028 Pul.
988 2973 1016 3030 1.

298 3058 322 3130 S.
343 3057 391 3113 12.
427 3057 544 3130 litterae]
582 3055 631 3113 Sic
648 3056 781 3114 scribitur
798 3056 826 3112 in
849 3067 970 3132 utroque
986 3057 1073 3114 Bern.
1099 3063 1128 3114 et
1144 3055 1225 3114 Flor.
1244 3056 1404 3128 EFGHI,
1423 3063 1452 3118 11-

210 3153 282 3200 leruo
306 3142 336 3199 in
359 3143 438 3200 Flor.
457 3140 550 3198 BCD.
586 3143 778 3217 nequicquam]
816 3137 864 3198 Sic
888 3141 1020 3200 Bern.B
1052 3141 1117 3200 Pul.
1139 3143 1154 3198 1
1180 3152 1209 3200 et
1232 3142 1315 3200 Flor.
1344 3164 1452 3215 omnes,

209 3239 321 3306 praeter
337 3228 364 3284 B
383 3229 413 3285 iu
435 3246 492 3301 quo
509 3237 553 3284 est
571 3227 771 3302 nequidquam,
796 3225 884 3284 Bern.
904 3228 934 3286 A
952 3229 1033 3286 Leid.
1053 3226 1141 3286 Voss.
1164 3228 1178 3283 1
1200 3231 1382 3304 nequiquam.

296 3317 322 3388 s.
345 3315 393 3370 13.
430 3313 502 3387 apis]
522 3312 661 3371 omittitur
678 3313 707 3369 in
725 3312 812 3370 Bern.
831 3315 863 3371 A
893 3315 943 3372 sed
968 3314 1118 3391 suppletur
1138 3332 1157 3371 e
1174 3332 1260 3372 manu
1279 3314 1353 3388 alt,
1378 3319 1451 3393 quod

209 3398 284 3458 idem
301 3400 336 3456 de
353 3399 425 3457 libro
441 3398 520 3455 Dan.
539 3407 663 3455 notatur.

296 3485 322 3560 5.
343 3487 392 3542 14.
428 3484 576 3559 temeritas]
595 3483 680 3541 Bern.
698 3483 724 3540 B
742 3484 822 3546 Flor.
842 3485 873 3542 H
890 3487 1017 3543 tenuitas.

296 3571 321 3643 S.
342 3571 389 3627 15.
424 3570 579 3645 inecperta]
598 3569 683 3628 Bcrn.
701 3570 727 3626 B
745 3571 867 3630 Flor.H
886 3573 966 3628 etiam
982 3579 1105 3646 emperia.
1145 3571 1226 3646 ipsis]
1246 3572 1302 3628 auu
1319 3571 1450 3644 utone,

209 3657 266 3731 ipsi
281 3655 361 3718 Flac.
381 3654 422 3720 G.

296 3744 322 3816 §.
344 3745 394 3804 16.
426 3743 617 3818 pronunliare]
637 3745 808 3818 prouinciam
830 3742 911 3806 Flor.
930 3741 959 3800 D
983 3751 1012 3800 et
1034 3761 1053 3800 e
1074 3761 1119 3818 pr.
1137 3761 1178 3804 m.
1203 3741 1242 3804 Ε.
1268 3743 1451 3817 [mendums

210 3827 346 3885 mendose
363 3829 504 3904 scriptura
517 3831 715 3903 pronunciari,
734 3847 807 3903 quee
824 3836 869 3886 est
886 3829 914 3885 in
933 3829 1021 3890 Beru.
1040 3828 1066 3886 B
1084 3828 1165 3890 Flor.
1184 3827 1239 3902 Η.]

297 3909 370 3987 Cep.
392 3915 445 3984 14,
471 3915 497 3987 3.
519 3917 547 3970 1.
584 3915 695 3989 nobiles]
722 3915 818 3970 nobilio
841 3913 922 3972 Leid.
958 3914 1079 3989 secutus]
1107 3911 1155 3971 Sic
1179 3913 1208 3969 in
1232 3915 1342 3972 nostris
1369 3917 1448 3974 mdd.

209 3999 246 4056 ed
263 4017 353 4056 unum
371 3999 502 4056 omuibus
521 3999 668 4071 scribitur,
686 4019 743 4056 nou
760 4009 899 4074 sequutus.

296 4086 321 4157 5.
342 4084 371 4140 2.
409 4085 578 4160 tantamque]
603 4093 705 4142 lontani
728 4083 808 4142 Flor.
827 4085 884 4143 DE
911 4087 975 4158 (sed
993 4085 1125 4158 comat.)
1145 4083 1188 4141 FI
1205 4081 1271 4142 Pal.
1293 4086 1308 4141 1
1336 4095 1368 4142 et
1385 4089 1447 4145 edit.

210 4190 270 4248 pr.‚
293 4178 431 4243 tamqnam
455 4168 587 4225 Bern.B
610 4169 688 4227 Flor.
707 4168 765 4226 CH
782 4169 872 4228 Voss.
893 4172 922 4228 2.
966 4171 1029 4228 Iam
1048 4169 1157 4226 Aldina
1180 4169 1257 4226 dedit
1280 4179 1445 4247 tantamque.

209 4254 424 4314 Freinshemius
442 4254 546 4311 maluit
561 4263 711 4328 totamque,
735 4256 870 4324 nimirum
888 4257 964 4332 quod
986 4256 1098 4314 levatus
1117 4253 1230 4330 quidem
1249 4256 1366 4312 morbus
1392 4259 1447 4314 iem

211 4351 296 4401 antee
312 4342 394 4398 visus
419 4349 493 4413 erat,
517 4348 577 4397 tum
604 4357 671 4398 vcro
689 4341 724 4397 de
741 4340 865 4399 tollenda
894 4343 1008 4419 penitus
1033 4342 1181 4418 agebatur.
1217 4340 1328 4397 Verum
1351 4341 1446 4400 levem

211 4431 342 4494 morbum
359 4447 417 4488 uon
434 4427 527 4490 solum
544 4426 594 4486 ubi
610 4426 748 4488 minuitur
764 4428 875 4506 dicitur,
893 4430 943 4490 sed
955 4429 1046 4491 'etiam
1062 4445 1127 4490 cum
1144 4425 1263 4486 tollitur.
1298 4427 1444 4504 medicata]
