3270 5290
474 381 536 452 nn,
551 377 677 435 osenla
702 378 812 433 snex.
838 378 923 433 sac.
949 379 1047 432 nram
1071 379 1122 431 vn
1347 360 1419 430 225

183 565 235 626 tur,
253 566 282 614 et
298 560 332 614 de
350 558 441 630 iniqua
457 557 614 614 condicione
632 559 688 614 aive
706 559 850 628 indicandi,
869 559 925 614 aive
942 557 1063 628 tacendi,
1081 575 1150 631 quae
1168 558 1202 610 ad
1220 557 1291 629 regis
1309 557 1420 612 salutem

183 635 342 705 pertineant,
362 635 487 708 queritur.
517 641 575 705 (41)
594 635 693 691 Contio
712 655 729 690 a
746 637 851 692 Bolone
871 637 987 708 quodam
1005 635 1114 691 incitata
1131 645 1159 690 et
1176 634 1313 690 admonita
1330 651 1420 706 super·

182 711 257 781 biae,
282 733 334 784 qua
350 713 472 768 Philotas
491 713 556 768 clim
572 731 635 767 usus
653 723 730 782 erat,
755 713 849 786 capitis
867 712 942 767 illum
960 714 1128 768 condemnat.
1164 718 1223 782 (lt)
1242 713 1342 767 Verum
1360 729 1421 783 sup-

106 845 113 848 .
183 789 262 860 plicia
280 789 462 862 inposterum
486 791 583 858 dilato,
603 807 658 846 ¹ren
676 792 710 844 de
729 790 872 846 amicorum
898 791 1032 846 sententia
1048 791 1184 845 Philotam
1201 788 1320 861 torqueri
1338 787 1421 842 iubet.

183 865 220 920 Et
241 867 355 939 primum
378 867 424 921 ille
444 867 551 923 fortiter
574 869 696 922 dolorem
718 869 783 936 fert,
796 867 906 922 deinde
928 867 1057 922 lacerata
1081 866 1170 922 omnia
1191 885 1219 920 ae
1242 866 1422 922 confessurum

184 944 324 1014 promittit
358 944 468 999 Interim
490 944 715 999 nobilissimorum
736 945 855 1017 equitum
875 945 940 1016 fuga
965 945 1008 1012 fit,
1031 944 1117 999 donec
1134 944 1288 999 Alexander
1304 950 1422 996 veterem

184 1021 273 1091 legem
290 1022 325 1074 de
342 1020 472 1092 supplicio
490 1021 700 1094 propinquorum
717 1039 746 1076 se
764 1021 898 1078 remittere
917 1021 1009 1076 edixit
1045 1025 1104 1089 (43)
1124 1020 1274 1075 Confitetur
1291 1019 1422 1084 Philotas,

183 1096 367 1168 Hegelochum
386 1097 450 1152 olim
466 1097 602 1154 tribunum
618 1098 737 1170 equiturn
753 1097 926 1153 Parmenioni
944 1097 1048 1169 sibique
1068 1107 1204 1152 auctorem
1221 1097 1312 1164 saissa,
1331 1112 1423 1167 regem

185 1173 330 1228 divinitatis
348 1191 428 1230 causa
444 1174 557 1229 invisum
574 1176 751 1245 interimendi,
767 1193 826 1231 eam
843 1191 907 1228 vero
926 1191 990 1242 rem,
1001 1175 1088 1229 donec
1096 1175 1198 1228 Dareus
1211 1175 1239 1228 in
1256 1173 1323 1228 vivia
1342 1181 1422 1240 esset,

185 1249 296 1305 dilatam
316 1269 382 1306 esse.
422 1252 541 1324 Cumque
566 1251 643 1308 initio
667 1250 734 1306 nihil
757 1269 787 1306 se
810 1271 868 1308 orm
891 1250 990 1305 Dimno
1019 1268 1158 1306 commune
1182 1253 1282 1306 habere
1301 1249 1421 1318 dixisset,

184 1336 280 1398 postea
297 1329 377 1386 etiam
395 1329 446 1383 hoc
463 1329 597 1400 agnoscit,
621 1329 670 1382 sed
691 1337 794 1400 petrem
811 1327 1016 1384 Parmenionem
1038 1328 1132 1401 culpae
1155 1328 1255 1401 eximit
1291 1329 1351 1396 (44)
1367 1327 1422 1382 Pc-

183 1412 257 1459 stero
276 1404 318 1458 die
336 1404 365 1459 in
383 1405 507 1461 contione
525 1406 605 1461 etiam
623 1405 763 1460 Demetrio
782 1414 809 1459 et
827 1405 887 1461 Cali
905 1407 1022 1478 quodam
1040 1404 1181 1474 convictis,
1200 1403 1358 1478 supplicium
1374 1421 1421 1458 vc-

183 1489 257 1536 msto
283 1500 357 1537 more
382 1483 416 1535 de
439 1483 581 1539 coniuratis
605 1483 722 1538 sumitur.
759 1485 919 1551 (Auctumoo
940 1485 1015 1552 cani,
1039 1485 1204 1552 mandetur,
1226 1501 1251 1538 a
1278 1482 1341 1538 Otr.
1363 1487 1422 1537 880.

186 1559 288 1630 olm.
308 1565 367 1628 112,
386 1565 424 1629 Β.)

426 1835 815 1940 Supplementum
854 1837 1183 1915 Freinshemii.

257 2021 340 2092 [Dum
357 2039 389 2078 ea
405 2042 453 2096 per
470 2023 562 2080 Asiam
585 2032 726 2096 genmmr,
749 2040 784 2078 ne
801 2023 830 2077 in
848 2022 961 2079 Graecia
984 2022 1092 2094 quidem
1113 2019 1328 2094 Macedoniaque
1349 2029 1422 2076 nan·

185 2099 287 2170 quillae
308 2105 351 2154 r'ea
371 2101 454 2155 fuere.
489 2101 632 2172 Regnabat
654 2101 726 2173 apud
746 2099 972 2156 Lacedaemonios
995 2098 1062 2170 Agis
1087 2097 1241 2155 Archidami
1266 2099 1348 2167 filius,
1375 2096 1420 2170 qui

185 2175 342 2230 Tarentinis
365 2194 444 2250 opem
463 2178 551 2232 ferens
577 2177 724 2246 ceciderat,
752 2177 847 2232 eodem
874 2179 917 2231 die
945 2195 998 2250 quo
1027 2175 1165 2249 Philippus
1186 2174 1365 2231 Athenienses
1388 2175 1423 2228 ad

185 2253 375 2309 Chaeroneam
398 2255 467 2310 vicit.
502 2255 529 2309 Is
548 2253 696 2310 Alexandri
717 2271 766 2327 per
782 2253 908 2308 virtatem
929 2253 1061 2322 aemulm,
1087 2253 1159 2308 cives
1181 2271 1243 2309 suos
1260 2253 1421 2320 stimulabat,

183 2347 220 2384 ne
244 2331 384 2387 Graeciam
406 2330 531 2386 servitrte
552 2331 730 2386 Macedonum
753 2330 849 2386 diutius
877 2330 962 2403 premi
985 2339 1152 2403 paterentur:
1178 2330 1230 2384 nisi
1251 2331 1280 2386 in
1301 2340 1423 2404 tempore

183 2406 374 2478 providerent,
399 2408 470 2463 idem
494 2408 583 2481 iugum
604 2409 637 2464 ad
659 2407 730 2479 ipsos
747 2409 919 2463 transiturum
936 2425 1003 2462 esse.
1038 2408 1223 2463 Annitendum
1240 2409 1335 2481 igitur,
1360 2409 1423 2462 dum
1512 2427 1514 2430 ·

183 2483 292 2556 aliquae
311 2486 396 2539 adhuc
416 2483 504 2538 Persis
521 2485 556 2537 ad
578 2485 753 2540 resistendum
769 2485 839 2540 vires
857 2493 958 2541 essent:
985 2483 1038 2540 illis
1056 2485 1201 2560 oppressis,
1229 2488 1355 2544 adversm
1372 2487 1421 2540 im·

182 2577 293 2615 manem
314 2561 459 2634 potentiam
479 2560 575 2614 frustra
596 2562 682 2616 avitae
702 2563 833 2618 libertatis
855 2579 987 2618 memores
1004 2561 1115 2619 satiras.
1151 2563 1197 2619 Sic
1214 2563 1345 2618 instinctis
1364 2561 1419 2616 ani-

182 2638 245 2706 mis,
266 2639 433 2694 occasionem
447 2635 511 2691 belli
529 2655 565 2691 ex
582 2641 721 2694 commodo
738 2640 881 2712 coaptandi
902 2638 1153 2711 circumspiciebant
1186 2640 1274 2712 Igitur
1292 2638 1420 2696 felicitate

182 2715 341 2770 Memnonis
357 2714 469 2782 invitati,
487 2713 596 2769 consilia
612 2735 671 2771 cum
687 2716 746 2788 ipso
764 2717 875 2773 macore
893 2716 1012 2788 aggressi
1029 2727 1102 2786 sunt3
1121 2727 1149 2771 et
1166 2725 1307 2788 postquam
1325 2716 1421 2769 illene·

182 2809 246 2844 mm
263 2793 390 2846 laetamm
407 2791 481 2846 initia
497 2791 681 2863 intempestiva
699 2803 785 2848 morte
802 2793 934 2862 destituit,
956 2792 1041 2848 nihilo
1058 2795 1190 2848 remissius
1207 2794 1330 2864 agebam
1366 2792 1422 2846 Sed

183 2870 221 2922 ad
238 2869 440 2924 Pharnabazum
457 2879 484 2925 et
501 2871 721 2940 Autophradaten
738 2872 872 2942 profectus
889 2871 970 2940 Agis,
988 2869 1098 2942 higinta
1115 2869 1220 2943 argenti
1237 2869 1350 2936 talenta,
1374 2869 1420 2922 de-

184 2961 301 3016 cemque
317 2946 435 3001 triremes
453 2941 608 3020 impetravit,
626 2965 690 3019 quas
708 2947 836 3019 Agesilao
853 2946 929 3002 fiatri
945 2946 1029 3014 misit,
1057 2956 1086 3002 ut
1103 2947 1132 3001 in
1149 2947 1256 3002 Cretam
1273 2946 1419 3016 navigaret,

184 3021 262 3076 cuius
285 3021 384 3077 insulae
401 3023 512 3078 udtores
535 3025 603 3078 inter
619 3025 843 3080 Lacedaemonios
862 3033 890 3079 et
906 3025 1068 3079 Macedonas
1087 3022 1198 3077 diversis
1216 3023 1309 3076 studiis
1328 3022 1421 3076 distra-

184 3095 332 3152 hebantur.
354 3095 585 3172 'Legati'quoque
607 3101 642 3154 ad
657 3102 775 3156 Dareum
792 3101 956 3169 missisunt,
979 3100 1070 3171 quiin
1089 3119 1164 3154 usum
1181 3099 1247 3152 belli
1265 3099 1420 3170 ampliorem

184 3173 243 3226 vim
266 3173 391 3243 pecumm
412 3177 552 3248 pluresque
574 3195 653 3232 naves
674 3187 806 3250 peterent.
843 3181 933 3250 Atque
955 3179 1020 3232 haec
1043 3193 1135 3230 eorum
1157 3185 1254 3247 coepta
1276 3176 1365 3230 clades
1387 3175 1422 3229 ad

148 3285 156 3304 .
185 3249 277 3302 Issum
296 3255 368 3314 (nam
384 3267 416 3304 ea
431 3253 619 3320 intervenerat)
637 3256 706 3310 adeo
724 3273 779 3309 non
796 3254 985 3327 interpellavit,
1003 3263 1033 3308 ut
1050 3254 1129 3310 etiam
1146 3252 1283 3308 adiuverit
1316 3250 1422 3322 Quippe

182 3323 339 3395 fugientem
355 3325 483 3383 insecutus
501 3331 654 3384 Alexander
670 3332 698 3385 in
715 3331 862 3404 longinqua
878 3333 937 3388 loca
954 3330 1038 3402 magis
1055 3330 1191 3403 magisque
1208 3327 1375 3400 rapiebatur3
1394 3334 1423 3382 et

183 3401 302 3472 ex'ipso
320 3403 423 3472 proelio
440 3407 659 3461 mercenariomm
675 3408 768 3480 ingena
786 3409 927 3464 multitudo
946 3409 974 3462 in
991 3407 1129 3464 Graeciam
1145 3408 1210 3478 suga
1221 3413 1422 3478 penetraverat:

183 3495 306 3550 quorum
327 3489 388 3533 octo
409 3480 479 3533 milia
499 3480 607 3536 Persica
629 3485 740 3556 pecunia
761 3486 890 3540 conduxit
911 3485 988 3557 Agis,
1012 3497 1159 3554 eorumque
1179 3499 1262 3555 opera
1282 3482 1423 3554 plerasque

184 3553 363 3610 Cretensium
382 3557 460 3608 urbes
479 3557 587 3627 recepit
623 3559 690 3614 Cam
716 3561 838 3634 deinceps
856 3563 972 3631 Menon,
995 3565 1024 3616 in
1045 3560 1186 3616 Thraciam
1208 3561 1242 3613 ab
1266 3559 1422 3614 Alexandro

184 3631 297 3693 missus,
314 3629 442 3684 barbaros
459 3634 493 3686 ad
509 3634 684 3691 defectionem
700 3639 853 3710 impulisset,
871 3640 958 3710 adque
975 3657 1034 3694 eam
1050 3637 1275 3708 comprimendam
1283 3635 1424 3707 Antipater

183 3703 341 3760 exercitum
362 3719 395 3756 ex
411 3705 566 3764 Macedonia
587 3710 615 3764 in
633 3713 772 3769 Thraciam
795 3716 926 3782 duxisset,
951 3715 1149 3788 opportunitate
1171 3713 1297 3785 temporis
1316 3721 1423 3766 strenue

185 3780 230 3836 usi
249 3779 455 3834 mananti
471 3791 554 3839 totam
562 3786 786 3859 Peloponnesum,
805 3793 895 3863 paucis
912 3791 1022 3846 urbibus
1039 3789 1166 3862 exceptis,
1184 3789 1212 3842 in
1229 3797 1318 3860 partes
1334 3797 1424 3842 traxe

182 3863 262 3924 runt,
283 3854 457 3944 confectoqe
473 3863 588 3918 namu
604 3863 698 3935 agius
716 3868 815 3922 arrium
832 3868 960 3940 eurum,
970 3886 1029 3922 eum
1045 3865 1178 3939 equitibus
1195 3865 1237 3919 aa
1253 3862 1425 3936 marasan

183 3948 324 3990 summam
341 3947 441 4000 lmpern
458 3935 612 3994 demlemnt.
647 3943 788 4016 Antipater
804 3961 837 3998 ea
853 3963 883 4000 re
900 3953 1035 4014 comperta
1056 3943 1158 3996 bellum
1175 3941 1203 3995 in
1220 3941 1345 4010 Thracia,
1364 3940 1421 4013 qui-

182 4009 568 4098 busnpotectuccnd'itionihus,
586 4020 732 4089 campania
751 4021 899 4092 raptimque
916 4022 944 4075 in
963 4019 1100 4076 Graeciam
1118 4035 1262 4092 regressus,
1280 4017 1315 4070 ab
1333 4016 1424 4072 amicis

183 4087 492 4170 socusqueosvrtatrbns
509 4090 606 4145 nmilia
623 4095 705 4166 cogit.
723 4097 827 4162 Quibus
845 4095 1070 4164 convenientibus,
1089 4099 1122 4151 ad
1140 4093 1315 4168 quadraginta
1323 4111 1426 4164 pugna·

183 4171 281 4217 torum
305 4157 377 4245 mpha
397 4165 531 4218 recensuit.
570 4169 725 4225 Advenerat
746 4182 773 4226 et
790 4191 825 4226 ex
841 4173 1031 4246 Peloponneso
1058 4173 1147 4226 valida
1168 4189 1272 4224 manus:
1298 4171 1346 4224 sed
1364 4169 1426 4241 quia

182 4237 305 4291 dubiam
328 4251 444 4303 ipsorum
464 4239 542 4294 fidem
565 4245 719 4314 resciverat,
743 4249 907 4305 dissimulata
927 4249 1076 4322 suspicione
1093 4246 1192 4320 gratias
1210 4247 1278 4318 egit,
1301 4246 1375 4319 qnod
1392 4245 1427 4298 ad

182 4309 393 4397 defendessdm
412 4313 536 4403 'advento
552 4316 777 4380 Lacedaemonios
798 4325 944 4381 Alexandri
968 4326 1124 4399 dignitatem
1146 4323 1293 4379 affuissent:
1318 4323 1426 4393 scriptr-

182 4407 248 4478 rim
267 4401 299 4440 ⁸⁶
318 4385 428 4474 ¹dJ⁰g¹s
446 4399 555 4458 gratmn
571 4395 599 4448 iu
616 4405 736 4468 tempore
752 4403 877 4457 relaturo.
911 4403 944 4456 In
961 4419 1086 4474 praesens
1103 4401 1168 4455 nihil
1186 4418 1254 4472 opus
1272 4415 1328 4453 esse
1345 4397 1427 4451 mmo·

183 4467 265 4520 nbu⁸
285 4477 371 4530 (301311Ε
377 4480 392 4526 ².
400 4470 488 4532 lta(luc
505 4467 598 4525 domos
615 4473 741 4547 redirent,
759 4479 874 4535 foederis
890 4480 1046 4536 necessitate
1063 4476 1175 4549 expleta.
1202 4475 1319 4532 Nuntios
1331 4473 1426 4528 deindo

1188 4567 1220 4616 15
