3268 5286
534 407 581 457 or.
608 405 735 458 cnsrrs
761 403 871 459 Anax.
897 407 962 478 vn,
989 407 1031 456 sc.
1309 393 1381 464 341

112 593 288 667 sbantur.
340 591 421 691 Ipse
446 615 513 664 rex
539 615 621 663 cum
647 589 792 665 delectis
818 593 967 692 primus·
980 603 1095 667 ratem
1121 594 1244 686 solvit,
1284 597 1383 670 etin

145 704 260 804 ripam
285 703 389 802 dirigi
415 703 526 776 iussit.
581 699 646 776 (lui
673 699 828 801 Scythae
864 703 1028 778 admotos
1055 703 1197 780 ordines
1225 709 1383 804 equitum
1518 801 1521 808 .

147 819 182 889 in
208 817 325 915 primo
350 817 448 913 ripae
474 815 633 912 margine
660 827 862 913 opponunt,
900 827 942 888 ut
971 842 1018 890 ne
1044 817 1212 915 applicari
1239 821 1382 916 quidem
1434 807 1439 826 ’

111 939 262 1002 oterrae
288 937 384 1001 rates
410 935 568 1024 possent.
621 924 788 1001 Ceterum
819 937 965 1025 praeter·
993 928 1085 999 hanc
1117 928 1271 1026 speciem
1296 932 1382 1029 ripis

144 1037 378 1140 praesidentis
406 1038 603 1129 exercitus,
640 1039 766 1137 ingens
798 1039 1008 1137 navigantes
1040 1049 1157 1112 terror
1182 1040 1380 1116 invaserat:

145 1177 298 1248 namque
324 1173 468 1222 cursum
493 1149 762 1246 gubernatores,
788 1176 870 1223 cum
895 1150 1040 1248 obliquo
1057 1150 1202 1225 flumine
1227 1153 1381 1252 impelle·

145 1274 285 1353 rentur,
319 1285 444 1360 regere
469 1285 542 1332 non
568 1271 752 1358 poterant,
787 1261 1065 1358 vacillantesque
1090 1262 1235 1356 milites,
1274 1277 1311 1340 et
1336 1293 1382 1340 ne

111 1383 400 1448 rexcuterentur
427 1371 575 1463 solliciti,
601 1383 792 1446 nautarum
818 1372 1013 1446 ministeria
1039 1374 1284 1450 turbaverant
1320 1377 1382 1453 'Ne

144 1487 217 1561 tela
242 1485 385 1583 quidem
412 1484 530 1556 conati
556 1485 636 1557 nisu
662 1485 804 1558 vibrare
830 1494 1007 1583 poterant,
1034 1510 1116 1558 cum
1141 1489 1238 1584 prior
1264 1489 1383 1562 standi
1421 1560 1425 1568 .

144 1599 220 1672 sine
246 1597 414 1696 periculo,
441 1620 548 1694 quam
564 1595 705 1669 hostem
722 1594 922 1670 incessendi
940 1619 1026 1669 cura
1042 1609 1147 1672 esset.
1187 1598 1382 1674 Tormenta

146 1710 251 1783 saluti
276 1710 435 1798 fuerunt,
475 1707 603 1805 quibus
629 1707 666 1780 in
692 1709 870 1782 confertos
897 1733 940 1782 ac
964 1719 1099 1783 temere
1126 1735 1164 1784 se
1191 1712 1381 1785 offerentes
1429 1773 1431 1780 .

109 1819 243 1894 ahaud
267 1821 403 1893 frustra
428 1843 581 1893 excussa
607 1829 692 1892 sunt
717 1821 798 1894 tela.
851 1817 1000 1894 Barbari
1032 1848 1172 1920 quoque
1200 1825 1382 1920 ingentem

145 1933 218 2004 vim
244 1931 456 2030 sagittarum
481 1930 643 2004 infudere
668 1931 815 2005 ratibus.
851 1929 996 2028 Vixque
1016 1935 1129 2007 ullum
1145 1935 1212 2008 fuit
1230 1945 1381 2026 scutum,

144 2043 242 2140 quod
268 2069 341 2117 non
368 2042 528 2142 pluribus
555 2043 661 2115 simul
686 2043 829 2140 spiculis
855 2044 1105 2140 perforaretur.

109 2175 125 2222 a
246 2153 393 2252 Iamque
417 2164 535 2228 terrae
560 2165 656 2226 rates
683 2149 969 2252 applicabantur,
1001 2180 1083 2229 oum
1108 2155 1201 2229 acies
1229 2157 1431 2256 clipeata37

145 2268 338 2365 consurgit,
366 2277 403 2340 et
427 2266 550 2339 hastas
577 2270 685 2341 certo'
701 2267 785 2357 ictu,
811 2274 938 2363 utpote
963 2267 1076 2340 libero
1102 2267 1198 2358 nisu,
1223 2267 1381 2342 mittite
1470 2259 1473 2266 ’

108 2430 113 2436 -
143 2379 290 2453 ratibus.
334 2377 383 2452 Et
408 2388 450 2450 ut
474 2377 618 2451 territos
643 2377 923 2476 recipientesque
949 2403 1059 2477 equos
1085 2376 1220 2470 videre,
1246 2380 1382 2453 alacres
1417 2387 1422 2402 ⁸

143 2505 269 2564 mutua
301 2488 550 2563 adhortatione
581 2489 618 2561 in
650 2499 794 2562 terram·
815 2487 999 2564 desiluere.
1052 2491 1220 2564 Turbatis
1252 2492 1381 2565 acriter

28 2683 31 2696 Ι
91 2623 125 2672 ιο
143 2601 273 2702 pedem
306 2602 436 2673 inferre
467 2612 671 2699 coeperunt.
723 2599 893 2698 Equitum
931 2601 1059 2676 deinde
1096 2613 1251 2692 turmae,
1290 2629 1381 2699 quae

143 2715 300 2786 frenatos
340 2713 522 2786 habebant
567 2735 696 2808 equos,
741 2713 943 2810 perfregere
987 2714 1222 2786 barbarorum
1259 2714 1379 2788 aciem.

144 2823 292 2899 Interim
319 2826 426 2899 ceteri
452 2825 594 2923 agmine
619 2820 863 2896 dimicantium
879 2825 965 2896 tecti
983 2833 1153 2921 aptavere
1172 2849 1211 2896 se
1228 2851 1380 2923 pugnae.

92 2955 123 3002 11
144 2935 226 3034 Ipse
251 2961 332 3029 retr,
369 2934 466 3034 quod
492 2933 625 3034 vigoris
652 2957 761 3030 aegro
788 2933 905 3006 adhuc
932 2935 1072 3032 corpori
1099 2933 1238 3026 deerat,
1274 2936 1381 3008 animi

144 3048 311 3122 firmitate
343 3047 542 3147 supplebat.
595 3041 680 3117 Vox
714 3041 938 3118 adhortantis
972 3071 1045 3118 non
1081 3057 1223 3144 poterat
1257 3045 1381 3136 audiri,

145 3157 303 3232 nondum
340 3161 432 3232 bene
471 3157 628 3231 obducta
663 3156 824 3228 cicatrice
857 3158 1020 3247 cervicis,
1059 3155 1123 3230 sed
1155 3157 1382 3232 dimicantem

92 3290 125 3340 12
146 3270 263 3343 cuncti
302 3271 484 3346 videbant
545 3267 669 3364 Itaque
709 3267 777 3365 ipsi
813 3265 944 3341 ducum
978 3269 1219 3366 iungebantur
1253 3269 1380 3360 officio,

143 3497 222 3580 gepdi
240 3497 466 3568 opportunitatem
479 3496 661 3552 nactiFlor.C
679 3513 747 3578 qaae
780 3510 813 3547 ea
839 3495 925 3576 forma
951 3494 1045 3576 utitur.
1079 3495 1150 3549 Vide
1175 3496 1209 3550 sd
1231 3511 1271 3564 ιν,
1291 3502 1381 3578 rapt.

143 3568 240 3620 obtecta
262 3577 350 3632 οναηε,
376 3565 449 3619 Flor.
466 3567 491 3620 E
507 3565 624 3620 Bernss
646 3567 745 3619 obtecta
780 3562 850 3643 Nam
867 3565 975 3646 podices·
987 3565 1092 3634 quidem
1132 3565 1180 3618 len
1201 3581 1234 3618 ue
1256 3565 1381 3644 desdscre,

145 3651 209 3686 aero
225 3633 352 3686 lecerunt.
399 3702 404 3714 ι
684 3703 689 3714 ¹
724 3701 730 3712 ⁹
779 3631 828 3684 reh
847 3651 875 3713 ur
897 3635 1004 3714 desslgre
1021 3583 1168 3713 Prosda·
1181 3584 1291 3714 icas?
1314 3641 1383 3714 srcqt

180 3704 238 3769 §.t
274 3704 359 3753 conon
374 3719 435 3753 assu
453 3703 553 3755 vibrare
596 3701 689 3754 Coacta
705 3719 745 3754 vr·
779 3700 810 3752 M
855 3705 885 3753 hs
903 3701 994 3754 edidit.
1024 3699 1078 3754 Sed
1095 3702 1254 3755 mfimtrvum
1271 3720 1299 3754 m
1315 3709 1382 3756 actr-

145 3769 213 3823 rium
239 3767 434 3847 contentionem
463 3767 491 3821 in
521 3778 581 3822 tcrs
607 3769 744 3839 adigendis
779 3785 829 3821 one
838 3769 891 3822 cito
899 3769 1016 3839 perfecta
1025 3786 1077 3822 non
1095 3777 1160 3838 puto
1173 3769 1258 3823 locum
1275 3771 1381 3823 habere.

144 3845 207 3910 apte
224 3835 361 3906 sigmlicat.
397 3835 472 3888 Nica
489 3836 568 3906 vulgo
585 3836 679 3901 editur,
697 3837 745 3889 sed
813 3839 838 3904 ς.
856 3844 910 3890 11.
932 3837 1035 3905 corpori
1056 3839 1144 3890 decrat
1188 3837 1278 3908 Vulgo
1299 3840 1383 3892 edunt

144 3910 205 3960 nisa
222 3903 424 3986 BernhFlor.
437 3903 538 3958 ABEG
555 3912 582 3957 ct
618 3921 663 3957 uos
678 3904 745 3957 Sua-
780 3921 859 4023 capro
878 3907 962 3983 odtqc
980 3921 1095 3973 corpore,
1114 3905 1147 3958 ab
1174 3906 1381 3987 tivisabsolptis,

144 3976 222 4126 te?
238 3973 373 4125 nnn
391 3973 472 4095 ar
496 3972 746 4120 scarnen
780 3979 1142 4122 numnam
1156 3974 1382 4124 antur

102 4237 105 4244 .
144 4114 345 4253 ltnttt
357 4110 747 4260 ttnsrtdttt‘ttt
780 4109 1381 4260 tttftttttttht⁰tttrr⁶lltt
1441 4143 1444 4152 “

145 4251 255 4306 formam
273 4249 350 4304 video
371 4248 451 4303 etiam
470 4249 556 4303 doctu
574 4251 640 4301 Lrvn
659 4247 745 4300 edito-
779 4263 873 4318 recepi.
907 4247 959 4302 Est
984 4255 1063 4302 eham
1088 4251 1171 4318 aspari
1200 4267 1228 4302 m
1253 4249 1333 4301 Bern.
1356 4249 1381 4301 A

144 4319 217 4372 ribus
233 4319 369 4390 placuisse.
779 4315 853 4370 Flor.
871 4315 920 4370 AB
938 4315 1012 4370 Leid.
1029 4319 1107 4370 Voss.
1118 4324 1147 4382 1,
1170 4320 1243 4387 otyor
1264 4315 1292 4369 in
1309 4315 1381 4371 Flor.

181 4387 297 4458 Caput,
316 4391 339 4456 ς.
354 4394 378 4442 9.
414 4389 550 4455 desiluere]
578 4384 623 4440 Sic
640 4383 693 4437 h.l.
711 4385 745 4437 de
780 4385 808 4440 H
825 4384 906 4440 Bam.
923 4385 957 4453 B,
976 4386 1024 4439 sed
1040 4386 1105 4438 haec
1122 4394 1185 4438 sunt
1201 4385 1304 4438 menda.

146 4455 575 4538 coniecturalscribendumuerat,
604 4453 669 4536 quia
688 4452 745 4533 aliis
815 4457 891 4520 512.
911 4455 1004 4537 ltaque
1021 4456 1073 4534 posi
1086 4454 1271 4534 dappmfcny.
1285 4453 1380 4531 qfficio]

146 4524 209 4578 locu
231 4523 336 4578 Curuus
359 4541 418 4581 cum
440 4533 546 4596 optrmrs
572 4523 745 4597 scriptoribus
781 4520 921 4578 Adrectum
934 4521 1163 4594 legiturmedrtrs
1180 4539 1233 4592 ψει
1249 4521 1381 4588 quedem,
