3238 5296
241 338 317 408 414
710 358 744 419 Q.
773 357 898 408 ouarn
923 357 1008 409 sum

239 541 464 614 sibi'maiore
502 541 653 614 militum
679 565 786 637 quam
820 541 1014 638 agrestium
1052 565 1160 613 manu
1186 564 1277 638 opus
1308 563 1387 612 esse
1424 564 1486 612 re·

238 651 391 752 spondit.
443 652 613 727 Abisares
654 663 690 726 et
714 651 830 725 Poma
857 662 976 743 erant,
1015 649 1142 726 sedin
1168 649 1262 724 Poro
1298 651 1487 724 eminebat
1510 671 1536 717 ιε

238 764 441 842 auctoritas.
499 763 658 862 Uterque
691 766 786 838 ultra
810 761 1008 862 Hydaspen
1044 789 1185 836 amnem
1211 763 1402 861 regnabat,
1442 772 1486 835 et

238 877 322 950 belli
347 877 543 966 fortunam,
571 876 727 974 quisquis
754 901 854 948 arma
878 875 1040 966 inferret,
1072 875 1226 973 experiri
1257 873 1485 948 decreverat

240 985 400 1086 Omphis,
426 989 655 1086 permittente
681 986 900 1078 Alexandro,
927 997 964 1062 et
988 988 1127 1086 regium
1152 987 1289 1084 insigne
1315 986 1484 1084 sumpsit,
1508 1005 1537 1049 1⁴

239 1109 276 1172 et
301 1125 401 1172 more
426 1102 544 1199 gentis
569 1123 656 1174 suae
679 1125 837 1191 nomen,
878 1098 975 1196 quod
1000 1100 1113 1199 patris
1145 1100 1271 1172 fuerat
1324 1095 1481 1172 Taxilen

240 1212 465 1310 appellavere
491 1212 692 1311 populares,
720 1220 891 1309 sequente
908 1211 1053 1284 nomine
1078 1211 1276 1308 imperium,
1302 1211 1339 1284 in
1357 1235 1484 1308 quem·

239 1349 378 1420 cunque
417 1324 594 1397 transiret.
659 1323 773 1423 Igitur
822 1349 903 1396 cum
943 1347 1008 1421 per
1049 1321 1211 1396 triduum
1253 1321 1484 1419 hospitaliter
1504 1339 1535 1386 1⁵

245 1432 486 1508 Aexandrum
522 1437 733 1535 accepisset,
773 1445 901 1532 quarto
934 1434 992 1508 die
1025 1445 1063 1510 et
1097 1444 1272 1531 quantum
1306 1433 1480 1506 humenti

240 1546 365 1644 copiis,
397 1571 485 1642 quas
517 1544 762 1645 Hephaestion
798 1545 967 1638 duxerat,
1005 1546 1207 1644 praebitum
1242 1571 1264 1618 a
1297 1569 1337 1618 se
1371 1555 1481 1633 essct,

240 1656 406 1748 ostendit,
433 1668 470 1731 et
495 1683 621 1732 aureas
648 1684 797 1733 coronas
823 1659 890 1756 ipsi
904 1658 1108 1755 -amicisque
1134 1657 1309 1747 omnibus,
1335 1667 1483 1755 praeter

237 1771 326 1844 haec
351 1768 481 1866 signati
512 1773 652 1870 argenti
685 1793 789 1844 cxxx
820 1770 956 1842 talenta
988 1768 1083 1844 dono
1110 1768 1220 1843 dedit.
1274 1766 1355 1858 Qua
1379 1767 1530 1842 beni-1⁶

238 1882 374 1982 gnitate
401 1880 476 1956 eius
501 1881 710 1960 Alexander
734 1882 823 1954 mire
848 1881 983 1972 laetus,
1010 1892 1047 1953 et
1073 1905 1164 1978 quae
1190 1881 1221 1954 is
1247 1879 1397 1954 dederat
1423 1904 1478 1952 re-

236 1993 350 2084 misit,
384 2003 420 2066 et
445 1994 542 2067 mille
572 1997 709 2068 talenta
741 2019 787 2067 ex
814 1991 965 2090 praeda,
999 2017 1106 2090 quam
1140 1993 1306 2084 vehebat,
1333 1991 1476 2081 adiecit,

237 2105 420 2202 mrdtaque
446 2107 644 2179 convivalia
676 2131 723 2180 ex
762 2130 850 2178 auro
889 2114 927 2176 et
951 2114 1102 2202 argento
1141 2129 1245 2196 vasa,
1284 2105 1480 2202 plurimum

238 2214 402 2288 Persicae
428 2217 550 2307 vestie,
576 2240 656 2289 xxx
683 2242 793 2316 equos
820 2237 867 2288 ex
893 2216 982 2307 suis,
1010 2241 1090 2289 cum
1115 2215 1241 2288 iisdem
1267 2216 1480 2313 insignibus,

241 2327 318 2423 quis
345 2339 588 2417 assueverant,
616 2353 696 2402 cum
721 2331 839 2428 ipsum
858 2327 1041 2400 veherent.
1087 2325 1187 2417 Quae
1212 2329 1407 2403 liberalitas
1435 2328 1480 2401 si·
1502 2349 1530 2393 ιτ

242 2447 303 2508 cut
334 2437 526 2512 barbarum
561 2440 822 2529 obstrinxerat,
861 2438 912 2510 ita
939 2440 1070 2512 amicos
1109 2439 1220 2536 ipsius
1246 2439 1481 2512 vehementer

240 2546 399 2620 offendit.
451 2547 637 2647 Equibus
662 2548 860 2647 Meleager,
893 2575 1001 2650 super
1036 2576 1184 2625 coenam
1214 2553 1369 2650 largiore
1394 2551 1481 2623 vino

241 2684 343 2750 usus,
381 2662 552 2758 gratulari
585 2687 623 2734 se
649 2659 858 2742 Alexandro
885 2660 995 2755 dixit,
1030 2661 1126 2760 quod
1153 2665 1280 2738 saltem
1314 2662 1351 2736 in
1377 2660 1481 2735 lndia

240 2767 457 2871 repperisset
480 2773 627 2872 dignum
653 2773 796 2846 talentis
823 2773 929 2846 mille.
975 2772 1066 2866 Rex,
1091 2772 1189 2846 hatrd
1212 2773 1345 2848 oblitus
1372 2797 1480 2870 quam
1502 2792 1532 2839 18

240 2909 346 2984 aegre
372 2884 522 2976 tulisset,
549 2883 646 2982 quod
673 2883 804 2958 Clitum
830 2884 877 2959 ob
902 2886 1045 2983 linguae
1071 2886 1309 2958 temeritatem
1336 2883 1481 2958 occidis·

239 3007 310 3088 set,
342 2996 433 3070 iram
465 2997 608 3095 quidem
634 2997 768 3088 tenuit,
803 2994 867 3068 sed
893 2993 1001 3087 dixit,
1033 2993 1174 3069 invidos
1201 2996 1363 3070 homines
1393 2996 1481 3069 nihil

241 3108 354 3200 aliud,
381 3134 487 3206 quam
514 3110 674 3207 ipsorum
700 3132 778 3180 esse
804 3116 994 3181 tormenta.

189 3225 237 3294 44
340 3219 492 3293 Postero
520 3219 577 3292 die
601 3220 710 3318 legati
731 3218 907 3292 Abisarae
933 3218 1052 3292 adiere
1087 3244 1218 3318 regem.
1274 3215 1406 3292 Omnia
1431 3218 1546 3292 di·an

241 3332 332 3405 eioni
359 3332 444 3421 eius,
471 3331 522 3401 ita
547 3340 589 3402 ut
614 3330 824 3404 mandatum
851 3341 937 3422 erat,
965 3331 1240 3430 permittebant,
1267 3331 1480 3428 firmataque

276 3518 299 3584 ξ.
320 3521 360 3569 13.
405 3515 556 3634 ΑὸίεανεἸἺ
579 3515 726 3566 Abissores
753 3529 844 3567 secun-
912 3516 936 3582 ᾷ.
957 3519 996 3567 15.
1022 3515 1112 3584 Iqitur
1128 3517 1196 3583 cam]
1227 3513 1272 3569 Sic
1289 3531 1380 3568 omnes
1398 3513 1482 3568 nostri

240 3585 304 3637 dum
331 3583 454 3636 Besad
481 3590 508 3635 et
557 3581 650 3636 lor.B
678 3581 845 3636 scribebatur
877 3589 906 3636 et
937 3582 1026 3636 collati
1052 3599 1069 3636 a
1094 3583 1176 3637 Snak.
1219 3583 1309 3654 Vulgo
1331 3601 1360 3636 er
1415 3600 1482 3636 aar.

236 3653 264 3705 in
302 3653 361 3706 edd.
394 3659 459 3704 vett.
495 3668 578 3722 usque
612 3651 646 3705 ad
682 3650 842 3704 Modianam.
877 3649 1054 3721 Praepositur
1070 3660 1157 3705 autem
1177 3653 1258 3722 igiter
1275 3653 1345 3722 apud
1383 3651 1483 3704 artium

239 3723 382 3776 Abiuseres
410 3720 480 3774 Flor.
500 3719 535 3786 C,
563 3721 691 3774 Abisares
709 3718 780 3774 Flor.
808 3717 842 3786 G,
877 3718 941 3774 locis
960 3720 1183 3792 quamplurimis.
1210 3719 1484 3774 ornaments

239 3791 400 3844 Abiossares
423 3789 493 3844 Flor.
511 3789 564 3842 ΕΗ
581 3789 662 3842 Bern.
679 3789 703 3842 B
722 3788 800 3842 Voss.
817 3795 842 3844 2.
876 3789 954 3842 Ver-r.
988 3803 1037 3854 111,
1079 3795 1110 3843 tt
1138 3807 1178 3860 pr.
1236 3789 1302 3843 Mox
1332 3790 1484 3859 praebitam

238 3859 336 3912 Postea
353 3861 483 3912 Abisarae
496 3857 633 3982 genitivus
651 3867 771 3938 constat,¹
784 3865 842 3910 tan-
877 3875 894 3911 a
920 3876 965 3939 se.
983 3875 1039 3911 esse
1064 3875 1113 3928 pro
1147 3868 1214 3912 esset
1240 3859 1365 3912 mendose
1391 3873 1483 3911 omnes

239 3935 297 4049 ill
314 3927 476 4076 lillibii'.
490 3928 653 4076 nillil?
672 3925 846 4076 lxiiiiiiii
881 3935 1004 4061 ”iiic
1035 4011 1104 4074 quae,
1130 3996 1152 4075 a
1183 3994 1302 4065 esseae]
1339 3993 1484 4048 romeus

140 4123 145 4132 ,
240 4063 338 4145 duplici
353 4083 367 4117 s
385 4082 412 4117 m
427 4064 546 4118 omnibus
561 4081 660 4144 primae
673 4064 760 4119 classis
774 4063 846 4144 libris
879 4081 941 4118 usus
958 4079 1118 4145 pronominis
1134 4081 1167 4130 es,
1186 4081 1246 4116 nam
1259 4079 1414 4144 verumnon
1431 4071 1485 4129 est,

239 4135 369 4188 scribitur.
420 4137 514 4202 Itaque
539 4150 596 4203 pan
612 4133 668 4186 sere
690 4139 846 4186 auctoritate
881 4132 952 4203 quod
969 4150 997 4186 ιιι
1013 4149 1066 4186 unc
1079 4131 1225 4184 semar
1269 4143 1321 4196 tur,
1339 4133 1389 4184 hes.
1416 4130 1485 4184 Mox

240 4202 287 4255 sim
309 4202 350 4256 liei
385 4218 416 4255 ac
442 4200 539 4272 duplici
573 4222 586 4254 s
616 4200 729 4256 scribere
759 4209 844 4271 potes.
879 4209 967 4255 sutem
1032 4199 1085 4252 'um
1099 4199 1196 4254 donum
1207 4199 1244 4253 mi
1255 4200 1280 4253 le
1293 4199 1424 4252 talamum
1433 4199 1485 4251 im-

238 4270 273 4324 vi
293 4287 309 4323 e
328 4269 460 4325 Schmied.
479 4270 513 4322 sd
529 4268 753 4336 Arriau.1V,27.
878 4269 1004 4324 minuitur
1028 4268 1087 4321 lor.
1100 4267 1291 4335 DFGIPaLI,
1306 4285 1367 4322 cum
1378 4265 1410 4320 0.
1426 4267 1485 4320 sive

274 4341 346 4394 oltra
366 4339 396 4391 H
411 4340 522 4408 despera]
557 4339 702 4407 Hidsspem
719 4337 800 4392 Ber-n.
817 4341 844 4392 A
878 4350 978 4394 cessum
995 4337 1171 4404 substituunt,
1189 4338 1237 4390 sed
1253 4344 1315 4417 post
1331 4341 1395 4402 §.lt
1415 4352 1486 4390 mira

240 4409 311 4464 Flor.
335 4407 385 4461 ΛΕ
421 4447 429 4474 ,
460 4409 602 4476 hydaspem
623 4405 698 4460 Laid.
720 4409 796 4460 Voss.
819 4415 843 4461 1.
877 4407 1023 4462 Ftalests's
1042 4416 1149 4474 cmm,
1167 4406 1263 4476 reliqui
1281 4407 1386 4459 talentis
1403 4405 1484 4458 mille.

239 4478 340 4533 Postea
357 4475 440 4533 maior
457 4493 598 4530 comenses
615 4474 644 4530 in
661 4483 737 4529 term.
755 4491 795 4529 en.
