3270 5290
559 371 610 422 na
633 364 764 422 uusrrs
790 363 899 414 sarx.
925 360 962 428 v,
988 355 1030 404 ar.
1334 327 1409 402 209

178 557 442 657 deprecantium
467 554 595 654 specie,
621 562 790 640 ceterum,
816 546 847 620 si
873 547 1131 644 perseveraret,
1156 533 1322 623 vinctmi,
1349 531 1414 606 cir·

95 685 156 736 '11
177 668 449 742 curnstetissent
501 662 731 740 Nabarzanes
756 657 900 735 interim
924 655 1079 752 elapsus,
1105 673 1192 724 mox
1218 655 1256 723 et
1279 641 1413 718 Bessus

172 787 400 868 consecutus,
426 775 564 874 copias,
591 775 719 872 quibus
745 777 955 871 praeerant,
981 790 1004 837 a
1029 771 1149 836 cetero
1175 756 1337 832 exercitu
1360 779 1414 828 se·

122 887 305 963 recedere
329 888 468 980 iubent,
500 895 678 960 secretum
709 881 830 961 irritari
855 876 1052 952 consilium.
1104 868 1308 946 Artabazus
1334 889 1416 940 con·

116 1062 123 1072 .
177 1000 381 1074 venientem
422 996 602 1097 praesenti
639 997 804 1068 fortunae
845 987 1061 1064 sententiam
1094 1005 1215 1070 orsus,
1252 977 1416 1074 mitigare

176 1109 346 1202 Dareum,
372 1119 575 1207 temporum
600 1103 796 1180 identidem
821 1099 1029 1188 admonens,
1056 1093 1192 1192 coepit:
1223 1091 1334 1163 ferret
1360 1109 1417 1160 aa·

178 1247 250 1318 quo
283 1220 400 1294 animo
433 1219 747 1317 qualiumcunque,
783 1235 930 1287 suorum
964 1218 1104 1298 umen,
1131 1203 1190 1278 vel
1216 1197 1416 1287 stultitiam,

179 1335 239 1406 vel
266 1357 431 1407 errorem.
482 1328 620 1403 Instare
646 1325 895 1400 Alexandrum
929 1344 1094 1420 gravem,
1128 1311 1268 1390 etiamsi
1293 1332 1418 1384 omnes

178 1452 326 1542 praesto
366 1449 499 1516 essent:
539 1438 624 1538 quid
660 1437 837 1526 flaturum,
878 1435 908 1506 si
939 1428 1118 1532 persecuti
1154 1428 1276 1523 fugam
1307 1420 1419 1520 ipsius

124 1574 158 1624 ra
179 1551 406 1628 alienentur?
440 1551 558 1650 Aegre
590 1548 710 1647 paruit
734 1547 937 1635 Artabazo,
968 1553 1007 1618 et
1032 1561 1249 1638 quamquam
1273 1555 1421 1608 movere

179 1674 302 1738 castra
327 1671 514 1751 statuerat,
549 1659 704 1734 turbatis
729 1669 851 1732 tamen
877 1655 1036 1729 omnium
1061 1647 1206 1737 animia,
1233 1644 1361 1719 eodem
1385 1643 1423 1716 in

178 1777 263 1849 loco
277 1773 445 1848 substitit
473 1770 545 1848 Sed
570 1771 744 1846 attonitus
770 1767 951 1842 maestitia
977 1763 1082 1838 sunu
1109 1769 1146 1834 et
1172 1753 1423 1854 desperatione

124 1907 160 1954 14
179 1885 415 1958 tabernaculo
448 1909 486 1958 se
519 1882 671 1958 inclusit.
723 1879 819 1977 Ergo
845 1879 883 1950 in
909 1875 1054 1962 castris,
1090 1857 1180 1966 quae
1213 1865 1344 1940 nullius
1369 1885 1424 1934 re·

177 1997 363 2096 gebantur
387 1995 543 2094 imperia,
557 1993 648 2067 varii
673 1991 875 2065 animorum
900 1993 1020 2058 motus
1047 1988 1160 2066 erant,
1173 2000 1240 2049 nec
1266 1974 1304 2046 in
1330 1995 1424 2044 com·

121 2125 158 2176 15
178 2131 311 2196 mune,
346 2115 387 2178 ut
419 2115 538 2195 antea,
573 2101 835 2178 consulebatur.
899 2094 986 2168 Dux
1019 2087 1238 2168 Graecorum
1272 2083 1426 2158 militum

179 2215 326 2288 Patron
361 2240 456 2288 arma
489 2239 616 2312 capere
651 2237 736 2288 suos
769 2210 887 2298 iubet,
921 2214 1137 2304 paratosque
1164 2223 1243 2274 esse
1269 2196 1317 2270 ad
1343 2217 1425 2268 exe·

120 2345 157 2394 16
178 2323 372 2423 quendum
404 2325 595 2424 imperium.
648 2323 781 2398 Persae
807 2325 1047 2393 secesserant:
1082 2311 1216 2386 Bessus
1252 2331 1334 2382 cum
1359 2303 1427 2377 Ba·

178 2435 334 2510 ctrianis
362 2448 450 2527 erat,
484 2417 754 2534 temptabatque
779 2431 910 2506 Persas
936 2427 1130 2515 abducere,
1156 2420 1288 2495 Bactra
1314 2426 1352 2492 et
1377 2415 1429 2487 in·

175 2557 306 2621 tactae
338 2547 490 2643 regionis
522 2546 707 2644 opulenta,
744 2543 920 2638 simulque
947 2564 1038 2637 quae
1064 2533 1292 2610 manentibus
1318 2529 1428 2602 insta·

174 2667 267 2732 rent
303 2657 475 2754 pericula,
510 2666 705 2730 ostentans.
770 2653 964 2727 Persarum
999 2647 1158 2722 omnirun
1192 2640 1319 2716 eadem
1352 2639 1428 2712 fere

119 2789 154 2835 1⁷
175 2768 252 2842 fuit
286 2793 380 2858 vos,
411 2771 509 2842 nefas
544 2793 622 2842 esse
658 2765 774 2840 deseri
799 2788 931 2860 regem.
984 2758 1083 2832 Inter
1107 2756 1197 2827 haec
1222 2750 1428 2824 Artabazus

176 2877 355 2952 omnibus
386 2879 619 2976 imperatoriis
653 2877 870 2974 fungebatur
896 2870 1039 2944 officiis:
1073 2867 1131 2940 ille
1158 2864 1352 2937 Persarum
1376 2867 1429 2930 ta·

176 3109 277 3148 omnes
310 3092 432 3147 veritatis
463 3103 537 3148 notas
567 3095 684 3148 haberet.
738 3090 792 3145 Sed
862 3093 885 3158 §.
905 3094 945 3142 lt.
980 3101 1058 3156 capre
1070 3083 1175 3154 paruit]
1201 3075 1364 3132 Faciendum
1381 3089 1431 3144 pu·

175 3160 317 3242 originem
334 3163 493 3230 depravatae
510 3163 654 3232 scripturae
667 3178 701 3214 ex
714 3161 792 3214 obso-
826 3157 882 3211 tavi
899 3165 930 3210 ut
947 3153 1109 3225 ingeniosam
1122 3145 1235 3203 Acidalii
1253 3143 1431 3198 coniecturam

176 3229 244 3308 letis
263 3229 418 3282 htterarum
434 3229 554 3284 ductibus
566 3231 594 3284 in
607 3228 793 3284 terminatione
827 3225 880 3281 reci
900 3240 971 3278 erem
987 3240 1037 3304 pro
1054 3238 1096 3286 ao,
1114 3217 1185 3290 quod
1202 3203 1431 3270 instruamus.

176 3315 256 3351 vocas
275 3298 474 3366 dqrreaaariam
491 3306 610 3368 repetere
627 3297 705 3352 malo.
828 3303 856 3348 et
873 3243 936 3348 olim
952 3290 1057 3345 editisl
1093 3289 1153 3350 tur,
1171 3285 1318 3340 alienentur
1331 3299 1349 3334 a
1363 3295 1432 3348 repe.

215 3370 243 3432 5.
274 3372 318 3418 11.
364 3381 424 3417 moa
453 3374 476 3416 et
500 3366 599 3420 Bassus
631 3367 792 3433 consecutus]
828 3365 872 3418 Ea
894 3362 1044 3432 repatuit.
1107 3355 1164 3410 imis
1187 3352 1257 3407 enim
1279 3347 1433 3420 languidum

174 3432 276 3502 Vulgo
286 3442 406 3510 secatus,
424 3433 473 3510 aed¹
481 3442 599 3486 nastrum
607 3434 708 3488 codices
718 3433 794 3487 unica
828 3441 878 3500 est,
896 3429 1015 3502 quamvis
1032 3425 1116 3500 possis
1134 3442 1165 3480 ea
1183 3439 1212 3475 re
1248 3437 1278 3473 ro
1289 3426 1433 3497 prqrterea

175 3509 298 3555 tuentur
312 3503 411 3567 (atram
425 3500 553 3554 scrrbcndi
562 3502 691 3558 rationem
703 3500 795 3556 littera
829 3501 929 3555 dictum
952 3499 1086 3569 accipercj,
1117 3493 1145 3548 id
1189 3439 1247 3544 uod
1270 3485 1373 3542 Gudrus
1399 3483 1434 3536 ad

175 3589 203 3636 c,
223 3569 261 3621 de
281 3585 339 3638 qua
352 3583 435 3646 'nemo
452 3577 570 3622 veterum
587 3569 742 3690 dubitavitp.
829 3569 943 3649 Phaedr.
967 3566 1084 3621 fabulam
1107 3570 1137 3616 11
1165 3561 1183 3613 lr
1203 3557 1225 3613 ri
1243 3572 1255 3610 1
1272 3553 1389 3610 defendit
1406 3569 1433 3622 p.

217 3639 309 3714 §12-
347 3644 448 3688 curtare
466 3636 656 3708 Alexandrum]
683 3639 709 3690 A
728 3638 796 3692 dunt
830 3645 864 3694 24
882 3639 945 3692 edu.
963 3637 1056 3690 Burm.

175 3711 247 3776 post
274 3711 383 3754 uastare
410 3701 511 3756 codices
534 3714 632 3771 tamen,
658 3705 707 3759 nisi
725 3707 796 3778 quod

175 3775 262 3825 Voss.
283 3777 300 3824 2
320 3777 353 3820 et
371 3767 478 3822 Floss
494 3770 536 3824 hia
548 3773 659 3851 ¹quidem
677 3790 711 3826 ex
728 3792 796 3830 corr.
831 3743 951 3862 meliores
969 3805 1040 3858 ime,
1056 3819 1099 3869 ,03
1118 3817 1180 3852 nam
1196 3796 1271 3850 Leia,
1288 3792 1433 3845 otV0ss.1

169 3834 799 3982 traheretur,srrrspmgg
833 3871 1208 4008 turstanus
1224 3859 1358 3984 tras
1371 3857 1435 3978 tt·

883 3747 954 3793 .14.
994 3747 1022 3790 ut
1049 3733 1139 3802 autea]
1184 3727 1344 3797 Discrepant
1373 3719 1434 3775 libri

168 3997 205 4034 ὣ
241 3975 324 4048 quod
359 3988 415 4024 non
437 3970 518 4025 solum
539 3991 617 4029 sensu
639 3995 739 4032 mesum
758 3987 800 4034 est

166 4047 221 4104 aad
241 4049 440 4108 commparas
455 4039 534 4094 esiam
551 4044 676 4098 orationi,
694 4046 788 4118 degan
834 4024 912 4068 autea
930 4017 1046 4064 tuentur.
1081 4004 1196 4074 Reliqua
1218 3999 1297 4055 turba
1314 3996 1371 4050 sine
1387 3995 1436 4046 du·

165 4117 253 4172 tiam.
280 4108 412 4163 Videtur
432 4111 621 4179 epraegffigsig
639 4113 708 4167 male
725 4081 800 4186 repe]
835 4082 879 4136 bio
897 4081 979 4134 habet
995 4087 1063 4132 autc.

165 4185 275 4245 titum?
307 4177 341 4255 53¹
376 4172 534 4257 editionibus
556 4179 664 4248 quidem
686 4183 743 4238 anti
762 4185 801 4239 uis
871 4186 894 4252 §-
923 4189 963 4238 16.
1008 4181 1123 4232 intactae
1158 4170 1275 4241 regionis
1305 4165 1438 4243 opuleqta]

164 4261 240 4308 anie
259 4248 384 4300 Iumum
413 4248 442 4292 ei
462 4241 580 4321 Mofhum
606 4247 743 4303 alterum'
766 4254 802 4307 ud
835 4251 950 4306 Dicendi
968 4265 1051 4320 genus
1069 4241 1163 4299 Curtio
1185 4236 1313 4294 familiare
1334 4240 1439 4288 restitus

164 4332 276 4398 lama
298 4309 382 4384 qu⁰d
416 4311 528 4363 ηθῦθὼῐ
541 4331 729 4392 qumsaorum,
748 4339 802 4376 non
837 4323 958 4392 opulenta
980 4313 1129 4385 recipiendo
1155 4327 1189 4364 ex
1214 4307 1295 4361 Bern.
1317 4310 1346 4356 ct
1367 4300 1439 4354 Flor.

165 4388 298 4455 1²g¹m¹¹
332 4395 375 4448 qu
430 4391 603 4448 mmm
619 4393 693 4442 recle
711 4389 802 4444 exsci-
837 4388 969 4443 codicibus
986 4383 1106 4439 omnibus
1123 4387 1152 4432 et
1168 4377 1244 4431 Leid.
1261 4373 1339 4426 Voss.
1358 4378 1371 4424 1
1391 4384 1440 4439 pro

166 4460 279 4507 matur·
837 4456 909 4527 rulg.
927 4454 1093 4524 opulentiam.
1129 4447 1169 4502 Cs.
1188 4446 1222 4499 ud
1239 4457 1283 4508 111,
1301 4445 1345 4506 20,
1365 4444 1407 4492 12.

1202 4535 1235 4582 14
