3214 5288
639 391 857 444 PRAEFATIO.
1301 392 1369 443 XIII

135 577 329 676 linquenda
368 601 456 650 esse.
509 573 646 650 Verum
684 561 890 651 audendum
924 589 1002 652 erat
1036 589 1074 654 et
1106 589 1208 678 patet
1238 580 1307 652 hae
1332 577 1369 649 in

134 731 190 797 re,
230 704 327 803 quod
352 707 390 780 in
415 705 594 803 plerisque
625 705 718 795 aliis,
758 705 788 776 si
824 705 957 803 aliquid
988 707 1177 798 efficiatur,
1217 706 1368 779 multum

135 835 237 926 effici,
264 845 303 908 et
326 844 510 932 praestare
535 833 594 907 vel
621 858 741 907 errare
767 859 875 931 quam
900 835 987 908 nihil
1013 860 1129 932 agere.
1171 833 1270 908 Haec
1288 834 1370 907 hac-

135 973 260 1054 tenus,
299 987 366 1036 nec
392 960 489 1035 aliud
514 959 677 1036 adiiciam
707 961 776 1034 nisi
807 963 892 1053 hoc,
928 963 1132 1036 absolutum
1164 987 1242 1036 esse
1269 985 1370 1059 opus,

136 1089 236 1189 quod
261 1089 310 1165 ad
335 1115 393 1164 me
419 1087 563 1187 quidem
588 1089 759 1188 pertinet,
795 1099 933 1164 aestate
964 1091 1049 1165 anni
1078 1091 1195 1181 1846,
1230 1088 1370 1184 absolu-

136 1230 285 1317 tumque
310 1217 528 1317 redemptori
553 1216 726 1291 traditum
752 1243 830 1293 esse
862 1219 958 1319 typis
985 1218 1267 1292 describendum.

240 1345 313 1422 Sed
338 1346 383 1420 de
409 1326 568 1420 fontibus
596 1345 853 1420 emendationis
881 1345 1081 1438 Curtianae,
1107 1345 1145 1419 id
1172 1356 1228 1420 est
1248 1345 1294 1419 de
1316 1371 1371 1419 co·

138 1475 275 1550 dicibus
307 1465 392 1548 ‘msa
427 1485 465 1549 et
495 1473 710 1548 editionibus
741 1475 943 1567 veteribus,
984 1500 1075 1572 quae
1107 1500 1212 1549 usum
1237 1475 1373 1548 habent

137 1603 310 1693 criticum,
335 1603 508 1678 hocloco
534 1603 759 1700 peculiariter
784 1593 963 1701 agendum
981 1614 1045 1677 est.
1085 1601 1373 1677 Fundamentum

137 1731 247 1829 igitur
284 1731 499 1804 recensionis
538 1741 683 1805 nostrae
722 1731 867 1804 firenmt
900 1757 1033 1806 novem
1071 1731 1211 1806 codices
1249 1731 1372 1804 biblio·

138 1859 266 1932 thecae
290 1857 551 1934 Laurentianae
576 1859 630 1949 hi,
655 1859 717 1956 qui
741 1859 779 1932 in
806 1861 1068 1934 commentariis
1095 1861 1334 1959 appellantur:

241 1986 334 2063 Fur.
373 1988 419 2062 A.
458 1986 546 2063 Cod.
581 1989 628 2060 35
656 1988 746 2086 plut.
775 1989 824 2060 64
864 2011 956 2060 saec.
997 2011 1038 2060 x1
1078 1988 1244 2062 ineuntis.
1276 1989 1313 2060 in
1350 1991 1373 2059 4

195 2113 380 2212 quadrato.
404 2115 599 2190 membran.
644 2114 772 2213 Incipit
790 2139 822 2200 a,
838 2115 958 2189 verbis
984 2115 1043 2188 lib.
1067 2137 1109 2188 111
1130 2140 1206 2214 cap.
1229 2115 1373 2215 (nostri)

195 2245 243 2316 25
270 2251 302 2332 S.
330 2245 351 2315 6
400 2241 471 2318 Via
491 2243 606 2344 plodio
622 2246 783 2346 sudorum
809 2267 902 2342 opus.

244 2370 412 2446 16611.
440 2368 528 2444 cod.
565 2373 649 2444 391.
703 2371 785 2444 olim
818 2381 1017 2446 conventus
1048 2357 1192 2470 patrum
1218 2369 1375 2445 Domini-

194 2523 366 2572 oanorum
391 2498 501 2597 vulgo
527 2496 613 2572 dicti
639 2495 792 2573 Sanctae
816 2497 951 2573 Mariae
976 2497 1157 2574 Novellae.
1187 2523 1314 2598 ¹nuper
1338 2499 1375 2571 in

194 2626 355 2700 biblioth.
404 2623 682 2706 Laurentianam
732 2629 938 2702 translatus.
992 2651 1084 2701 saec
1116 2649 1193 2700 xlv.
1240 2627 1276 2700 in
1315 2628 1373 2700 fol.

193 2755 389 2828 membran.
415 2754 535 2830 verbis
561 2780 734 2854 perquam
759 2755 1020 2855 compendiosis
1047 2766 1226 2830 exaratus.
1363 2841 1372 2852 .

245 2881 337 2956 Flor.
366 2878 406 2958 C.
434 2879 521 2956 Ood.
550 2885 599 2956 34
624 2884 713 2982 plut.
742 2886 790 2956 64
817 2908 909 2958 saec.
935 2906 989 2956 xv
1014 2885 1051 2957 in
1079 2887 1102 2956 4
1128 2883 1323 2956 membran.

245 3010 337 3086 Hor.
363 3007 413 3084 D.
442 3006 528 3083 cod.
556 3013 605 3084 33
631 3013 718 3110 plut
748 3014 796 3085 64
823 3037 914 3085 saec.
940 3033 993 3083 xv
1018 3011 1056 3083 in
1083 3019 1107 3082 4
1133 3010 1350 3085 chartaceus

245 3137 339 3214 rtur.
365 3136 410 3212 Ε.
438 3135 525 3211 Cod.
554 3141 601 3212 32
629 3140 717 3238 plut.
747 3142 795 3212 64
822 3163 913 3213 seeo.
939 3161 993 3212 xv
1018 3139 1055 3211 in
1082 3141 1105 3212 4
1131 3138 1326 3212 membran.

246 3265 338 3341 Fbr.
363 3265 406 3340 F.
434 3263 521 3340 Cod.
549 3269 596 3340 31
624 3269 712 3366 plut.
742 3269 790 3340 64
817 3291 908 3341 saec.
934 3290 988 3340 xv
1012 3268 1049 3340 in
1076 3270 1100 3339 4
1125 3266 1320 3340 membran.
1419 3281 1421 3286 '

248 3393 341 3468 Hor.
372 3392 415 3470 G.
444 3392 530 3469 Cod.
560 3397 608 3468 30
634 3397 722 3494 plut.
752 3397 800 3467 64
826 3421 917 3470 saec.
944 3417 996 3468 xv
1022 3395 1060 3468 in
1088 3398 1111 3466 4
1136 3397 1332 3470 membran.

247 3520 342 3596 Flos.
368 3521 418 3598 H.
445 3520 532 3596 Cod.
561 3525 608 3597 29
635 3524 723 3622 plut.
753 3525 800 3596 64
827 3548 918 3596 saec.
945 3545 999 3595 xv
1023 3523 1062 3594 in
1088 3525 1111 3596 4
1137 3525 1332 3597 membran.

249 3647 344 3724 For.
374 3648 406 3724 Ι.
447 3647 534 3723 cod.
563 3653 610 3724 28
636 3653 726 3750 plut.
754 3653 802 3723 64
829 3675 920 3725 saec.
946 3672 1000 3724 xv
1024 3651 1062 3723 in
1089 3654 1113 3723 4
1139 3653 1335 3726 membran.

150 3785 188 3850 et
211 3774 284 3851 duo
310 3775 530 3853 Bemensesz

249 3905 365 3980 Bm..
384 3905 430 3979 A.
466 3904 627 3980 biblioth.
661 3907 759 4006 publ.
793 3905 898 4003 Bem3
933 3905 1011 3980 cod.
1045 3904 1089 3980 N.
1123 3908 1196 3980 451
1230 3932 1322 3981 saec.
1355 3931 1382 3980 x

200 4030 363 4127 quadrat.
388 4032 585 4107 membran.

249 4159 357 4234 Bon.
383 4161 430 4234 B.
458 4159 617 4234 eiusdem
642 4160 803 4238 biblioth.
830 4161 908 4236 ood
932 4161 975 4236 N.
994 4165 1067 4236 282
1095 4187 1186 4237 saec.
1203 4186 1257 4236 xv
1274 4188 1382 4237 mem·

201 4285 301 4358 bran.
327 4287 463 4362 formae
489 4313 580 4386 quaa
605 4289 665 4362 fol
690 4289 807 4364 minor
832 4288 970 4363 dicitur.

253 4411 402 4488 Praeter
426 4415 493 4489 hos
518 4440 650 4514 magno
675 4417 780 4491 nobis
805 4418 886 4491 usui
910 4419 1056 4490 fuenmt
1080 4419 1189 4492 tn'um
1212 4419 1384 4493 librorum

23 4587 34 4604 .
151 4563 236 4612 mss.
262 4541 298 4612 in
325 4541 540 4616 bibliotheca
564 4543 781 4618 Academiae
806 4543 1288 4620 Leidensis'asscrvatorum
1314 4543 1384 4615 ool·
