3254 5292
515 408 565 460 na
593 407 718 460 easrrs
745 407 854 460 saux.
887 408 1007 480 1v,ec.
1326 387 1400 458 113

84 591 92 602 '
118 613 135 663 o
256 591 336 666 Hoc
362 591 471 666 modo
497 593 672 667 instructo
704 595 865 667 exercitu
891 619 933 666 ec
958 601 1178 691 perarmate,
1211 588 1449 692 Babylone-id

154 705 274 804 copias
306 704 430 778 movit.
482 704 518 777 A
544 715 647 804 parte
673 703 805 779 dextra
830 716 909 780 erat
934 704 1065 802 Tigris,
1100 700 1230 776 nobilis
1255 702 1400 795 fluvius,

151 819 293 889 laevam
333 816 480 913 tegebat
514 814 736 915 Euphrates,
755 832 902 915 'agmen
936 814 1217 915 Mesopotamiae
1253 838 1399 914 campos

119 927 375 1024 iimpleverat.
436 923 535 1024 Tigri
573 927 704 1003 deinde
739 939 925 1027 superate,
966 952 1049 1001 cum
1083 925 1259 1015 audisset,
1299 923 1399 999 haud

153 1036 279 1136 procul
305 1037 431 1111 abesse
456 1037 614 1130 hostem,
642 1035 859 1138 Satropaten
885 1038 1045 1135 equitum
1070 1036 1290 1135 praefectum
1317 1062 1400 1110 cum

153 1149 249 1221 mille
282 1148 429 1222 delectis
463 1149 656 1246 praemisit.
709 1147 856 1224 Mazaeo
889 1150 1047 1246 praetori
1077 1173 1143 1222 sex
1173 1146 1271 1219 milia
1303 1146 1400 1239 data,

118 1258 283 1356 aquibus
317 1259 460 1333 hostem
493 1261 648 1333 transitu
682 1261 796 1334 amnis
828 1270 983 1334 arceret:
1026 1259 1141 1333 eidem
1174 1256 1398 1350 mandatum,

153 1380 196 1441 ut
220 1370 419 1467 regionem,
455 1395 562 1468 quam
588 1369 797 1444 Alexander
831 1381 927 1445 esset
952 1370 1130 1461 aditurus,
1164 1369 1400 1468 popularetur

154 1490 263 1577 atque
288 1491 424 1572 ureret;
460 1481 592 1580 quippe
618 1480 806 1572 credebat,
832 1481 954 1580 inopia
979 1481 1150 1555 debellari
1176 1503 1284 1578 posse
1308 1480 1400 1553 nihil

152 1591 363 1684 habentem,
389 1591 457 1665 nisi
484 1592 582 1689 quod
607 1592 779 1691 rapiendo
806 1603 1031 1690 occupasset:
1063 1593 1131 1690 ipsi
1157 1601 1279 1664 autem
1305 1615 1401 1664 eom·

121 1712 294 1775 emeatus
321 1703 380 1775 alii
406 1712 513 1793 terra,
540 1704 599 1776 alii
626 1703 724 1802 Tigri
750 1729 853 1778 amne
881 1703 1184 1778 subvehebantur.
1225 1706 1302 1780 Iam
1321 1727 1401 1803 per·

155 1824 305 1886 venerat
338 1811 475 1892 Arbela
506 1813 641 1905 vicum,
675 1815 832 1888 nobilem
867 1839 934 1888 sua
967 1815 1069 1888 clade
1102 1817 1272 1890 facturus.
1331 1813 1401 1885 Hic

155 1933 419 1996 commeatuum
445 1926 735 2024 sarcinarumque
761 1927 896 2000 maiore
921 1935 1025 2022 parte
1052 1925 1234 2023 deposita,
1259 1925 1400 2023 Lycum

155 2059 297 2107 amnem
322 2046 434 2133 ponte
460 2035 592 2126 iunxit,
630 2047 665 2110 et
700 2061 765 2134 per
798 2037 873 2111 dies
900 2035 1072 2132 quinque,
1099 2036 1191 2108 sicut
1218 2045 1302 2108 ante
1328 2033 1400 2106 Eu·

103 2163 138 2213 10
154 2145 318 2242 phraten,
344 2145 485 2219 traiecit
510 2149 717 2220 exercitum.
756 2146 845 2221 Inde
872 2145 1054 2243 octoginta
1078 2146 1153 2218 sere
1179 2144 1297 2219 stadia
1315 2169 1399 2242 pro-

157 2280 318 2352 gressus,
350 2255 575 2330 adulterum
602 2283 762 2350 amnem,
790 2256 978 2358 (Botuuelo
1003 2280 1136 2328 nomen
1162 2253 1244 2354 est)
1280 2265 1401 2328 castra

156 2365 288 2462 posuit.
341 2364 555 2466 Opportuna
581 2369 802 2468 explicandis
836 2368 946 2466 copiis
971 2366 1071 2464 regio
1098 2377 1190 2458 erat,
1228 2367 1400 2464 equitabi-

157 2476 201 2548 lis
237 2486 275 2550 et
305 2489 409 2552 vasta
443 2481 618 2578 planities.
671 2479 726 2553 Ne
761 2480 891 2578 stirpes
924 2476 1068 2575 quidem
1103 2487 1140 2550 et
1173 2478 1299 2551 brevia
1331 2477 1400 2550 vir-

157 2588 259 2686 gulta
285 2590 452 2686 operiunt
478 2592 613 2683 solum,
645 2592 807 2688 liberque
842 2600 1053 2689 prospectus
1080 2590 1266 2662 oculorum
1292 2588 1414 2674 etiam¹

157 2698 205 2771 ad
230 2723 303 2790 ea,·
326 2724 419 2796 quae
444 2702 569 2798 procul
604 2727 800 2792 recessere,
831 2700 1060 2799 permittitur.
1113 2698 1239 2797 Itaque
1272 2699 1402 2795 siqua

158 2809 273 2908 campi
300 2810 516 2902 eminebant,
529 2812 632 2885 iussit
651 2799 805 2909 aequari,
820 2821 1008 2906 totumque
1033 2809 1214 2906 fastigium
1241 2807 1400 2882 extendi.

159 3007 342 3063 conferendus
358 3007 486 3080 imprimis
494 3011 646 3083 Xenophon
662 3011 690 3065 in
709 3011 762 3083 Cy·
796 3009 886 3079 Vulgo
903 3007 1027 3062 scribitur
1047 3007 1073 3060 h.
1091 3006 1109 3059 l.
1125 3007 1255 3060 Bumudo.
1291 3006 1402 3060 Servavi

157 3077 264 3148 ropaed
281 3093 322 3145 vr,
342 3084 366 3145 1,
385 3085 428 3145 29,
447 3097 487 3150 sq.
797 3085 888 3132 autem
904 3076 1100 3147 diphthongum
1117 3093 1151 3128 ou
1168 3074 1229 3128 fidei
1247 3091 1338 3140 causa,
1361 3074 1402 3127 ri-

194 3169 364 3251 capsgga,
372 3173 537 3242 lemme„
545 3172 612 3244 plen·
632 3190 764 3228 „eomes
797 3149 895 3228 dentur
910 3144 981 3198 enim
994 3143 1108 3197 Romani
1124 3143 1263 3215 scriptores
1279 3141 1404 3196 iuGrae·

160 3237 220 3292 libri
233 3247 302 3307 mm,
313 3248 438 3294 utoewra
447 3240 554 3296 nomina
568 3191 691 3310 bugam,
708 3260 762 3296 non
797 3233 834 3270 cis
851 3212 1055 3294 seminibusnita
1071 3211 1201 3278 maluisse,
1216 3210 1334 3284 quumvis
1347 3228 1402 3265 uno

159 3308 331 3377 Satropaten,
359 3309 431 3379 quod
455 3308 484 3362 in
507 3309 586 3363 editis
608 3319 658 3364 est.
696 3311 763 3365 Mox
797 3283 881 3365 ΜΨ
899 3304 917 3336 ²⁴
934 3297 1083 3352 ΕΧΡῙἯΠΘΓΘ
1099 3287 1215 3352 Ρθῧθθῦῒ·

157 3377 252 3429 popm
270 3376 354 3430 adjeci
371 3393 405 3430 ex
418 3376 499 3430 δώ,
513 3378 662 3450 nomque
679 3378 763 3432 omni,
832 3354 996 3406 etmmodeo
1014 3367 1080 3420 quoe
1091 3351 1188 3418 procul
1200 3360 1329 3402 recessere
1337 3365 1404 3418 per·
1455 3413 1458 3418 Ι

157 3449 204 3497 bus
296 3461 329 3499 er
339 3443 412 3499 plor,
422 3445 471 3500 01)
482 3446 614 3501 codicibus
641 3447 763 3502 Modiam
797 3421 920 3501 mittitur]
946 3419 1004 3472 Iam
1022 3435 1100 3471 sanus
1118 3425 1161 3498 est
1176 3416 1259 3484 locus,
1278 3424 1307 3471 et
1324 3433 1403 3496 sanus

209 3452 298 3566 (lm
615 3487 623 3515 ’
797 3507 851 3544 non
874 3505 1029 3558 cmusquam
1051 3494 1227 3553 correctione,
1254 3486 1300 3540 sed
1322 3484 1404 3538 hbro-

157 3527 209 3565 ΘΜ
227 3529 322 3586 mque
339 3513 423 3567 δώ
442 3523 554 3569 ⁸0⁰th
797 3576 857 3612 rum
873 3557 1033 3628 optimorum
1051 3571 1082 3609 ac
1098 3555 1271 3626 plurimorum
1289 3553 1405 3607 auctori-

193 3609 215 3673 s·
235 3613 259 3660 ⁹·
289 3617 446 3677 pererrat
468 3610 580 3689 Arbela]
616 3609 765 3690 Vulgare
798 3635 870 3693 iaie,
903 3625 977 3678 uere.
1004 3627 1079 3678 voss.
1109 3631 1122 3676 1
1155 3623 1226 3677 nor.
1252 3620 1404 3676 Acorea

160 3675 343 3753 Arbela,·sed
359 3685 580 3756 praepositionem
596 3695 686 3731 omnes
703 3678 764 3732 hbn
798 3693 887 3765 Vulgo
904 3709 981 3748 50003
998 3695 1036 3746 ad
1053 3709 1083 3745 ea
1099 3691 1268 3758 omittuntur,
1283 3697 1311 3743 et
1323 3689 1421 3753 miror

160 3747 265 3793 velem
328 3752 413 3798 Omni·
443 3743 596 3799 Delfflffl'ffl
615 3747 691 3800 ⁰0dd·
710 3749 765 3799 Ar·
799 3763 880 3816 etiam
897 3761 926 3814 in
939 3761 1056 3815 BermA
1069 3759 1166 3826 omitti,
1180 3767 1252 3814 certe
1269 3776 1323 3812 non
1341 3775 1405 3812 eno·

161 3809 245 3862 belom
262 3825 294 3861 ve
322 3811 480 3880 Hortalum,
503 3815 550 3868 sed
572 3813 682 3868 Graecis
703 3831 765 3885 per·
799 3830 861 3885 tari,
877 3829 984 3883 Modjug
1002 3827 1115 3898 scriptos
1132 3828 1213 3881 libros
1227 3827 1266 3881 ait
1278 3826 1405 3880 extribus

159 3884 244 3998 petuo
263 3885 305 3931 est
321 3878 358 3930 roi
370 3879 498 4003 {iim
524 3881 592 3936 Mox
609 3885 765 3953 Euphraten
800 3901 838 3953 ad
854 3917 885 3952 ea
903 3929 939 3941 ...
948 3899 1121 3967 perminimi,
1139 3895 1223 3949 edidit
1240 3903 1329 3949 autem
1337 3913 1407 4017 pro·

185 3947 276 3999 em.A
293 3945 365 4001 Flor.
1364 3982 1407 4017 re„
1486 3969 1487 3978 ¹

427 3948 487 4018 EGr
501 3950 582 4020 Wlss⁰
595 3952 765 4021 EuPlffllem·
801 3977 903 4038 spectus
924 3968 1055 4020 oculorum
1078 3967 1156 4018 etiam
1174 3981 1239 4034 quae
1250 3981 1335 4035 procu

194 4034 218 4100 ξ.
242 4038 283 4086 10.
327 4033 452 4088 Boumelo
479 4053 570 4090 nomeu
597 4037 646 4106 est]
690 4036 767 4090 Sicut
801 4053 901 4090 cessere
922 4036 1090 4106 permetitur,
1118 4051 1198 4105 quam
1229 4033 1408 4087 coniecturam

160 4099 231 4169 typis
260 4101 460 4156 describendum
487 4103 590 4170 curavi,
625 4103 664 4157 itu
690 4106 765 4159 codd.
801 4105 825 4158 ei
842 4103 1009 4158 remittimus.
1026 4103 1183 4172 Prospectus
1202 4103 1333 4155 oculorum
1343 4118 1408 4169 per-

179 4166 282 4238 lerique
305 4169 395 4224 etalii
413 4171 540 4239 etFlor.,
559 4173 637 4226 modo
671 4173 766 4227 uodB
801 4175 912 4226 mittitur
937 4170 1161 4239 ποιητικώτερον
1178 4169 1279 4224 dietum
1291 4169 1407 4233 videtur,

160 4185 306 4306 hommem,
326 4238 348 4292 C
366 4240 452 4294 Boum
473 4243 547 4295 ateio.
583 4241 641 4295 Nec
654 4191 767 4295 Aubium
801 4242 847 4294 sed
864 4257 898 4294 ex
915 4239 1048 4312 elegantia
1064 4238 1155 4292 Latini
1172 4238 1308 4292 sermonis.
1327 4237 1428 4290 Silius.

160 4313 216 4371 est,
235 4323 294 4358 cum
312 4306 419 4362 Arrius.
437 4323 486 4376 111,
507 4317 535 4375 t,
560 4315 575 4364 8
599 4307 767 4378 Boipcodoe,
800 4309 861 4363 Ital.
871 4324 916 4377 111,
928 4315 979 4364 534
993 4325 1096 4378 quatuo
1113 4325 1145 4362 ue
1163 4310 1242 4362 datur
1254 4308 1408 4376 permittere

159 4385 202 4439 vr,
222 4381 252 4426 11
272 4373 424 4442 Βουμηλός
446 4385 599 4432 temtantes·
621 4377 718 4432 habeat
738 4378 767 4431 iu
800 4380 871 4431 visus
898 4385 927 4430 et
950 4377 1024 4430 Hirt.
1053 4327 1135 4430 deb.
1162 4375 1231 4429 Gall.
1254 4382 1269 4428 9
1302 4375 1409 4442 turpius

161 4441 235 4494 cedd.
254 4441 344 4508 mstis,
369 4444 433 4515 quin
451 4447 517 4500 haec
534 4446 619 4501 ultera
636 4446 767 4518 scriptura
800 4449 852 4499 teto
863 4448 1024 4515 permittere.
1042 4444 1105 4498 Alia
1121 4443 1182 4498 ride
1200 4443 1271 4514 apud
1289 4441 1407 4494 Gronov.

158 4515 297 4564 auctorum
327 4511 440 4567 duorum
470 4531 598 4571 consensu
629 4531 692 4570 vera
722 4515 766 4570 sit.
799 4513 828 4569 iu
846 4515 924 4570 Obss.
947 4529 987 4584 11,
1016 4529 1038 4567 c.
1065 4519 1094 4568 1³
1114 4531 1140 4583 p.
1159 4519 1224 4566 245:
1247 4509 1314 4563 vidit
1337 4506 1409 4560 enim

1116 4602 1133 4652 8
